2310 2860
219 270 482 314 elaborandis
513 265 814 324 posterioribus
850 262 1204 318 Palaeographiae
1239 260 1417 302 Criticae
1457 264 1646 318 partibus
1677 263 1936 318 cognovisset
1968 263 2165 304 adamas-

218 364 364 407 setque
394 355 454 405 *),
498 347 769 391 utilissimum
812 346 1059 400 scriptorem
1101 359 1124 384 a
1167 343 1300 383 Grotii
1340 341 1437 383 inde
1469 353 1598 384 aetate
1641 345 1728 386 fere
1757 345 1994 400 neglectum
2026 344 2163 398 jacere

218 433 444 475 identidem
493 428 773 484 querebatur,
827 440 967 480 neque
1014 423 1166 465 melius
1206 437 1248 461 se
1295 421 1598 463 validissimam
1639 434 1896 465 senectutem
1940 423 2165 477 otiumque

218 513 411 554 omnium
445 523 589 550 rerum
625 506 992 548 affluentissimum
1024 503 1230 544 collocare
1262 517 1381 557 posse
1412 503 1627 551 censebat,
1672 519 1803 559 quam
1835 506 1868 545 si
1904 504 2165 545 vastissimae

218 591 460 634 eruditionis
493 590 657 644 copias,
701 603 812 642 quae
843 587 920 627 sibi
952 587 1076 627 etiam
1123 594 1213 639 post
1257 593 1315 624 tot
1352 584 1481 625 libros
1512 584 1773 625 doctissimos
1811 585 1940 626 editos
1978 585 2163 639 integrae

216 680 440 720 restarent,
470 668 521 709 ad
554 668 758 708 horreum
792 666 897 706 illud
927 665 1245 719 disciplinarum
1274 664 1571 706 illustrandum
1604 664 1853 706 contulisset.
1913 667 2052 716 Nosti,
2082 665 2163 707 Vir

217 750 521 798 Illustrissime,
552 748 700 788 mentis
730 746 947 799 animique
979 746 1192 800 vigorem,
1224 760 1354 800 quem
1388 760 1486 786 rara
1516 759 1614 786 cum
1642 745 1835 785 felicitate
1866 745 1916 785 ad
1950 756 2164 787 extremos

222 846 356 885 usque
390 830 530 870 aetatis
565 828 764 868 terminos
796 826 989 881 Koppius
1015 826 1265 876 retinuerat,
1296 826 1405 866 nosti
1436 827 1733 877 constantiam,
1780 840 1833 865 ne
1863 825 2000 865 dicam
2037 827 2166 880 perti-

216 912 403 960 naniam,
456 924 539 963 qua
581 907 791 963 quidquid
834 906 946 962 apud
988 907 1177 947 animum
1221 907 1494 947 constituisset
1524 906 1700 960 exsequi
1735 905 1914 955 solebat,
1953 918 2092 957 neque
2122 906 2162 946 in

216 991 294 1031 hac
326 990 503 1031 editione
535 987 721 1043 paranda
753 987 829 1027 sibi
865 986 1014 1026 defuit:
1049 1000 1179 1040 quam
1209 987 1467 1040 simulatque
1506 987 1767 1036 destinasset,
1799 986 1899 1025 huic
1931 985 2165 1039 cogitationi

215 1085 361 1111 omnes
392 1084 488 1110 suas
524 1070 633 1108 vires
664 1066 958 1122 impendebat,
1006 1065 1116 1106 hanc
1147 1065 1214 1105 die
1245 1074 1460 1119 noctuque
1495 1080 1640 1105 seeum
1674 1065 1915 1114 volutabat,
1953 1063 2164 1120 quidquid

216 1159 374 1204 ageret,
414 1148 465 1189 ad
496 1147 755 1188 Martianum
789 1159 917 1186 suum
958 1144 1189 1195 referebat,
1237 1145 1412 1185 schedas
1455 1160 1551 1185 suas
1590 1145 1654 1186 vel
1693 1161 1866 1200 peregre
1897 1143 2166 1201 proficiscens

214 1244 359 1271 secum
401 1228 613 1284 portabat3
675 1225 778 1281 quid
820 1225 983 1266 multa?
1034 1225 1138 1267 adeo
1177 1226 1435 1281 significabat
1472 1227 1575 1267 nihil
1619 1228 1695 1267 sibi
1737 1227 1869 1282 magis
1913 1225 2031 1267 cordi
2064 1240 2166 1276 esse,

216 1321 261 1352 ut
302 1310 488 1366 profecto
534 1308 753 1364 piaculum
794 1307 1052 1348 commisisse
1097 1307 1363 1358 videremur,
1407 1308 1441 1347 si
1482 1308 1549 1348 vel
1590 1308 1661 1348 Tu
1700 1317 1888 1357 sumtus,
1949 1321 2057 1360 quos
2094 1305 2165 1344 ille

213 1392 507 1433 liberalissime
532 1398 800 1445 erogaverat,
830 1403 1043 1444 negasses,
1076 1390 1142 1430 vel
1170 1404 1245 1444 ego
1269 1403 1445 1444 operam
1475 1403 1640 1438 meam,
1672 1401 1802 1440 quam
1833 1387 1933 1426 vivo
1958 1385 2166 1440 pollicitus

214 1486 354 1521 eram,
399 1479 569 1510 mortuo
607 1469 853 1509 continuare
891 1468 1199 1508 detrectassem.
1260 1470 1541 1522 Quamquam
1572 1468 1694 1519 longe
1732 1467 1900 1505 diversa
1938 1465 2164 1519 utriusque-

212 1552 404 1592 nostrum
445 1563 571 1590 causa
618 1556 697 1587 est:
727 1545 937 1599 siquidem
980 1546 1052 1585 Tu
1091 1547 1206 1585 omni
1246 1546 1406 1599 pietatis
1454 1545 1592 1585 officio
1643 1544 1860 1584 cumulate
1912 1544 2165 1595 satisfecisti,

215 1646 289 1686 ego
320 1628 435 1670 haud
465 1629 548 1668 seio
593 1642 643 1666 an
674 1640 725 1666 ne
757 1624 862 1664 illud
894 1624 1068 1678 quidem
1101 1625 1196 1664 satis
1228 1626 1527 1679 praestiterim,
1568 1625 1683 1679 quod
1717 1628 1815 1665 vivo
1846 1625 2015 1680 Koppio
2046 1640 2165 1666 rece-

215 1725 386 1767 peram,
431 1708 591 1748 nedum
625 1705 813 1749 defuncti
852 1705 894 1744 in
929 1705 1070 1744 locum
1113 1705 1263 1759 dignus
1293 1714 1406 1745 tanto
1449 1706 1619 1744 nomine
1652 1705 1834 1746 vicarius
1865 1706 2163 1759 successerim3

215 1800 514 1834 verumtamen
547 1789 647 1843 quia
680 1798 719 1829 et
744 1788 816 1828 Tu
848 1787 1040 1836 volebas,
1092 1795 1130 1825 et
1161 1786 1274 1840 ipsae
1304 1785 1442 1841 operis
1472 1784 1624 1838 incepti
1658 1785 1837 1826 rationes
1867 1784 1924 1824 sic
1961 1784 2167 1836 ferebant,

214 1888 291 1913 nec
328 1886 396 1912 me
439 1877 658 1911 recusante
699 1867 895 1909 videbam
935 1867 1008 1920 qui
1049 1874 1212 1906 tantum
1250 1865 1443 1906 laborem
1486 1865 1648 1919 imponi
1686 1864 1762 1904 sibi
1804 1872 2038 1919 pateretur,
2082 1862 2162 1904 feci

215 1953 331 2010 quod
371 1951 508 2008 potui,
557 1950 741 2004 satisque
779 1949 918 1989 habeo
951 1947 1057 1988 illud
1103 1961 1173 1988 me
1211 1947 1416 1998 effecisse,
1469 1956 1514 1987 ut
1552 1946 1723 2000 qualem
1756 1946 1949 2001 Koppius
1981 1945 2165 1987 voluerit

215 2043 324 2076 totus
347 2041 386 2073 et
407 2032 565 2086 integer
586 2030 821 2070 Martianus
855 2038 944 2084 post
969 2028 1064 2084 plus
1095 2041 1225 2082 quam
1258 2028 1539 2068 ducentorum
1566 2041 1778 2067 annorum
1805 2026 2160 2082 intercapedinem

217 2128 315 2155 cum
357 2120 565 2168 apparatu
609 2111 748 2151 critico
793 2119 832 2150 et
869 2110 1079 2164 exegetico
1117 2110 1235 2166 quali
1274 2122 1499 2164 nunquam
1540 2117 1659 2149 antea
1700 2108 1742 2147 in
1779 2107 1919 2147 lucem
1964 2106 2163 2162 prodeat;

215 2195 313 2236 libri
350 2194 480 2249 ipsius
516 2207 661 2233 causas
701 2201 863 2232 tantum
906 2206 1117 2247 exponere
1159 2205 1304 2233 meum
1348 2199 1454 2239 erat,
1501 2188 1780 2244 patrocinium
1823 2186 1910 2227 aliis
1944 2186 2162 2241 relinquo,

217 2277 311 2318 licet
339 2274 509 2316 rationis
540 2273 778 2314 reddendae
808 2274 995 2315 officium
1031 2289 1107 2315 nec
1138 2274 1293 2330 Koppii
1326 2287 1403 2312 nec
1429 2285 1568 2311 meam
1600 2270 1735 2311 vicem
1765 2282 1963 2308 recusare
1993 2267 2161 2322 possim.

218 2357 330 2398 Nam
371 2354 572 2410 quoniam
613 2353 666 2393 de
701 2368 769 2394 me
811 2368 986 2408 quoque
1023 2353 1251 2394 dicendum
1292 2367 1379 2393 esse
1419 2350 1565 2402 video,
1611 2350 1744 2391 debeo
1790 2348 1871 2389 hoc
1914 2363 1994 2388 non
2036 2345 2161 2387 modo

220 2437 340 2485 Tibi,
392 2434 512 2487 cujus
555 2432 775 2487 singularis
815 2433 970 2474 fiducia
1006 2443 1099 2489 post
1139 2434 1250 2474 illius
1289 2433 1450 2474 obitum
1492 2446 1663 2474 omnem
1705 2430 1815 2472 hanc
1854 2444 2000 2471 curam
2043 2443 2166 2470 meae

317 2553 351 2593 Τ)
376 2555 480 2597 Ipsius
501 2554 656 2596 judicium
683 2558 785 2586 exstat
812 2553 844 2584 iu
870 2554 1027 2598 palaeogr.
1053 2551 1092 2586 Τ.
1119 2551 1185 2594 ΠΙ,
1217 2565 1248 2597 p.
1272 2552 1356 2585 2⁷2.
