2310 2860
98 374 185 415 <595

215 125 303 168 360

792 124 992 166 Martiani
1031 124 1230 182 Capellae
1265 123 1336 163 lib.
1367 123 1443 165 VI.
1481 126 1512 176 §.
1537 125 1640 166 695.

987 281 1080 328 [DE
1125 281 1395 330 PERSIDE]

389 374 467 415 Hie
509 375 699 416 Persicus
745 375 866 415 limes
911 374 1076 428 Scythis
1120 374 1331 429 jungitur3
1379 373 1453 414 sed
1507 374 1703 429 Scythico
1742 388 1899 415 oceano
1940 385 1980 416 et
2017 377 2167 432 Caspio

219 455 347 505 inari,
393 470 478 509 qua
510 471 718 497 oceanum
750 457 891 497 Eoum
933 470 1081 496 cursus
1113 465 1193 504 est,

218 548 303 589 que
356 535 478 590 longa
526 535 704 577 desertio
715 553 726 587 ;

1234 455 1474 510 profundae
1509 456 1551 496 in
1597 456 1770 497 exordio
1810 457 1950 506 nives,
1993 457 2169 498 dehine-

793 546 884 592 post
938 550 1069 590 quam
1109 536 1461 591 Anthropophagi
1502 551 1708 577 excursus
1753 538 1887 578 invios
1925 536 2172 588 reddidere,

217 624 309 668 post
341 629 447 669 quos
474 617 618 666 Seres,
652 618 725 670 qui
758 617 881 657 undis
914 617 1171 672 adspergunt
1204 617 1376 657 arbores
1407 632 1529 667 suas,
1560 627 1608 657 ut
1637 618 1814 672 lanugo,
1847 633 1957 672 quae
1988 618 2172 658 sericum

217 703 351 744 creat,
384 695 508 749 possit
543 695 716 736 admitti.

217 775 427 814 mercium
465 775 553 814 sine
595 776 806 830 colloquio
846 778 1030 832 gaudent
1070 778 1248 833 implere
1290 786 1569 817 contractum.

774 697 829 737 Hi
852 697 1033 738 aliarum
1066 698 1253 752 gentium
1286 696 1481 736 homines
1513 707 1812 751 aspernantur,
1844 707 1883 737 et
1917 697 2173 753 appositione

1634 778 1745 818 Hine
1779 779 2002 818 Attacorus
2042 777 2171 830 sinus,

217 854 508 909 Hyperboreis
540 856 733 897 beatitate
762 857 1010 909 consimilis,
1043 873 1130 913 quo
1166 858 1327 899 incolae
1358 858 1645 914 gratulantur,
1678 858 1753 913 qui
1784 858 1963 899 circuitu
1995 856 2175 899 vallium

219 950 345 977 auras
380 938 570 979 nesciunt
601 940 847 994 pestilentes.

294 1045 444 1077 Persicus
463 1046 564 1092 limes]
592 1048 645 1080 Ex
668 1048 782 1080 Soliuo
805 1050 882 1092 (49,
910 1050 956 1093 6).
987 1050 1171 1094 Inscriptio—

220 1117 291 1136 nem
318 1107 355 1137 cle
381 1108 514 1138 Perside
539 1109 648 1152 inepto
672 1110 744 1141 loco
771 1111 990 1154 interpositam
1014 1112 1102 1143 uncis
1127 1112 1173 1142 in-

220 1167 300 1198 clusi
324 1173 359 1197 ut
383 1180 477 1211 supra
503 1168 543 1211 (ᾗ.
562 1170 648 1212 691)
675 1172 712 1201 de
735 1172 881 1213 Assyria.

294 1230 441 1272 Scythico
461 1231 591 1278 oceano]
619 1233 670 1264 Ex
693 1234 800 1265 Plinio
821 1235 868 1278 (G,
895 1237 951 1276 17,
978 1236 1038 1278 20)
1063 1241 1094 1266 ct
1112 1234 1172 1267 So-

219 1293 284 1325 liuo
311 1294 395 1336 (50).

296 1355 426 1399 Ianuqo]
446 1355 634 1387 Ammianus
644 1357 850 1389 Marcellinus
869 1359 946 1401 (25,
964 1359 1015 1398 6):
1031 1357 1172 1389 »Abinde

224 1418 320 1448 silvae
342 1419 542 1457 sublucidae,
570 1432 586 1450 a
610 1421 725 1463 quibus
748 1421 894 1452 arborum
913 1422 994 1452 setus
1015 1434 1174 1468 aqum-um

222 1481 443 1523 asperginibus
462 1482 581 1512 crebris
603 1482 690 1512 velut
713 1483 867 1525 quaedam
885 1484 1001 1514 vellera
1028 1484 1172 1515 mollien-

222 1547 271 1572 tes
297 1554 335 1571 ex
358 1543 510 1585 Ianuqine
538 1549 569 1573 ct
591 1543 715 1585 liquore
740 1544 865 1574 mistam
896 1545 1101 1576 subtilitatem
1129 1552 1172 1577 te-

222 1605 391 1636 nerrimam
420 1612 551 1648 pectunt
586 1612 762 1649 nentesque
794 1608 971 1638 subtemina
1003 1609 1174 1639 conficiunt

223 1667 388 1698 sea-ictum«
418 1665 513 1697 Adde
537 1667 738 1697 Herodotum
763 1669 820 1710 (5,
852 1670 956 1711 108),
982 1669 1174 1700 Strabonem

223 1728 301 1771 (15,
332 1728 458 1770 [1694.
494 1729 564 1759 715
591 1728 758 1771 casaub),
784 1730 901 1760 Melam
925 1732 977 1772 (5,
1006 1732 1045 1770 75
1073 1744 1103 1774 p.
1128 1733 1173 1762 58

223 1788 349 1830 Voss),
370 1788 569 1819 Clementem
583 1788 835 1820 Alexandrinum
851 1791 995 1833 (paedag.
1005 1792 1040 1830 2,
1061 1793 1174 1835 p.200

224 1849 344 1893 S)·lb.),
368 1857 543 1894 poetasque
566 1852 735 1893 Virgilium
758 1855 876 1896 (georg.
895 1855 934 1893 2,
963 1855 1064 1896 t2t)=

279 1914 492 1960 »Velleraque
518 1921 553 1946 ut
570 1915 657 1957 foliis
684 1916 849 1958 depectant
871 1919 981 1948 tenuia
1002 1918 1118 1950 Seres«

226 1981 257 2006 et
279 1975 490 2008 Claudianum
517 1979 617 2021 (cons.
640 1979 736 2009 Proh.
755 1986 787 2010 et
808 1980 934 2023 Olybrii
955 1981 1054 2018 Um:

276 2057 322 2061 --
349 2041 453 2085 »quod
473 2042 559 2071 molli
584 2042 715 2073 tondent
742 2043 779 2073 de
805 2046 910 2086 stipite
933 2044 1048 2084 Seres,

280 2100 449 2131 »Fromlen
474 2102 638 2145 lanigerae
662 2110 828 2145 carpentes
857 2107 973 2136 vellera
994 2107 1111 2137 silvae«

226 2162 368 2205 aliosque
395 2163 538 2204 ejusdem
570 2165 659 2196 locos
688 2166 734 2209 (in
767 2167 900 2211 Eutrop.
928 2170 966 2208 1,
1003 2170 1094 2209 ⁶221),
1127 2169 1177 2200 111

225 2237 314 2259 cons.
339 2226 464 2258 Honor.
490 2227 600 2270 extr),
635 2241 717 2271 quae
751 2229 887 2275 denique
912 2244 1007 2276 supra
1028 2231 1176 2276 (§.114)

225 2287 264 2318 de
289 2289 380 2329 bysso
406 2294 554 2319 annotata
578 2295 661 2321 sunt.

300 2350 508 2396 appositione]
537 2352 584 2383 lta
603 2354 741 2393 correxi,
764 2356 991 2400 emendarique
1015 2357 1109 2388 etiam
1130 2357 1176 2388 in-

227 2415 490 2457 terpunctionem.
522 2412 569 2447 In‘
585 2416 677 2447 editis
703 2417 786 2448 enim
812 2419 902 2450 loeus
928 2420 972 2451 sie
997 2421 1176 2462 legebatur:

234 2474 296 2505 assi
324 2475 453 2506 aliarum
483 2476 623 2517 gentium
647 2478 791 2509 homines
815 2488 1040 2523 aspernantur,
1068 2488 1100 2514 et
1123 2495 1176 2525 up-

226 2539 413 2578 posicionem
428 2539 588 2572 mercium.
609 2539 689 2573 Sine
710 2541 870 2586 colloquio
894 2543 1033 2585 gandent
1048 2545 1180 2590 implere

1225 1054 1447 1080 contractuum
1492 1049 1586 1091 Quae
1614 1060 1708 1091 quam
1731 1048 1809 1079 falsa
1834 1048 1896 1078 sint
1918 1046 2039 1078 videbis
2058 1046 2085 1076 si
2107 1045 2173 1076 fon·

1225 1117 1273 1142 tes
1310 1113 1393 1143 unde
1419 1117 1529 1142 noster
1552 1112 1658 1142 hausit
1687 1110 1918 1154 comparaveris
1941 1109 2063 1153 (Solin.
2084 1109 2130 1140 50
2155 1108 2176 1138 s.

1224 1173 1341 1203 Melam
1365 1174 1405 1210 5,
1433 1174 1462 1203 7.
1495 1172 1580 1205 Ptin.
1608 1173 1648 1211 6,
1678 1172 1743 1210 22,
1772 1172 1832 1204 24.
1862 1170 2021 1201 Ammian.
2043 1170 2108 1209 25,
2135 1169 2175 1204 63

1224 1248 1253 1279 p.
1273 1236 1345 1266 415
1370 1235 1470 1266 Gron.
1497 1234 1649 1277 Appulej.
1677 1235 1709 1264 in
1729 1235 1796 1265 ssor.
1818 1247 1845 1277 p.
1865 1235 1908 1264 21
1931 1233 2039 1275 Qud.)-

1299 1299 1474 1329 Attaeorus
1492 1296 1595 1340 sinus]
1624 1297 1708 1328 Vide
1730 1297 1880 1327 Plinium.
1896 1296 2058 1327 Gnor.-—-
2084 1295 2177 1326 Aua-

1225 1370 1338 1390 cemtm
1365 1358 1493 1388 omnino
1519 1358 1652 1389 Solinus
1679 1357 1820 1400 scripsit,
1845 1357 1901 1400 qui
1926 1357 2031 1387 sinum
2049 1356 2179 1387 Aetace·

1225 1432 1302 1450 num
1329 1420 1367 1450 ab
1397 1421 1524 1450 Attacis
1554 1418 1682 1462 populis
1713 1418 1835 1462 putavit
1863 1418 1998 1458 dietum,
2025 1423 2061 1448 ut
2082 1418 2179 1449 Asta·

1226 1492 1324 1513 cemes
1360 1481 1448 1512 siuns
1480 1481 1512 1511 in
1543 1480 1649 1512 Ponto
1681 1480 1766 1523 apud
1801 1480 1943 1511 Plinium
1975 1479 2014 1511 ab
2043 1479 2177 1512 Astaca.

1225 1545 1419 1583 Martianus,
1451 1544 1505 1586 qui
1531 1544 1636 1575 Solini
1662 1544 1772 1575 simius
1801 1550 1865 1584 cst,
1897 1550 1931 1575 ut
1953 1543 2022 1586 ipse
2046 1542 2179 1575 Solinus

1224 1608 1340 1644 Plinii,
1367 1608 1436 1638 lzeic
1461 1620 1531 1638 enm
1556 1607 1714 1650 sequitur:
1738 1608 1842 1639 »lline
1865 1608 2044 1639 Astacenus
2066 1605 2173 1636 sinus«

1228 1674 1289 1700 cet.
1316 1669 1363 1699 Ita
1388 1668 1589 1699 scribendum
1610 1680 1627 1699 e
1652 1668 1751 1699 veteri
1774 1669 1872 1708 libro,
1899 1668 1952 1711 qui
1971 1668 2066 1698 habet
2081 1667 2180 1698 Adte-

1225 1744 1345 1776 θρῖπας,-
1373 1743 1443 1762 nam
1466 1731 1496 1762 in
1521 1731 1657 1772 vulgatis
1681 1731 1816 1763 habetur
1837 1732 2023 1763 Attae-orus.
2041 1729 2181 1761 Pliniani

1225 1802 1330 1827 tamen
1351 1795 1423 1826 libri
1445 1796 1575 1825 liabent:
1597 1795 1741 1838 »Clu-yse
1765 1795 1865 1835 sinus,
1886 1795 2033 1838 Cyl-naba
2050 1794 2180 1832 flumen,

2116 1856 2181 1889 Ve-

1226 1932 1299 1952 reor
1329 1932 1369 1951 ne
1399 1920 1449 1950 liic
1480 1932 1566 1950 more
1602 1932 1660 1951 sno
1690 1920 1903 1951 hallucinatus
1931 1919 1972 1950 sit
1996 1919 2129 1951 Solinus
2150 1922 2182 1948 et

1225 1857 1363 1891 Atianos
1390 1858 1478 1889 sinus
1504 1864 1536 1889 et
1561 1870 1639 1899 gens
1665 1859 1828 1889 hominum
1854 1859 2072 1890 Attacorum-⁰

1226 1985 1419 2016 Attacorum
1449 1984 1487 2013 ab
1522 1982 1648 2014 Ananis
1688 1983 1815 2026 popmlis
1850 1984 2018 2014 formatum
2046 1980 2180 2025 putarit,

1228 2053 1322 2090 atque
1348 2047 1421 2077 inde
1450 2047 1517 2090 ipse
1544 2046 1739 2077 Attaccnum
1763 2047 1866 2078 sinum
1892 2045 2040 2077 formarit.
2079 2042 2181 2085 Atqui

1228 2110 1385 2152 genitivus
1417 2109 1470 2140 ille
1501 2111 1691 2142 Attacorum
1723 2110 1762 2140 ab
1795 2111 1969 2141 Aetam-ae
2000 2106 2179 2145 deseendit,

1228 2183 1292 2202 non
1326 2183 1343 2201 a
1371 2177 1458 2201 recto
1491 2172 1620 2208 Attnei,
1653 2172 1690 2204 01]
1722 2165 1954 2214 Ἀττακόριιι,
1991 2169 2087 2211 idque
2113 2168 2182 2211 ipse

1228 2237 1363 2263 testatur
1381 2231 1505 2262 Plinius
1522 2232 1643 2262 statim:
1667 2231 1723 2261 »ab
1741 2230 1905 2261 Attacoris
1924 2235 2036 2271 gentes
2048 2228 2174 2260 Thuris

1228 2296 1315 2336 Ergo
1333 2295 1456 2326 Graece
1479 2300 1552 2325 sunt
1570 2289 1804 2338 Ἀττακόραι,
1825 2305 1890 2324 non
1904 2289 2082 2327 Ἀττάκοι.
2099 2290 2181 2323 SAL·

1228 2370 1301 2390 nus.
1327 2358 1384 2401 (ad
1409 2357 1512 2389 Solin.
1542 2370 1574 2400 p.
1598 2357 1757 2399 989).—
1791 2356 1978 2388 Lectionem
2001 2356 2181 2386 Attacenus

1230 2419 1364 2452 Grotius
1382 2430 1510 2461 qnoque
1529 2418 1651 2448 notavit
1668 2417 1701 2448 in
1718 2417 1876 2458 margine,
1902 2417 2060 2458 corrigere
2077 2421 2182 2447 tamen

1229 2480 1335 2520 nolui,
1368 2479 1442 2523 quia
1477 2478 1577 2522 ipsius
1602 2478 1750 2510 Martiani
1778 2490 1866 2510 error
1893 2490 1964 2510 esse
1993 2477 2118 2509 videtur
2143 2487 2184 2507 ex

1229 2543 1330 2577 Plinii
1362 2542 1466 2575 vex-his
1497 2541 1579 2574 male
1606 2541 1777 2574 intellectis
1803 2541 1911 2574 Setini
1935 2540 2040 2573 verbis
2065 2539 2181 2571 illutus.
