2310 2860
767 164 966 207 Martiani
998 163 1196 220 Capellae
1226 164 1296 205 lib.
1326 164 1379 205 V.
1411 166 1442 215 ᾗ.
1467 163 1570 204 447.
2061 166 2154 207 405

193 274 363 316 tertium
415 288 545 330 genus
592 274 684 329 ejus
724 283 784 315 est
826 274 901 328 qui
940 272 1037 314 facti
1074 272 1338 313 honestatem
1380 271 1449 313 vel
1495 271 1806 327 turpitudinem
1853 272 1988 313 libera
2030 272 2152 312 aesti-

191 358 376 399 matione
412 356 655 414 perpendit3
713 356 829 397 hunc
872 356 1185 397 aestimatorem
1222 354 1418 395 convenit
1456 353 1681 394 nominari.
1746 353 1862 394 Haec
1899 353 2025 409 igitur
2054 361 2152 393 sunt

191 439 271 480 tria
313 453 541 480 causarum
583 453 759 494 genera,
805 452 917 493 quae
948 437 1177 493 hypothesi
1207 436 1498 485 continentur,
1550 434 1594 475 id
1631 443 1691 474 est
1731 434 1949 488 judiciale,
1988 433 2151 474 delibe-

191 521 395 572 rativum,
430 531 469 561 et
498 519 896 561 demonstrativum.
954 518 1036 558 Sed
1069 531 1207 571 quum
1238 530 1386 557 omnes
1410 515 1726 571 praedictarum
1752 531 1900 557 rerum
1936 515 2148 556 auditores

193 601 398 644 dubitatio
422 604 488 644 sui
512 603 695 644 deducat
716 601 856 652 officii,
888 599 1185 655 quaerendum
1213 597 1441 638 discrimen
1466 606 1527 638 est
1550 606 1590 638 et
1613 598 1846 652 proprietas
1870 597 2151 652 singulorum.

191 684 306 726 Nam
337 695 377 726 et
405 686 557 740 judex,
596 686 717 740 cujus
748 683 938 724 officium
970 690 1031 722 est
1062 679 1269 720 damnare
1302 692 1429 719 reum
1461 677 1529 719 vel
1566 678 1805 730 absolvere,
1844 679 2148 734 possessionem

191 764 295 805 dare
332 765 401 806 vel
441 765 630 816 auferre,
677 767 932 820 priusquam
975 759 1220 817 cognoverit
1261 774 1461 812 causam,
1512 760 1676 801 dubitat
1716 775 1804 816 quo
1849 760 1977 801 modo
2008 770 2152 802 utatur

192 843 354 896 offici03
405 855 445 886 et
477 846 551 900 qui
592 845 821 894 deliberat,
868 843 1070 897 ambigua
1117 841 1268 882 mentis
1314 842 1511 898 opinione
1556 843 1773 895 differtum
1824 853 1863 884 et
1900 843 2152 885 laudationis

194 926 374 976 arbiter,
406 942 459 966 an
490 927 567 967 rite
599 926 694 981 quis
724 924 941 974 laudetur,
973 923 1209 964 aestimanti
1240 923 1592 978 contemplatione
1621 923 1844 979 dispensat.
1906 923 1989 964 Sed
2014 938 2154 978 quum

192 1007 234 1047 in
260 1008 481 1049 diversum
514 1008 619 1048 haec
653 1006 942 1048 distrahantur
968 1004 1129 1055 officia,
1160 1013 1252 1044 tum
1293 1004 1400 1044 illud
1432 1004 1621 1045 maxime
1651 1004 1880 1045 discrimen
1911 1005 2156 1054 attenditur,

192 1088 564 1144 quemadmodum
596 1088 860 1143 temporibus
891 1087 1124 1128 variantur.
1186 1088 1298 1128 Nam
1325 1087 1572 1129 deliberatio
1598 1088 1733 1129 futuri
1758 1097 1924 1129 tantum
1953 1086 2156 1142 temporis

190 1171 374 1211 continet
407 1170 722 1225 quaestionem,
755 1178 800 1209 ut
831 1169 863 1208 si
893 1168 1098 1209 deliberet
1122 1167 1245 1219 Cato,
1275 1183 1327 1208 an
1359 1182 1402 1207 se
1433 1167 1603 1217 debeat,
1635 1183 1688 1208 ne
1719 1168 1925 1208 victorem
1959 1166 2159 1222 adspiciat

190 1249 439 1300 Caesarem,
473 1249 698 1290 trucidare.
744 1250 798 1290 At
828 1265 931 1290 vero
961 1248 1159 1304 judiciale
1190 1264 1322 1304 genus
1353 1258 1439 1289 tam
1472 1249 1686 1304 praeteriti
1717 1264 1852 1305 quam
1887 1249 2021 1290 futuri
2051 1262 2159 1288 non—

190 1323 418 1386 nunquam
457 1332 660 1386 temporis
697 1331 934 1383 invenitur,
983 1331 1059 1371 sed
1095 1331 1139 1371 in
1179 1331 1404 1386 praeterito
1443 1339 1610 1371 tantum
1648 1330 1702 1371 de
1742 1330 1852 1372 facto
1892 1331 2152 1384 conjectura,

193 1429 243 1454 ex
277 1414 423 1454 futuro
455 1412 634 1466 qualitas
669 1412 916 1468 frequenter
947 1413 1200 1463 innascitur,
1232 1421 1279 1452 ut
1307 1426 1385 1452 suo
1415 1412 1508 1452 loco
1539 1412 1750 1467 promtius
1779 1421 2001 1452 asseretur.
2040 1411 2158 1450 Lau-

192 1547 231 1578 de
252 1546 447 1590 praeteritis,
473 1552 507 1576 ut
525 1546 645 1586 judex,
670 1551 724 1577 aut
742 1547 780 1577 de
802 1546 936 1586 futuris,
960 1552 995 1577 ut
1014 1551 1153 1578 senatus.

192 1608 248 1641 Sic
268 1608 328 1639 tria
354 1613 431 1639 sunt
457 1619 593 1649 genera,
615 1607 746 1648 judicii,
774 1607 1031 1648 deliberationis,
1062 1619 1154 1638 exor-

191 1671 342 1711 nationis,
364 1682 446 1714 quae
462 1670 536 1713 quia
550 1669 584 1700 in
601 1669 803 1701 laudationes
826 1670 963 1701 maxime
980 1669 1153 1709 confertur,

192 1733 353 1777 proprium
376 1733 473 1764 habet
489 1732 556 1773 jam
581 1745 621 1764 ex
646 1744 684 1763 eo
709 1726 855 1763 nomem«

265 1797 331 1827 tria
358 1807 531 1826 causarum
560 1792 702 1838 ⁴qenera]
729 1794 858 1824 Primus
888 1794 1003 1824 horum
1031 1797 1154 1833 auctor,

195 1864 228 1890 ut
252 1859 394 1900 videtur,
428 1858 624 1890 Aristoteles
654 1858 714 1889 suit
746 1859 885 1902 (rhetor.
914 1858 951 1897 1,
982 1858 1004 1888 5
1034 1862 1067 1887 et
1093 1856 1154 1899 4),

195 1921 295 1952 secuti
319 1925 395 1951 sunt
421 1920 537 1951 Cicero
559 1925 592 1950 ct
613 1920 742 1963 plurimi
763 1919 833 1958 alii,
861 1931 941 1961 qnae
966 1918 1022 1960 qui
1046 1918 1154 1949 desen-

196 1982 293 2022 dunt,
325 1981 429 2024 inquit
448 1980 687 2023 Quinctilianus
712 1981 766 2023 (5,
790 1981 831 2020 4,
860 1979 907 2022 G),
937 1979 1015 2010 »tria
1035 1979 1155 2010 faciunt

195 2058 312 2088 genera
354 2046 555 2076 auditorum.-
586 2056 685 2075 unum
720 2044 807 2086 qnod
840 2043 879 2074 ad
914 2044 1155 2074 delectationem

195 2107 379 2147 conveniat,
409 2106 543 2137 alterum
560 2106 647 2149 quod
666 2107 834 2137 consilium
851 2105 999 2149 accipiat,
1025 2104 1155 2136 tertium

196 2171 283 2215 quod
305 2171 344 2202 de
370 2172 477 2203 causis
503 2170 655 2212 judicet.«
697 2169 850 2202 Ceterum
882 2181 949 2201 non
980 2169 1074 2201 video
1098 2180 1156 2201 cur

198 2234 331 2267 Grotius
360 2234 512 2266 feminino
544 2246 660 2276 genere
686 2233 852 2277 scripserit
868 2234 1054 2278 judicialis,
1077 2234 1154 2264 deli-

198 2298 364 2335 berativa,
393 2298 664 2337 ‹lemonslralz'11a5
695 2297 845 2340 equidem
873 2308 914 2328 ex
941 2297 1155 2329 anterioribus

200 2364 346 2392 neutrum
376 2359 521 2402 reposui,
557 2365 593 2390 ut
619 2365 670 2391 est
695 2359 781 2403 apud
806 2359 998 2392 Ciceronem
1028 2360 1084 2404 (de
1108 2359 1156 2390 in-

200 2426 285 2452 vent.
305 2421 341 2460 l,
372 2420 417 2463 5).

272 2480 376 2526 officii]
402 2481 490 2522 Lege
516 2492 589 2512 cum
612 2481 684 2514 MS.
707 2483 817 2526 officio.
827 2482 991 2515 Gamz—
1011 2482 1158 2514 Eandem

201 2541 370 2576 lectionem
408 2544 540 2587 praebet
577 2544 705 2588 quidem
736 2547 1003 2578 Darmstattensis
1043 2547 1160 2579 codex:

202 2606 258 2638 scd
282 2605 408 2647 vulgata
432 2603 524 2636 unice
551 2611 708 2647 praestat,
744 2607 892 2640 dubitant
917 2607 1003 2640 enim
1029 2607 1069 2639 de
1096 2607 1162 2640 offi-

1205 1546 1255 1578 cio
1280 1557 1356 1585 suo,
1380 1557 1446 1576 non
1472 1550 1508 1575 ut
1531 1545 1570 1576 ab
1592 1556 1630 1576 eo
1651 1544 1834 1585 discedant,
1866 1543 1925 1575 sed
1947 1548 1983 1574 ut
2004 1541 2160 1581 nesciant,

1205 1609 1367 1652 quomodo
1389 1612 1615 1650 exsequantur.

1281 1677 1348 1703 tum
1373 1669 1467 1716 illud]
1493 1671 1533 1702 Iu
1555 1669 1649 1701 editis
1671 1669 1838 1710 legebatur
1858 1674 1936 1700 tunc
1957 1688 2005 1693 ———
2025 1667 2159 1699 attendi-

1204 1735 1529 1772 mus—varientur,
1551 1744 1634 1776 quae
1655 1731 1860 1764 Monacensis
1888 1729 2009 1762 codicis
2026 1729 2085 1773 (C)
2107 1741 2160 1760 au-

1203 1795 1352 1827 ctoritate
1374 1794 1508 1825 correxi.

1279 1854 1478 1900 deliberatio]
1505 1854 1628 1886 Eadem
1648 1860 1761 1886 noster
1779 1854 1861 1885 infra
1889 1851 1931 1897 (ξ.
1946 1852 2049 1897 466),
2077 1851 2161 1884 unde

1203 1917 1300 1949 simul
1329 1918 1473 1949 videmus
1502 1918 1743 1949 deliberativum
1768 1928 1870 1958 genus
1891 1915 2031 1958 antiquiS
2053 1915 2157 1946 rheto-

1204 1980 1294 2011 ribus
1322 1979 1414 2024 (Cur.
1439 1980 1574 2011 Fortun.
1600 1992 1630 2022 p.
1651 1980 1710 2011 41.
1737 1980 1817 2012 Mar.
1841 1978 2002 2012 Victoria.
2025 1977 2059 2008 in
2089 1976 2158 2009 Cic.

1204 2057 1235 2087 p.
1257 2044 1341 2075 147.
1357 2042 1487 2075 Alcuin.
1503 2056 1534 2087 p.
1547 2044 1622 2075 570
1645 2043 1744 2086 Pith.)
1767 2043 1862 2074 etiam
1884 2043 2011 2074 consilii
2031 2040 2158 2073 nomine

1203 2105 1401 2150 appellatum
1423 2116 1506 2136 esse.
1531 2105 1589 2137 Sic
1613 2105 1782 2137 «luvenalis
1805 2105 1858 2149 (1,
1884 2103 1958 2147 15)=

1353 2188 1404 2194 —-
1420 2187 1468 2192 —
1490 2175 1540 2201 »et
1566 2181 1625 2200 nos

1255 2233 1437 2265 Consilium
1458 2233 1605 2264 dedimus
1622 2232 1754 2272 Sullae,
1780 2233 1931 2276 privatus
1953 2236 1991 2263 ut
2011 2231 2110 2262 altum

1256 2296 1438 2325 Dormit-et«
1460 2313 1507 2318 -—-
1526 2313 1574 2317 —
2013 2283 2018 2285 .

1205 2355 1351 2400 inprimis
1374 2362 1481 2388 autem
1499 2357 1562 2389 huc
1582 2355 1744 2400 pertinent
1765 2353 1914 2396 »grandia
1931 2351 2075 2386 morituri
2098 2351 2159 2384 Ca-

1207 2419 1293 2454 tonis
1326 2420 1441 2451 verba«
1473 2420 1559 2464 apud
1589 2419 1738 2451 Persium
1767 2419 1820 2462 (5,
1849 2416 1927 2459 45),
1961 2427 2042 2459 quae
2074 2420 2160 2446 recte

1207 2481 1388 2522 Roenigius
1405 2482 1546 2526 explicat
1564 2481 1761 2513 „orationem
1780 2478 1915 2511 Catonis
1934 2477 2040 2508 verbis
2063 2477 2160 2508 subli-

1211 2543 1317 2574 mibus
1340 2543 1553 2584 elaboratam,
1575 2543 1609 2574 in
1631 2554 1693 2585 qua
1715 2539 1910 2571 deliberabat
1933 2538 2031 2579 Cato,
2056 2543 2162 2569 utrum

1215 2611 1350 2639 mortem
1368 2606 1431 2639 sibi
1454 2606 1669 2641 conscisceret
1684 2615 1725 2634 an
1741 2602 1927 2634 servitutem
1947 2607 2134 2646 pateretur...

1668 2666 1713 2698 51
1738 2663 1760 2689 ‘¹‘

2177 512 2271 555 4²18
