2310 2860
116 279 203 322 :598
232 276 377 319 circuli
414 273 593 329 duplicis
632 271 812 314 modum
850 270 1000 313 reddit.

230 170 320 213 500

785 164 984 208 Martiani
1022 161 1222 218 Capellae
1259 160 1330 201 lib.
1362 159 1439 203 VI.
1480 162 1512 212 ᾗ.
1538 156 1638 198 598.

1069 267 1366 309 Eratosthenes
1410 283 1510 309 vero
1550 282 1574 308 a
1614 268 1752 322 Syene
1798 266 1852 308 ad
1886 269 2062 310 Meroen
2102 283 2178 325 per

236 370 450 400 mensores
499 355 635 410 regios
674 353 904 396 Ptolemaei
943 361 1081 393 certus
1116 349 1169 390 de
1206 349 1441 390 stadiorum
1480 362 1661 389 numero
1705 345 1914 396 redditus,
1966 358 2182 402 quotaque

236 436 371 493 portio
408 435 569 476 telluris
613 444 717 476 esset
757 434 1000 484 advertens,
1045 431 1419 486 multiplicansque
1458 444 1535 485 pro
1565 428 1753 484 partium
1783 427 1945 468 ratione
1976 427 2182 468 circulum

236 530 573 572 mensuramque
604 525 765 568 terrae,
795 515 1088 556 incunctanter
1119 520 1224 567 quot
1254 510 1442 552 millibus
1473 508 1706 551 stadiorum
1738 508 1973 550 ambiretur
1997 506 2185 550 absolvit.

860 672 940 714 DE
971 667 1285 713 POSITIONE
1320 665 1569 707 TERRAE.

409 783 638 839 Comperta
675 790 736 823 est
773 790 910 822 terrae
941 778 1147 820 brevitate
1185 772 1423 816 rationabili
1453 770 1721 826 magnitudo;
1765 771 1882 812 locus
1917 772 2109 826 ejusdem
2142 787 2189 813 ae

238 867 386 924 positio
416 865 629 907 doceatur.
669 862 814 913 Quam
845 862 888 902 in
913 859 1053 902 medio
1079 859 1255 914 imoque
1280 853 1432 896 mundi
1456 853 1720 894 immobilem
1752 862 1861 894 stare
1885 854 2189 909 multiplicibus

236 957 497 990 monstratur
530 946 712 996 assertis,
744 959 856 1000 quae
888 943 965 983 sibi
998 951 1092 982 ante
1123 938 1459 981 constitutionem
1492 936 1644 978 mundi
1674 937 1717 977 in
1748 936 1898 977 eodem
1929 937 2022 978 loco
2050 937 2189 988 suerit,

239 1044 291 1070 ex
327 1042 413 1083 quo
458 1027 625 1069 moveri
662 1040 747 1066 non
787 1024 942 1080 potuit,
983 1037 1031 1063 ac
1069 1020 1221 1062 deinde
1255 1019 1432 1060 divulsis
1468 1034 1490 1060 a
1522 1019 1769 1059 confusione
1808 1022 1947 1074 prima
1979 1020 2191 1060 commix-

238 1174 335 1200 stram
360 1167 531 1199 lectionem
551 1171 680 1197 tuentur
696 1162 985 1202 Reiebenauensis,
1012 1161 1189 1191 Darmstat-

237 1231 356 1270 tensis,
382 1235 414 1261 et
438 1230 500 1260 duo
520 1229 731 1262 Monac-enses
755 1225 808 1270 (A.
834 1224 892 1267 C),
917 1224 971 1268 qui
998 1223 1092 1267 paulo
1112 1222 1189 1252 infe-

237 1293 304 1324 rius
321 1292 413 1324 etiam
430 1293 526 1322 vicies
540 1287 629 1321 'reete
645 1289 762 1319 habent
777 1299 836 1330 pro
856 1286 1027 1329 depravato
1048 1284 1079 1314 in
1097 1283 1190 1314 editis

237 1356 356 1398 viyies,
388 1353 474 1396 quod
500 1363 518 1383 e
542 1351 624 1382 mala
651 1354 773 1380 tantum
799 1346 1062 1391 pronunciatione
1087 1350 1191 1376 ortum

236 1413 454 1457 lexicographi
477 1412 618 1455 recipere
641 1422 707 1442 non
729 1409 899 1441 dehebant.

311 1487 427 1533 vicies]
462 1486 606 1520 »veut-il
637 1485 704 1516 dire
732 1495 794 1528 que
819 1483 851 1514 la
881 1484 1017 1514 hauteur
1045 1481 1088 1512 du
1118 1479 1192 1523 pole

236 1553 412 1597 multiplie'e
436 1563 494 1595 par
523 1551 571 1582 24
600 1550 706 1581 donne
734 1545 838 1586 720⁰,
871 1557 912 1578 ou
938 1546 1023 1577 deux
1050 1544 1193 1576 cereles‘?

235 1614 265 1647 11
285 1614 362 1646 etait
381 1613 454 1657 plus
477 1612 588 1655 simple
606 1610 645 1640 de
666 1621 706 1640 ne
721 1609 752 1639 la
774 1607 949 1650 multiplier
967 1618 1029 1649 que
1052 1617 1110 1648 par
1130 1605 1192 1644 12,

237 1676 260 1707 il
285 1675 386 1706 aurait
414 1685 455 1704 eu
484 1684 528 1703 un
555 1671 657 1703 cercle
687 1675 720 1699 et
751 1669 781 1698 la
809 1669 945 1698 hauteur
970 1667 1012 1697 du
1041 1665 1115 1709 pule
1139 1667 1194 1697 eut

238 1738 288 1767 ete
312 1735 351 1766 de
376 1736 477 1765 meme
504 1731 599 1765 50⁰.«
630 1731 806 1761 Daunum
830 1728 914 1768 (hist.
939 1728 977 1759 de
1002 1727 1142 1758 l'astron.
1160 1727 1192 1767 1,

238 1810 270 1841 p.
294 1795 391 1838 510).

312 1882 332 1902 a
356 1867 473 1914 Syene]
498 1867 579 1902 MS.
608 1878 733 1910 semper
758 1867 797 1897 ab
821 1865 943 1908 Syene,
970 1871 1005 1897 ut
1031 1877 1126 1909 supra
1152 1866 1191 1897 ab

238 1936 349 1978 specie.
374 1934 540 1965 Gnor.—-
571 1930 707 1962 Etiamsi
735 1930 910 1962 Martianus
941 1929 986 1961 sic
1018 1929 1191 1972 scripserit,

239 2010 314 2031 eave
337 2002 442 2028 tamen
465 2007 537 2027 eum
560 1994 784 2038 reprehendas.
833 1993 948 2025 Cicero
980 1993 1049 2036 ipse
1076 1993 1192 2036 (Tuse.

240 2063 278 2101 5,
300 2060 362 2103 25)
386 2061 424 2091 ab
441 2058 654 2100 Syracusanis
675 2056 812 2099 scripsit.
838 2057 888 2087 De
905 2056 1102 2087 dimensione
1121 2056 1191 2099 ipsa

239 2123 426 2157 auctoritate
458 2120 636 2152 Ptolemaei
669 2120 753 2161 regis
787 2121 868 2151 sacta
899 2120 970 2150 wide
999 2119 1191 2151 Strabonem

238 2187 286 2231 (2.
314 2200 345 2231 p.
363 2187 420 2218 95.
446 2185 486 2224 4,
517 2196 548 2227 p.
574 2185 642 2215 155
668 2188 700 2213 et
726 2184 786 2222 17,
822 2195 853 2226 p.
873 2184 944 2213 786
975 2182 1128 2225 Casaub.)
1159 2187 1192 2213 et

238 2251 406 2282 Freretum
430 2248 535 2292 (mem.
552 2247 590 2278 de
616 2245 726 2277 l'aead.
744 2246 808 2285 24,
830 2258 862 2289 p.
887 2246 958 2276 510
981 2244 1092 2288 sequ).

310 2348 413 2380 medio
435 2343 578 2392 initoque]
611 2344 702 2375 Haec
733 2349 768 2374 ut
797 2343 972 2385 intelligas,
1005 2344 1114 2375 confer
1137 2342 1192 2375 Ci-

240 2421 388 2443 ceronem
413 2406 564 2452 (Tuseul.
590 2407 628 2445 5,
659 2404 742 2447 24)=
773 2404 872 2435 »unde
905 2411 987 2435 terra
1015 2411 1046 2436 et
1077 2405 1193 2448 quibus

242 2474 355 2505 librata
382 2470 595 2516 ponderibus,
629 2468 661 2499 in
696 2479 757 2511 qua
786 2468 887 2498 omnia
916 2468 1019 2499 delata
1043 2468 1194 2509 gravitate

242 2535 380 2566 medium
418 2533 529 2563 mnndi
560 2531 666 2562 locum
702 2539 826 2571 semper
854 2533 1019 2572 expetant,
1056 2529 1110 2572 qui
1146 2534 1196 2560 est

243 2599 326 2630 idem
354 2596 479 2638 infimus
506 2595 538 2627 in
569 2592 744 2634 rotund⁰v3
778 2597 809 2625 et
837 2592 896 2623 alio
924 2592 995 2625 loco
1024 2592 1076 2635 (N.
1095 2592 1134 2624 D.
1159 2592 1193 2625 2⁷

1241 1159 1318 1202 45):
1349 1159 1399 1190 »id
1426 1164 1530 1190 autem
1554 1159 1692 1190 medium
1718 1158 1861 1201 infimum
1893 1158 1926 1189 in
1950 1159 2084 1201 sphaera
2108 1164 2183 1190 est«

1243 1220 1395 1252 Ceterum
1415 1220 1483 1261 jam
1507 1220 1602 1251 Plato
1627 1219 1708 1250 illud
1733 1219 1949 1260 intellexerat,
1977 1220 2031 1263 qui
2054 1220 2191 1263 (phaed.

1241 1294 1272 1325 p.
1294 1282 1363 1312 112
1385 1283 1404 1312 f.
1425 1281 1566 1324 Steph.):
1589 1277 1779 1314 »ιὸυνατὸν
1798 1281 1946 1322 marm,
1976 1280 2090 1324 inquit,
2112 1282 2193 1315 ἑκα-

1242 1343 1383 1389 τέρωσε
1400 1343 1518 1388 μέχρι
1536 1342 1607 1376 τοῦ
1623 1341 1743 1385 μέσου
1766 1341 1958 1384 meismet.)
1978 1342 2078 1389 πέρα
2094 1342 2191 1378 (Y'ozj‘

1243 1405 1406 1445 ἄναντες
1426 1403 1499 1452 γὰρ
1517 1402 1753 1452 ἀμφοτέροις
1771 1410 1855 1445 τοῖς
1875 1402 2035 1452 ῥεύμασι
2050 1404 2094 1441 τὸ
2114 1409 2193 1442 ἑκα-

1243 1466 1418 1514 τέρωθεν
1441 1466 1615 1513 γίγνεται
1638 1465 1765 1513 μέρος.

1319 1529 1527 1575 immobilem]
1562 1529 1618 1562 Sic
1646 1535 1678 1560 et
1706 1529 1888 1573 Appulejus
1916 1524 2041 1573 (dogm.
2068 1531 2192 1564 Platon.
2240 1556 2241 1559 ,

1243 1605 1274 1636 p.
1296 1593 1367 1624 ⁶205
1392 1591 1496 1634 Oud.)
1526 1591 1674 1632 »globum
1703 1596 1806 1623 terrae
1832 1593 1866 1622 in
1892 1593 1994 1624 medio
2023 1593 2117 1624 situm
2142 1605 2192 1625 ae-

1245 1654 1372 1697 qualem
1392 1653 1464 1684 loco
1488 1665 1523 1684 ae
1539 1653 1638 1693 figura
1664 1653 1850 1683 inmobilem
1872 1659 1975 1684 stare«
1999 1653 2056 1693 ait,
2080 1667 2096 1686 e
2118 1655 2192 1686 Pla-

1244 1717 1328 1748 tonis
1353 1716 1500 1747 nimirum
1527 1715 1644 1759 placito
1672 1715 1805 1759 (phaed.
1828 1728 1858 1758 p.
1879 1716 1978 1758 108),
2008 1717 2082 1748 lieet
2110 1719 2193 1750 hune

1242 1781 1346 1824 ipsum
1364 1780 1481 1811 suerint
1505 1779 1559 1822 qui
1582 1779 1643 1810 alio
1665 1779 1736 1810 loco
1761 1779 1854 1822 (Tim.
1880 1792 1908 1822 p.
1928 1781 1990 1823 stss)
2013 1781 2109 1812 rotari
2132 1788 2191 1812 ter-

1242 1855 1309 1874 ram
1337 1844 1419 1874 eirea
1446 1854 1537 1873 axem
1566 1854 1654 1873 suam
1683 1842 1832 1873 statuisse
1858 1843 2085 1875 arbitrarentur
2108 1844 2192 1888 (An-i-

1243 1911 1317 1936 stot.
1340 1905 1378 1935 de
1404 1904 1494 1935 coelo
1520 1904 1558 1943 2,
1594 1905 1648 1934 15.
1672 1904 1759 1935 Plut.
1785 1910 1906 1946 quaest.
1928 1905 2056 1937 Platon.
2079 1908 2118 1947 8,
2149 1907 2190 1949 l).

1245 1968 1370 2001 Confer
1396 1967 1524 1998 omnino
1540 1967 1768 1998 Rubnhenium
1797 1968 1850 2010 (ad
1873 1968 1995 2000 Timaei
2014 1970 2094 2001 Lex.
2108 1970 2190 2002 Plat.

1242 2043 1272 2074 p.
1288 2029 1459 2070 69—72)
1482 2034 1513 2060 et
1533 2028 1730 2059 Bocclzhium
1748 2029 1800 2072 (de
1818 2029 1902 2060 Plat.
1920 2035 1997 2072 syst.
2013 2030 2090 2061 coel.
2106 2031 2191 2071 gleb.

1242 2105 1272 2136 p.
1295 2092 1455 2134 7—11)‚
1490 2091 1545 2134 qui
1574 2097 1660 2122 reete
1686 2091 1815 2122 Platoni
1847 2092 2097 2124 immobilitatem
2124 2095 2189 2126 xin-

1243 2154 1342 2192 dicat3
1370 2152 1427 2183 sed
1452 2152 1491 2183 de
1516 2164 1549 2183 re
1572 2152 1641 2195 ipsa
1663 2152 1806 2195 inprimis
1832 2164 1912 2194 quae
1933 2153 2116 2185 Macrobius
2138 2156 2190 2198 (ad

1242 2226 1342 2246 somn.
1369 2213 1458 2257 Scip.
1484 2215 1519 2254 1,
1552 2214 1620 2255 22)
1648 2213 1680 2243 in
1710 2212 1764 2242 illa
1791 2212 1958 2244 Ciceronis
1988 2215 2084 2246 verba
2107 2228 2190 2248 com-

1240 2280 1412 2308 mentatur:
1437 2287 1528 2306 »nam
1551 2286 1587 2305 ea
1609 2285 1690 2316 quae
1716 2274 1819 2303 media
1847 2279 1896 2304 est
1922 2280 1953 2306 et
1974 2287 2058 2308 nona
2085 2279 2190 2315 tellus,

1242 2350 1346 2382 neque
1371 2345 1516 2369 movetur
1537 2342 1569 2368 et
1589 2336 1697 2378 infima
1719 2342 1784 2376 est,
1812 2337 1844 2368 in
1867 2349 1935 2369 eam
1956 2338 2101 2371 seruntur
2124 2352 2188 2373 om—

1243 2401 1295 2433 nia
1319 2404 1398 2431 nutu
1419 2411 1477 2430 suo
1503 2398 1671 2441 pondera«

1318 2461 1444 2506 deinde]
1472 2461 1675 2494 Monacensis
1697 2460 1766 2505 (A),
1791 2473 1855 2494 non
1877 2463 2004 2503 dehine,
2025 2465 2108 2496 utin
2124 2465 2189 2497 edi-

1244 2528 1295 2559 tis.
1321 2527 1399 2560 Mox
1417 2526 1576 2559 alimentis
1595 2537 1653 2571 pro
1673 2526 1835 2559 elementis
1851 2526 1884 2559 in
1901 2527 2040 2570 margine
2057 2528 2189 2561 Grotius

1243 2595 1333 2623 notas
1342 2588 1381 2631 it5
1407 2587 1497 2620 male.
