2310 2860
173 157 234 197 84

771 149 970 193 Martiani
1001 147 1201 205 Capellae
1229 146 1354 189 lib.·I.
1392 149 1424 199 §.
1445 147 1517 190 59.

173 261 328 302 sensim
361 260 495 301 Pallas
522 272 698 300 corusca
721 257 955 310 descendit,
988 266 1116 313 atque
1139 255 1196 297 ita
1218 262 1265 295 ut
1291 232 1517 297 videbatur
1539 256 1684 298 vertici
1708 255 1860 298 Joviali
1885 255 2125 308 inhaerere,

172 341 450 398 supervolans
481 339 651 381 tandem
685 341 864 382 constitit
893 339 1143 381 sublimiore
1174 334 1366 393 quodam
1392 335 1547 377 annixa
1570 346 1779 393 suggestu.
1813 337 1960 388 Quam
1985 350 2127 393 quum

172 423 356 479 Jupiter,
406 431 452 462 ut
489 422 620 477 jugali
659 422 806 463 elatior
849 420 1129 471 adhaerebat,

1174 418 1227 459 de
1265 417 1464 473 proximo
1505 417 1788 473 contiguoque
1818 418 2027 474 suspexit,
2067 416 2126 458 sic

173 519 348 547 exorsus
380 513 461 545 est:
484 504 523 546 Ο
550 504 670 560 virgo
701 505 831 546 nostri
857 519 956 560 pars
987 501 1153 552 melior,
1185 506 1424 555 opportune
1456 497 1563 539 votis
1595 497 1836 539 intermixta
1856 498 2127 554 Majugenae,

170 646 310 691 ruptioni
326 657 391 678 non
409 647 568 678 obnoxius
585 646 626 678 sit
642 652 675 679 et
689 658 846 678 summum
860 644 1001 677 universi
1014 642 1125 676 mundi

169 714 275 746 locum
297 718 450 756 occupet,
485 713 569 744 unde
602 712 696 744 etiam
719 711 858 742 fabulam
886 710 1040 751 originem
1061 715 1123 740 tra-

168 775 271 815 xisse,
304 786 321 806 c
346 774 439 805 Jovis
461 774 579 806 vertice
600 773 688 805 illam
708 779 814 804 natam
836 783 907 804 esse
927 770 1047 814 (Strab.
1067 771 1122 803 14.

167 849 198 881 p.
217 837 301 868 655.
324 837 420 875 667,
450 837 505 867 16.
531 848 563 880 p.
586 834 681 877 744).
708 834 836 866 Clarius
856 833 951 865 etiam
968 832 1123 874 Angusti-

166 910 227 930 nus
244 897 293 941 (4,
314 896 374 941 10)
401 897 579 929 Minervam
609 896 745 928 aetheris
774 901 898 939 partem
926 895 1123 940 superiorem

166 966 295 1000 tenere,
330 959 468 1002 ideoque
496 943 520 989 av
548 958 651 1001 poetis
679 958 832 999 originem
862 958 931 999 ejus
962 958 1000 989 de
1027 957 1123 989 «Iovis

166 1022 269 1065 capite
286 1032 357 1052 esse
376 1021 480 1052 fictam
496 1020 580 1063 (add.
597 1020 692 1052 eund.
709 1021 741 1060 7,
760 1019 828 1062 16).
865 1019 985 1051 Nostro
1010 1020 1123 1052 eadem

172 1083 319 1115 »Celsior
356 1094 419 1113 una
446 1081 531 1112 Jove
570 1082 761 1113 flammantis
797 1081 936 1113 circulus
968 1084 1113 1114 aethrae«

166 1145 211 1190 (§.
234 1145 328 1189 568)
354 1145 542 1189 appellatur.
582 1145 709 1177 Seneca
740 1145 794 1188 (de
817 1145 865 1177 ira
890 1147 930 1185 5,
959 1147 993 1178 6.
1021 1158 1052 1190 p.
1072 1147 1121 1180 44

163 1207 282 1250 Lips.)=
307 1207 406 1237 »Pars
432 1206 578 1250 superior
602 1206 713 1238 mundi
736 1211 769 1237 et
791 1206 967 1238 ordinatior
988 1220 1024 1240 ac
1046 1220 1120 1252 pro-

163 1270 284 1315 pinqua
318 1268 476 1300 sideribus
510 1280 570 1301 nee
604 1269 638 1300 in
672 1269 789 1300 nubem
822 1270 965 1312 cogitur,
999 1283 1058 1304 nee
1087 1271 1121 1303 in

162 1332 282 1364 nubem
305 1330 446 1371 cogitur,
470 1341 530 1362 nec
554 1329 588 1361 in
611 1335 832 1374 tempestatem
849 1331 1038 1374 impellitur,
1061 1345 1121 1366 nec

163 1397 307 1425 versatur
329 1391 363 1423 in
380 1391 556 1423 turbinem:
575 1391 662 1423 omni
684 1392 822 1423 tumultu
843 1398 946 1433 caret,
970 1393 1121 1427 inferiora

160 1453 361 1487 fulminant«

238 1514 374 1561 allapsa]
401 1515 541 1557 Legerat
561 1514 642 1547 illud
665 1514 775 1548 Ovidii
797 1514 883 1560 (met.
905 1518 939 1557 5,
962 1517 1063 1562 101)ι

211 1596 260 1602 -
277 1595 326 1602 ——·
341 1595 390 1601 —-
415 1588 568 1622 »superas
589 1576 720 1621 delapsa
741 1589 800 1620 per
821 1589 920 1610 auras
980 1572 1002 1607 ’ᾗ

211 1641 324 1673 Pallas
350 1641 468 1672 adesa«

159 1702 228 1736 Sed
248 1709 281 1735 et
296 1703 394 1734 allabi
407 1701 571 1735 Virtutem
595 1706 630 1733 et
644 1700 856 1747 Voluptatem
874 1701 915 1734 ad
932 1700 1119 1748 Scipionem

157 1765 294 1798 finxerat
318 1764 419 1797 Silius
443 1765 523 1809 (15,
546 1764 619 1807 21).

232 1826 360 1873 Pallas]
387 1827 433 1860 Ut
449 1828 526 1860 trias
543 1827 774 1871 compleretur,
800 1828 946 1861 Minerva
971 1828 1117 1862 addenda

157 1898 236 1926 erat.
273 1893 412 1925 Veteres
443 1890 528 1922 enim
553 1890 701 1922 solebant
727 1891 862 1933 Jovem,
893 1891 1058 1924 Junonem
1084 1898 1117 1924 et

158 1954 333 1986 Minervam
353 1953 490 1995 jungere
512 1951 667 1996 (Pausan.
688 1953 745 1993 10,
764 1954 802 1994 5,
826 1954 856 1985 1.
882 1953 952 1985 Cic.
973 1953 1008 1985 in
1021 1954 1118 1986 verr.

159 2019 193 2057 5,
217 2018 274 2049 14.
303 2017 374 2048 Liv.
394 2018 428 2056 6,
455 2017 511 2048 16.
536 2015 601 2048 Dio
627 2015 719 2048 Cass.
742 2029 774 2060 p.
795 2017 868 2049 655
892 2017 997 2049 Reim.
1018 2018 1116 2050 Dion.

157 2080 233 2112 Hal.
252 2081 286 2112 5.
309 2092 340 2123 p.
358 2080 428 2111 201
460 2078 551 2122 Sylb.
581 2078 678 2112 Ovid.
701 2080 773 2112 fast.
794 2081 835 2121 5,
862 2081 946 2113 251.
971 2081 1115 2114 Macroh.

156 2139 226 2173 Sat.
244 2141 280 2180 5,
301 2138 338 2172 ’4.
362 2145 395 2171 et
418 2140 560 2184 inscript.
577 2152 626 2184 ap.
643 2140 761 2172 Fuclis.
783 2140 816 2172 in
834 2141 907 2172 hist.
924 2142 1070 2184 Mogunt.
1088 2143 1115 2175 1.

157 2203 229 2246 20).
254 2202 453 2234 ‚Pi-ndentes
476 2203 634 2235 Etruscae
659 2203 846 2248 disciplinae
870 2205 994 2247 ajunt«,
1011 2205 1115 2250 inquit

157 2265 291 2301 Servius
316 2264 377 2309 (ad.
395 2264 478 2297 Aen.
496 2267 526 2298 1.
545 2265 654 2310 422),
677 2267 782 2311 »apud
801 2268 984 2301 conditores
998 2269 1112 2302 Etrus-

155 2338 264 2361 carum
292 2325 418 2357 urbium
444 2337 509 2358 non
542 2331 669 2371 putatas
694 2327 798 2369 justas
829 2329 926 2361 urbes
953 2330 1053 2363 fuisse
1079 2332 1113 2364 in

157 2388 273 2433 quibus
297 2398 363 2419 non
379 2392 447 2418 tres
462 2392 574 2431 portae
596 2394 706 2420 essent
731 2389 894 2422 dedicatae
919 2397 952 2423 et
975 2393 1111 2435 votivae,

157 2455 189 2481 et
220 2454 269 2481 tot
294 2447 432 2493 templa,
472 2446 587 2488 JoviS,
623 2448 782 2491 «Iunonis,
819 2452 1010 2485 Minervae*
1058 2454 1115 2488 Sic

155 2512 278 2546 Romae
293 2512 387 2544 etiam
405 2511 438 2543 in
455 2510 618 2555 Capitolio
635 2511 687 2555 (cf.
703 2514 797 2545 eund.
813 2514 852 2547 ad
868 2514 951 2548 Aen.
966 2517 1001 2558 2,
1013 2517 1112 2563 225),

156 2575 211 2608 uhi
235 2575 274 2607 ad
295 2575 388 2607 Jovis
411 2574 540 2619 epulum
567 2574 636 2620 ipse
660 2575 693 2609 in
720 2576 854 2619 lectum,
884 2578 973 2613 June
1004 2587 1110 2614 autem

1175 646 1207 673 et
1234 641 1381 674 Minerva
1409 640 1443 672 iu
1468 639 1565 671 sellas
1597 638 1812 670 invitabantur
1838 639 1958 683 (Valer.
1980 639 2068 671 Max.
2090 637 2126 678 2,

1174 703 1213 735 de
1237 705 1370 737 matrim.
1396 707 1434 746 1,
1463 706 1496 737 2.
1517 718 1548 749 p.
1576 705 1646 737 119
1669 702 1781 748 Torr.)
1807 708 1839 734 et
1865 703 1905 734 P.
1925 703 2040 735 Victor
2063 700 2125 745 (re-

1174 766 1269 808 gione
1294 766 1331 810 8)
1364 767 1489 798 retulit:
1513 766 1570 799 »In
1601 767 1720 810 templo
1745 765 1840 797 «Iovis
1867 763 1978 808 optimi
1999 761 2128 795 maximi

1174 833 1265 860 erant
1284 829 1345 860 tria
1363 829 1512 869 delubra,
1541 828 1681 860 medium
1704 827 1815 867 Jovis,
1840 827 1987 858 dextrum
2010 824 2127 857 Miner·

1173 903 1249 932 vae,
1273 891 1400 922 laevum
1423 891 1594 924 huonis«
1644 892 1730 924 »Nec
1750 891 1935 930 defuerunt,
1962 887 2128 922 Arnohius

1173 953 1219 997 (5.
1248 966 1278 997 p.
1299 953 1384 997 125)
1404 954 1523 998 inquit,
1554 954 1630 998 »qui
1653 954 1845 994 seriberent,
1870 951 1998 991 Jovem,
2024 949 2127 982 June-

1172 1027 1269 1056 nem,
1299 1015 1541 1058 Minervamque
1565 1022 1700 1058 penates
1729 1016 1885 1056 existere,
1921 1014 1989 1045 sine
2012 1012 2127 1057 quibus

1172 1076 1278 1109 vivere
1314 1088 1350 1108 ae
1378 1087 1490 1120 sapere
1515 1088 1730 1120 nequeamus,
1763 1082 1795 1109 et
1828 1076 1884 1121 qui
1909 1076 2037 1120 penitus
2067 1084 2127 1105 nos

1171 1144 1284 1180 regant
1312 1138 1417 1170 calore
1447 1149 1483 1169 ae
1513 1138 1646 1182 spiritu«
1675 1139 1772 1183 (conr.
1792 1137 1820 1182 §.
1846 1138 1918 1181 41).
1953 1135 2128 1181 Copiosius

1172 1201 1284 1233 eadem
1307 1200 1491 1233 Macrobius
1519 1200 1554 1244 (Ι.
1582 1199 1689 1244 laud.)
1713 1200 1871 1245 explanat.
1909 1198 2128 1231 Tertullianus

1172 1265 1225 1307 (ad
1249 1265 1368 1297 nation.
1389 1265 1425 1305 2,
1458 1263 1517 1309 12)
1536 1277 1553 1296 e
1566 1264 1714 1297 Varrone
1729 1264 1862 1308 repetit,
1889 1261 2128 1305 antiquissimos

1171 1328 1230 1358 lios
1249 1338 1321 1358 esse
1340 1327 1481 1358 deorum.
1507 1324 1604 1359 Adde
1620 1325 1787 1358 Valerium
1804 1324 1979 1358 Maximum
2002 1323 2050 1367 (5,
2073 1322 2130 1354 10.

1170 1401 1200 1433 p.
1219 1389 1291 1420 517
1317 1388 1435 1431 Tem).
1924 1421 1931 1425 ,

1245 1452 1360 1482 vertici
1383 1449 1518 1496 Joviali]
1545 1449 1713 1483 Arnobius
1747 1450 1794 1494 (5.
1823 1463 1854 1494 p.
1876 1450 1967 1489 118,
1995 1446 2066 1479 add.
2093 1447 2128 1479 4.

1169 1525 1200 1557 p.
1219 1511 1304 1556 157)
1328 1512 1522 1544 »Minervam
1546 1513 1721 1543 aetherium
1741 1511 1891 1543 verticem
1908 1521 1996 1542 essen
2018 1507 2128 1541 scribit

1179 1578 1231 1604 »et
1245 1573 1435 1604 summitatis
1452 1572 1553 1616 ipsius
1572 1584 1735 1603 summam.
1744 1586 1755 1600 «
1784 1571 1968 1604 Macrobius
1983 1569 2126 1615 (Sarum.

1170 1637 1206 1676 5,
1223 1634 1261 1679 4)
1283 1636 1397 1667 iisdem
1419 1636 1485 1667 sere
1506 1636 1611 1667 verbis
1634 1635 1828 1669 »Minervam
1847 1647 2004 1667 summum
2020 1635 2127 1666 aethe·

1169 1697 1214 1728 ris
1243 1709 1314 1728 esse
1342 1709 1510 1729 cacumen«
1538 1697 1652 1739 tradit,
1680 1698 1807 1742 alioque
1831 1699 1904 1731 loco
1927 1698 1984 1743 (1,
2009 1698 2054 1729 17
2072 1696 2125 1740 s.):

1176 1761 1394 1805 »Porphyrius
1417 1767 1588 1803 testatur«,
1609 1762 1731 1806 inquit,
1755 1762 1948 1794 „Minervam
1971 1773 2043 1793 esse
2061 1761 2125 1792 xir-

1168 1830 1270 1856 tutem
1301 1824 1408 1866 Solis,
1447 1837 1529 1869 quae
1565 1826 1713 1858 humanis
1741 1826 1901 1858 mentibus
1923 1825 2126 1870 prudentiam

1169 1886 1397 1917 subministret.
1423 1886 1507 1917 Nam
1529 1886 1601 1918 ideo
1626 1888 1705 1919 haec
1729 1888 1788 1919 dea
1809 1887 1904 1920 Jovis
1928 1887 2030 1931 capite
2051 1898 2125 1932 pro-

1167 1953 1263 1990 gnata
1285 1953 1494 1988 memoratur,
1520 1947 1553 1979 id
1577 1953 1637 1989 est,
1665 1948 1705 1980 de
1730 1960 1853 1981 summa
1879 1949 2017 1981 aetheris
2034 1954 2125 1994 parte

1167 2011 1271 2052 edita,
1310 2010 1395 2042 unde
1429 2011 1519 2053 origo
1544 2011 1633 2044 Solis
1656 2018 1733 2045 esta
1766 2013 1860 2046 Unde
1885 2012 2022 2046 Ovidius
2039 2013 2123 2056 (fast.

1167 2076 1209 2116 6,
1241 2072 1331 2118 427)
1362 2075 1562 2106 »aetheream
1585 2075 1695 2108 deam«
1725 2088 1796 2108 eam
1828 2077 1978 2121 appellat.
2024 2074 2122 2107 Adde

1167 2136 1347 2169 Cornutum
1373 2135 1453 2179 (20.
1479 2148 1513 2180 p.
1543 2137 1625 2169 185.
1651 2137 1748 2182 Gal).
1789 2138 1914 2169 Eodem
1939 2142 2062 2180 spectat
2087 2136 2122 2169 in

1166 2199 1310 2245 proxime
1333 2199 1543 2243 sequentibus
1567 2201 1753 2233 »sublimior
1772 2205 1981 2242 suggestus«3
2011 2201 2121 2232 aether

1165 2262 1250 2294 enim
1281 2273 1438 2293 summum
1466 2262 1622 2302 omnium,
1660 2273 1756 2305 quem
1785 2260 1884 2303 deus,
1916 2266 1952 2293 ut
1981 2260 2119 2295 Ovidius

1164 2323 1209 2356 ait
1225 2323 1312 2367 (met.
1336 2323 1366 2355 1.
1386 2320 1467 2366 67)=

1214 2406 1263 2413 —
1281 2405 1329 2413 —-
1349 2386 1613 2431 »superimposuit
1636 2386 1795 2433 liquidum
1824 2391 1855 2420 et
1885 2388 2046 2433 gravitate
2066 2399 2118 2422 ca-

1549 2454 1673 2482 retztem

1215 2509 1372 2551 'Aether-a,
1388 2521 1446 2544 nec
1457 2510 1634 2559 quidquam
1649 2517 1796 2545 terrenae
1803 2511 1906 2558 faecis
1918 2513 2113 2548 habentem.-

1235 2581 1295 2628 εει]
1323 2581 1481 2627 Suppleii
1507 2583 1567 2615 hoc
1588 2594 1606 2615 e
1632 2583 1882 2617 Darmstattcnsi
1904 2585 2022 2619 codice.
