2310 2860
227 135 318 178 524
787 129 986 172 Martiani
1025 129 1223 186 Capellae
1260 127 1333 169 lib.
1355 128 1432 170 VI.
1472 131 1503 180 ᾗ.
1529 129 1632 170 642.

228 242 414 285 radicem
458 239 658 289 Vesuvii,
715 252 737 279 a
782 251 867 292 quo
910 236 1028 278 haud
1087 236 1249 292 procul]
1296 236 1540 291 Po1npej0s,
1606 251 1744 291 quum
1792 237 1924 279 boum
1969 253 2175 295 pompam

229 322 401 362 duceret
423 319 669 368 Iberorum,
700 332 750 357 ex
777 318 898 370 cujus
922 316 1139 357 laboribus
1163 316 1205 356 in
1230 315 1401 371 Liguria
1436 316 1575 371 campi
1600 317 1817 372 Lapidarii
1844 328 1941 358 sunt
1965 320 2173 374 appellati,

230 398 346 453 quod
383 398 441 437 ibi
485 397 634 438 eodem
679 396 904 438 dimicante
951 398 1060 437 saxis
1107 396 1250 438 ferunt
1292 398 1478 453 pluvisse
1519 398 1711 450 coelum3
1758 399 1870 439 idem
1904 399 2030 449 etiam
2061 400 2175 441 Ionio

228 493 384 520 nomen
422 478 557 529 dedit3
605 493 704 519 nam
754 479 899 519 Ionem
941 477 1154 519 Naulochi
1193 477 1320 518 filiam
1363 478 1624 518 obsidentem
1659 478 1745 518 vias
1777 478 2074 520 latrocinaliter
2111 480 2175 520 in-

229 560 407 600 teremit.

228 640 408 695 Pelasgi,
463 641 604 682 Tibur
658 639 830 681 Catillus
877 641 1115 696 praefectus
1170 639 1308 681 elassis
1353 639 1609 681 Evandriae.

275 764 290 775 ⁴
312 742 475 775 orisioneis
500 743 611 773 Danae
628 741 785 786 fundasse
806 745 944 784 colonis,

276 802 453 846 Praecipiti
474 805 579 835 delata
601 811 674 836 noto
681 818 693 844 ,-
721 806 808 837 Iocus
830 806 938 838 Ardea
963 808 1153 853 qnondam.«

298 865 546 911 IIereuIanium]
575 867 667 909 Quae
692 868 741 899 bic
761 869 852 901 uncis
870 869 993 901 inclusa
1009 876 1099 909 sunt,
1122 871 1178 901 du-

226 928 325 959 bitare
351 929 442 970 lieet,
469 942 544 961 num
569 931 717 962 Martiani
739 931 813 966 sint.
852 932 984 964 Absunt
1009 933 1092 964 enim
1115 938 1178 964 tam

225 1003 242 1022 a
269 991 383 1024 Soliuo
426 998 457 1024 et
483 993 623 1033 Isidoro,
660 1007 754 1038 quam
782 996 821 1026 ab
851 996 989 1039 antiquis
1016 996 1178 1028 codicibus

223 1051 372 1095 (Salmas
392 1054 430 1084 ad
454 1053 556 1086 Solin.
573 1055 673 1098 p.3›'7)
694 1055 836 1099 meisque
853 1057 1102 1088 Monacensibns
1122 1056 1176 1101 (Α.

225 1113 283 1155 C),
309 1114 582 1155 Reichenauensi,
617 1122 650 1147 et
672 1116 929 1148 Darmstattensi.
966 1119 1016 1148 De
1039 1119 1107 1161 ipsa
1132 1124 1177 1148 ta-

224 1186 297 1205 men
324 1176 462 1206 nominis
492 1177 613 1218 origine
652 1182 777 1208 constat
809 1190 827 1209 e
854 1178 1011 1220 Dionysio
1033 1179 1177 1211 Halicar-

224 1237 371 1267 „assensi
394 1238 446 1280 (l,
473 1238 540 1277 443
567 1250 596 1280 p.
620 1239 685 1269 111
707 1239 847 1282 Reisk.)‚
871 1240 961 1280 cujus
986 1242 1064 1272 haee
1081 1241 1178 1272 verba

223 1305 313 1330 sunt:
345 1296 553 1345 »Ἱ-Ιρακλῆς
582 1298 621 1333 δὲ
642 1328 649 1333 .
670 1327 678 1334 .
698 1327 706 1334 .
736 1300 938 1347 πολίχνην
968 1299 1178 1346 ἐπώνυμον

223 1358 345 1395 αὐτοῦ
377 1361 528 1404 κτίσας,
559 1363 657 1396 ἔνθα
684 1359 705 1396 ὁ
727 1360 865 1403 στόλος
886 1361 993 1411 αὐτῷ
1021 1366 1176 1399 ,ἔναυλο-

222 1427 355 1466 χεῐτο,
384 1419 408 1467 ἦ
436 1420 500 1455 καὶ
524 1422 597 1456 νῦν
625 1419 705 1456 ὑπὸ
736 1423 931 1466 Ρωμαίων
954 1424 1174 1471 οἰκουμένη,

219 1481 286 1518 καὶ
307 1484 523 1530 ’,Πομπηΐας
549 1485 590 1519 ἐν
617 1483 721 1531 μέσῳ
758 1485 909 1532 κειμένη
934 1486 1177 1528 λἐαπόλεως

221 1558 262 1581 τε
279 1545 438 1590 λιμένας
466 1550 507 1582 ὲν
531 1546 652 1582 παντὶ
675 1549 795 1596 καιρῷ
819 1549 1003 1589 βεβαίους
1024 1552 1175 1595 ἒχουόα

220 1622 254 1643 κ.
283 1620 317 1643 τ.
340 1610 375 1644 λ.
413 1611 463 1641 De
494 1611 659 1652 Pompejis
687 1617 792 1642 autem
822 1618 948 1654 praeter
975 1612 1124 1645 Solinum
1144 1620 1176 1645 et

219 1671 379 1703 Isidorum
404 1672 476 1704 vide
504 1672 651 1704 Servium
678 1673 730 1715 (ad
754 1673 867 1714 virgil.
886 1673 967 1705 Aen.
987 1677 1019 1715 7,
1048 1676 1143 1717 662).

295 1733 478 1777 Lapidarii]
515 1734 603 1765 Inter
629 1735 805 1766 Massiliam
834 1742 866 1767 et
894 1737 1043 1769 Rhodani
1076 1739 1173 1779 ostia,

218 1794 383 1827 Strabone
410 1801 491 1827 teste
518 1797 570 1839 (4,
598 1809 630 1839 p.
653 1797 751 1840 182),
782 1810 875 1841 quem
900 1800 1027 1831 omnino
1053 1802 1137 1834 vide.

297 1859 383 1904 quod
416 1860 460 1890 ibi
491 1858 620 1903 eodem]
653 1860 692 1890 In
720 1860 877 1892 Palatinis
907 1863 1032 1894 schedis
1057 1864 1174 1896 lectum

219 1917 297 1949 mihi
321 1925 370 1950 est
397 1920 483 1965 qumi
506 1921 584 1951 Jovz'
602 1933 638 1951 eo
665 1922 854 1961 dimicante,
880 1925 1039 1966 quomodo
1065 1925 1174 1969 ethi-

219 1987 314 2013 nctus
334 1981 368 2013 in
393 1982 475 2021 suis,
501 1988 533 2014 et
559 1983 752 2015 clarissimus
780 1985 943 2017 Mei-cerus
968 1987 1173 2028 invenerunt3

221 2056 315 2087 quam
338 2044 508 2076 lectionem
541 2051 619 2088 puto
654 2047 767 2078 factam
803 2060 841 2078 ex
871 2056 1018 2092 corrupta
1045 2053 1089 2081 im·
1115 2062 1173 2095 pro

220 2106 283 2143 ibi,
317 2109 352 2136 ut
384 2110 470 2141 recle
501 2106 618 2137 habent
662 2107 771 2150 optimi
811 2109 873 2140 (luo
908 2111 1018 2152 Regii,
1058 2112 1112 2154 qui
1143 2118 1174 2144 et

219 2169 363 2210 pluvisse
389 2168 501 2208 legunt
523 2164 726 2212 ἀρχαϊκῶς
748 2182 805 2214 pro
827 2173 1105 2214 pluisse-,Sama
1121 2175 1174 2218 (ad

221 2230 325 2263 Solin.
344 2242 375 2273 p.
393 2231 454 2273 58)
470 2249 516 2254 ——
539 2231 661 2274 Recepi
684 2234 728 2263 ibi
747 2234 841 2275 vulgo
863 2236 1030 2276 omissum,
1056 2243 1087 2268 et
1103 2240 1173 2281 plu-

220 2295 322 2331 visse,
358 2294 444 2336 quod
478 2293 573 2324 etiam
609 2294 856 2340 Oudendorpius
888 2300 939 2341 (ad
971 2299 1173 2343 Appulejl,

220 2353 353 2397 p.5¹l)
372 2353 406 2384 in
426 2354 652 2397 antiquissimis
676 2356 837 2388 codicibus
863 2359 926 2400 legi
952 2366 1097 2394 testatur.

295 2415 407 2460 Ionio]
435 2416 551 2447 Editur
576 2417 704 2461 quidem
731 2421 847 2462 passim
875 2423 957 2465 apud
982 2424 1174 2456 martianum

229 2476 328 2507 »idem
352 2478 463 2507 Ioniae
485 2490 599 2509 nomen
617 2479 739 2519 dedit«,
767 2481 821 2511 sed
848 2483 951 2514 onmia
968 2485 1084 2528 scripta
1102 2485 1172 2527 ejus

746 2540 847 2574 Aliud
882 2544 981 2576 voluit
1021 2545 1169 2578 Solinus:

220 2537 409 2580 exemplaria
449 2538 559 2579 legunt
590 2541 694 2575 Ionio.

469 560 647 614 Iapygas
690 559 825 613 Iapyx
864 559 1043 600 Daedali
1081 557 1191 599 filius
1231 558 1435 608 condidit,
1492 559 1649 600 Coram
1694 558 1944 611 Dardanus3
1980 559 2176 614 Agyllam

1673 640 1938 695 Parthenope
1981 640 2092 680 dicta
2126 640 2177 681 ab

1236 746 1416 787 ·›regionem
1444 745 1588 776 Ionicum
1621 744 1660 775 ab
1690 744 1768 775 lone
1799 743 1957 775 Naulochi
1991 743 2081 774 filiam
2129 742 2178 773 Io-

1228 809 1315 840 nium
1347 809 1385 839 ab
1413 808 1491 839 Ione
1517 808 1617 847 Italo,
1657 807 1710 838 alii
1739 807 1778 838 ab
1806 807 1897 838 Ionio
1924 806 2051 849 Illyrio,
2077 805 2180 849 inquit

1229 872 1430 915 Stephanus,
1467 871 1586 902 (lictum
1610 871 1730 902 volunt.
1779 869 1912 902 Servius
1937 869 2062 900 Ionium
2084 868 2180 899 istum

1229 935 1352 966 insulae
1380 947 1486 976 regen]
1510 934 1610 965 fuisse
1643 933 1719 965 dicit
1751 938 1860 964 contra
1884 933 2054 975 Illyricum.
2076 936 2081 940 “’
2092 931 2181 963 Nihil

1228 997 1290 1028 hoe
1308 997 1347 1027 all
1369 995 1510 1027 Ionieam
1534 995 1704 1036 regionem.
1732 995 1902 1025 Praeterea
1925 994 1997 1037 quis
2017 994 2071 1024 ille
2088 994 2178 1025 Ivau-

1230 1059 1352 1097 lochus,
1376 1059 1466 1099 cnjus
1492 1058 1555 1089 fllia
1583 1058 1676 1096 lone,
1705 1057 1754 1088 vel
1781 1063 1815 1088 ut
1841 1057 1893 1088 alii
1914 1057 1987 1087 libri
2007 1056 2179 1099 appellant,

1228 1120 1418 1151 Auloelms?
1448 1119 1487 1150 Iu
1513 1118 1638 1161 scriptis
1666 1118 1754 1148 libris
1780 1118 1928 1149 Martiani
1956 1118 2108 1161 Capellae
2133 1118 2178 1149 di-

1228 1182 1311 1213 citur
1332 1182 1506 1221 Autoclus3
1535 1186 1645 1224 posset
1669 1193 1740 1212 esse
1759 1178 1976 1224 Αὖτοκλος,
2002 1187 2037 1212 ut
2054 1181 2177 1215 Οἴνοκ-

1230 1245 1319 1289 λος,
1340 1243 1582 1290 Ἄνδροκλος,
1610 1245 1725 1275 melius
1741 1250 1847 1275 tamen
1867 1244 1961 1275 scribi
1986 1249 2094 1287 putem
2110 1245 2178 1276 An-

1228 1309 1322 1349 tolyci
1344 1308 1461 1349 filiam,
1496 1307 1550 1348 qui
1581 1307 1630 1337 sur
1658 1307 1792 1347 insignis
1816 1318 1856 1337 ex
1885 1307 2000 1337 sabulis
2025 1312 2121 1338 nolus
2148 1313 2179 1338 et

1228 1370 1325 1401 filiam
1347 1370 1405 1401 sibi
1423 1370 1557 1400 similem
1572 1369 1681 1400 babuit
1695 1370 1805 1400 Ionem
1830 1370 2006 1412 procaciter
2020 1370 2086 1401 vias
2103 1370 2178 1401 insi-

1228 1433 1364 1464 dentem.
1392 1432 1510 1464 Adhuc
1533 1438 1637 1463 tamen
1659 1432 1849 1463 haesitamus
1865 1432 1898 1463 in
1917 1433 2025 1464 Ionica
2039 1433 2178 1474 regione.

1227 1496 1316 1539 Quid
1353 1496 1380 1526 si
1417 1496 1559 1528 Choniea
1600 1496 1770 1539 scripserat
1809 1495 1942 1527 Solinus
1980 1501 2011 1527 et
2048 1497 2179 1529 Chone?

1227 1558 1369 1591 δαημς.
1382 1558 1436 1602 (ad
1453 1559 1556 1591 Solin.
1574 1571 1604 1602 p.
1616 1559 1742 1601 58).-
1765 1560 1858 1590 Ionio
1874 1571 1931 1602 pro
1947 1560 2072 1598 Ioniae,
2092 1560 2177 1603 quod

1221 1621 1288 1662 jam
1317 1621 1450 1653 Grotius
1483 1621 1615 1662 margini
1649 1622 1833 1665 adscripsit,
1865 1622 1937 1653 dedi
1966 1634 1983 1653 e
2015 1622 2176 1653 codicibus

1223 1684 1478 1715 Reichenaueusi
1496 1690 1527 1715 et
1541 1685 1805 1724 Darmstattensi3
1824 1685 1968 1722 Antocli‚
1989 1686 2076 1727 quod
2092 1685 2175 1716 idem

1224 1746 1257 1776 in
1284 1745 1423 1786 margine
1454 1745 1561 1786 legere
1590 1745 1668 1776 alios
1696 1746 1832 1784 notavit,
1861 1746 2002 1789 recipcre
2027 1747 2176 1778 audacius

1226 1806 1318 1846 duxi,
1346 1818 1443 1849 quum
1473 1806 1504 1837 in
1533 1806 1582 1837 his
1604 1806 1697 1847 juxta
1723 1819 1794 1838 cum
1817 1806 2081 1847 ignorantissinlis
2103 1808 2175 1840 cali-

1225 1879 1305 1908 gem.
1333 1868 1536 1898 Naulochum
1554 1867 1684 1899 Siciliae
1709 1868 1861 1911 oppidum
1876 1869 1975 1900 habes
1991 1869 2076 1913 apud
2096 1869 2176 1902 Sue·

1224 1929 1346 1960 tonium
1367 1928 1454 1971 (Oet.
1482 1928 1551 1971 lG).

1298 1988 1467 2033 Ayyllam]
1495 1989 1589 2031 Quae
1615 1989 1654 2020 ab
1677 1989 1824 2021 Etruscis
1840 1996 1952 2033 postea
1970 1991 2072 2023 Caere
2093 1991 2175 2022 dicta

1224 2055 1290 2090 est3
1322 2050 1392 2081 vide
1415 2050 1601 2082 Cluverium
1621 2051 1703 2094 (Ital.
1720 2057 1783 2082 ant.
1802 2051 1840 2084 T.
1862 2052 1894 2092 Ι,
1920 2064 1954 2094 p.
1970 2052 2044 2083 489
2060 2052 2175 2094 sequ.).

1297 2111 1445 2157 Catillus]
1474 2114 1568 2144 Unde
1591 2114 1733 2144 »moenia
1755 2113 1870 2145 Catili«
1898 2114 1982 2156 apud
2002 2114 2172 2146 Horatium

1224 2174 1303 2219 (Otl.
1322 2177 1337 2206 1
1350 2198 1359 2214 ,
1388 2177 1449 2215 18,
1475 2175 1521 2218 2).
1546 2176 1642 2207 Adde
1660 2175 1828 2216 Virgilium
1847 2176 1894 2218 (7,
1918 2176 2006 2220 670)
2024 2189 2096 2209 eum
2119 2190 2173 2210 ex—

1224 2248 1319 2269 cursu
1342 2235 1461 2279 lleynii
1488 2237 1539 2279 (T.
1564 2237 1627 2275 111,
1651 2249 1681 2279 p.
1702 2236 1795 2277 151).

1296 2298 1414 2339 pignus
1431 2295 1592 2340 asserunt]
1611 2297 1686 2327 Huc
1707 2297 1791 2327 refer
1807 2296 1880 2328 illos
1895 2298 2032 2339 Vergilii
2045 2309 2171 2332 versus:

1279 2359 1367 2391 „IVec
1390 2360 1623 2391 Praenestinae
1642 2359 1799 2401 fimdator
1819 2360 1921 2403 defuit
1938 2363 2026 2393 urbis

1274 2423 1422 2455 Vulcano
1441 2424 1584 2466 yenitum
1605 2435 1720 2465 pecora
1739 2425 1823 2455 inlen-
1844 2426 1984 2468 ayrestia
2008 2437 2133 2469 reqem,

1269 2484 1510 2530 Inventumque
1530 2483 1611 2526 focis
1636 2486 1737 2516 omnis
1762 2497 1854 2531 quem
1880 2487 2014 2519 credidit
2038 2493 2146 2526 aetas,

1271 2546 1440 2582 Caeculus.
1450 2560 1461 2575 u
1487 2565 1536 2571 —-
1553 2565 1600 2570 --
