2310 2860
185 173 284 218 404
768 170 967 213 Martiani
996 168 1196 226 Capellae
1223 167 1296 210 lib.
1321 166 1377 210 V.
1411 169 1441 222 §.
1465 167 1570 210 448.

186 280 381 322 dativum
413 279 538 319 etiam
569 290 701 334 genus
730 277 774 318 in
805 275 1038 332 praeteritis
1070 274 1187 316 factis
1218 290 1346 316 omne
1377 276 1580 328 consistit,
1619 275 1691 317 sed
1723 291 1747 317 a
1775 277 1961 330 judiciali
1991 293 2144 336 genere

187 360 271 403 fine
307 359 571 401 discernitur.
627 359 742 401 Nam
768 357 884 400 aliud
913 366 974 399 est
1001 357 1221 399 absolvere
1249 357 1515 399 innocentem
1546 360 1764 414 aequitatis
1799 360 1998 415 imperio,
2029 359 2146 402 aliud

187 442 385 484 laudibus
431 441 631 497 prosequi
680 441 911 496 gloriosum
965 439 1193 494 insignium
1243 440 1596 496 contemplatione
1639 440 1905 482 meritorum.
1977 439 2147 482 Accedit

187 522 303 577 quod
332 522 375 563 in
405 521 592 577 judiciali
622 536 775 578 genere
807 520 981 576 ambigit
1011 520 1200 576 cognitor
1228 520 1271 562 in
1295 520 1424 563 rebus
1448 521 1615 575 alienis;
1654 521 1697 562 in
1728 521 2007 563 deliberativo
2039 536 2142 563 vero

187 603 372 658 quisque
405 611 493 644 tam
527 601 579 643 de
612 602 698 643 suis
738 616 872 657 quam
912 601 1038 643 etiam
1082 599 1135 641 de
1165 601 1295 643 rebus
1326 601 1529 655 externis3
1572 602 1616 643 in
1650 601 1868 644 laudativo
1905 602 2144 643 aestimator

190 682 403 724 auscultat
427 697 530 724 vera
556 696 832 739 congruaque
863 695 975 736 quae
1005 691 1320 736 memorentur,
1353 685 1450 726 licet
1470 684 1641 727 novella
1665 685 1791 726 etiam
1821 684 1865 726 id
1895 684 2149 726 contulerint

66 761 159 803 449
187 764 498 816 blandimenta,
545 774 592 805 ut
640 778 743 806 suae
780 763 1103 821 praedicationis
1143 762 1216 805 fiat
1247 765 1404 806 arbiter
1436 766 1510 820 qui
1552 765 1766 807 laudatur.
1838 765 1947 820 Ergo
1986 772 2150 821 oportet

186 846 379 888 attentius
420 846 597 898 intueri,
644 862 699 888 ne
733 861 784 889 ea
823 861 936 903 quae
983 845 1183 888 auditoris
1219 845 1411 888 officium
1450 846 1653 889 habuerit
1689 846 1982 898 intendamus,
2034 855 2083 887 ut
2114 846 2148 887 si

184 926 315 969 Verri
345 926 463 982 quod
493 925 764 968 damnandus
795 927 847 969 sit
875 926 1088 980 edicatur3
1131 926 1202 967 ille
1240 927 1402 983 quippe
1442 942 1486 969 se
1516 927 1814 969 damnandum
1845 941 1931 968 non
1962 940 2051 967 esse
2079 940 2148 967 re-

184 1008 381 1065 spondet,
424 1017 463 1049 et
493 1017 642 1049 utrum
678 1007 948 1050 damnandus
979 1008 1052 1059 sit,
1096 1007 1185 1049 sola
1217 1008 1397 1063 qualitas
1428 1008 1664 1064 apparebit.
1725 1008 1858 1063 Igitur
1891 1022 1915 1049 a
1943 1006 2042 1048 sacti
2071 1006 2148 1047 oh-

181 1090 360 1146 jectione
398 1089 584 1131 nascitur
623 1089 816 1142 intentio,
869 1098 916 1130 ut
953 1088 989 1129 si
1027 1086 1165 1128 eidem
1209 1087 1344 1128 dicas:
1384 1088 1572 1129 Siciliam
1606 1088 1814 1143 spoliasti,
1868 1101 2145 1142 responsuro:

183 1187 270 1215 non
307 1172 407 1223 feci,
455 1172 699 1225 conjectura
736 1171 1021 1225 componitur.
1086 1168 1275 1210 Stultum
1318 1169 1480 1225 quippe
1520 1179 1580 1211 est
1615 1169 1680 1221 id,
1735 1168 1852 1224 quod
1888 1169 1932 1210 in
1972 1167 2146 1209 arbitrio

183 1261 329 1294 manet
354 1251 526 1307 judicis,
557 1260 631 1292 aut
654 1259 766 1292 certe
797 1249 895 1292 facti
925 1264 1102 1301 nomen,
1130 1263 1217 1290 non
1247 1248 1391 1304 ipsum
1418 1248 1580 1290 crimen
1609 1247 1840 1289 intendere.
1888 1246 2148 1288 Cavendum

186 1346 343 1389 aeque,
382 1337 464 1385 ne,
498 1347 637 1388 quum
669 1332 739 1373 lex
773 1331 862 1373 ulla
891 1332 960 1374 vel
991 1332 1201 1387 scriptura
1237 1331 1282 1371 in
1313 1344 1441 1370 causa
1470 1338 1696 1380 tractatur,
1743 1328 1915 1369 intentio
1952 1320 2149 1368 sumatur

183 1428 237 1455 ex
274 1413 388 1468 lege,
432 1422 479 1453 ut
509 1413 543 1453 si
572 1412 706 1453 dicas:
743 1411 814 1453 lex
845 1421 886 1453 te
916 1426 1097 1453 murum
1129 1412 1301 1454 vetabat
1330 1411 1559 1453 ascendere
1591 1411 1886 1468 peregrinum3
1939 1410 2013 1452 sed
2041 1409 2147 1451 illud

182 1493 321 1550 potius
351 1492 600 1534 dicendum:
633 1505 815 1533 murum
844 1491 1087 1544 ascendisti,
1128 1500 1197 1542 ut,
1236 1491 1270 1532 si
1299 1491 1540 1547 negaverit,
1585 1505 1674 1531 non
1705 1491 1755 1531 sit
1784 1504 1928 1546 pugna
1960 1489 2013 1531 de
2042 1489 2146 1544 lege,

180 1574 256 1616 sed
287 1573 342 1615 de
372 1573 505 1624 facto,
538 1572 606 1613 cui
639 1571 797 1613 accedit
826 1571 922 1623 lex3
953 1572 986 1612 si
1017 1573 1232 1614 confessus
1263 1589 1317 1614 ex
1350 1573 1484 1624 facto,
1523 1582 1626 1614 tunc
1656 1581 1803 1613 contra
1831 1571 1968 1627 legem
1998 1571 2145 1613 fecisse

179 1654 390 1697 videatur.
457 1653 661 1695 Ceterum
700 1652 733 1692 si
770 1660 922 1707 negato
968 1652 1077 1694 facto
1117 1653 1247 1695 fuerit
1284 1654 1356 1695 lex
1397 1654 1466 1695 vel
1505 1653 1683 1708 quaevis
1713 1653 1924 1709 scriptura
1952 1652 2146 1704 recitata,

180 1734 403 1791 superflua
442 1733 658 1777 videbitur
697 1734 930 1784 contentio,
982 1733 1157 1788 quando
1191 1748 1279 1774 non
1319 1732 1425 1787 juris
1467 1732 1541 1773 sed
1572 1733 1757 1774 veritatis
1797 1732 2012 1774 altercatio
2043 1748 2145 1774 con-

57 1810 150 1854 450
179 1814 308 1856 tineat
348 1813 664 1869 quaestionem
708 1812 791 1853 hoc
833 1813 935 1854 vitio
975 1813 1175 1870 plerique
1213 1813 1307 1855 falsi
1343 1822 1455 1854 sunt.
1516 1813 1600 1855 Sed
1632 1823 1672 1855 et
1710 1823 1878 1870 praeter
1907 1815 2001 1856 illos
2032 1816 2146 1866 treis,

183 1907 291 1948 quos
316 1901 445 1933 status
473 1893 645 1944 asserui,
678 1892 779 1933 alios
803 1903 992 1948 quatuor
1017 1895 1087 1936 vel
1112 1894 1307 1950 quinque
1337 1894 1390 1935 de
1410 1894 1553 1950 scripti
1582 1895 1785 1950 qualitate
1809 1905 2030 1937 manantes
2057 1909 2145 1937 esse

179 1973 401 2024 dixerunt,
435 1973 509 2027 qui
543 1973 638 2014 licet
671 1987 768 2014 suas
798 1973 842 2014 in
873 1973 1082 2015 divisione
1111 1989 1266 2018 causae
1295 1986 1435 2032 partes
1466 1977 1701 2030 obtineant,
1740 1987 1884 2019 tamen
1915 1990 2141 2031 nunquam

178 2053 401 2111 principali
424 2053 516 2095 loeo
544 2064 799 2108 nascuntur3
831 2055 933 2110 quia
962 2056 1042 2097 nisi
1066 2055 1195 2099 fuerit
1217 2057 1335 2114 quod
1365 2057 1592 2114 probetur,
1622 2073 1751 2100 nemo
1782 2058 1836 2100 ad
1865 2056 2138 2114 probandum

251 2162 378 2196 novella
395 2161 626 2207 blandimenta]
648 2163 865 2207 Panegyricos
885 2163 1056 2206 intelligas,
1080 2165 1136 2209 qni
1185 2178 1252 2199 non
1279 2170 1402 2210 potest,
1440 2166 1515 2210 quia
1541 2167 1604 2199 hoe
1627 2167 1668 2199 ad
1692 2166 1811 2208 judicis
1833 2164 1970 2197 officinm
1990 2164 2141 2209 pertinet.

175 2223 421 2268 imperatoribus
452 2235 517 2255 non
551 2224 646 2256 modo
679 2224 864 2257 absentibus
898 2236 1010 2259 verum
1041 2225 1137 2258 etiam
1260 2227 1314 2259 lex
1331 2232 1363 2259 te
1379 2225 1518 2272 murum]
1534 2227 1726 2270 Exemplum
1741 2228 1803 2258 hoe
1818 2232 1930 2258 noster
1946 2238 1964 2258 e
1983 2226 2141 2258 Cleerone

174 2285 398 2330 praesentibus
429 2284 624 2316 dicebantur.
1184 2287 1238 2333 (de
1258 2293 1337 2320 orat.
1356 2288 1397 2328 2,
1422 2288 1484 2332 24)
1507 2294 1540 2320 et
1564 2287 1782 2330 Quinctiliano
1806 2287 1854 2332 (7,
1880 2289 1920 2328 6,
1947 2288 1987 2328 63
2015 2300 2046 2332 p.
2068 2286 2140 2319 142

252 2351 337 2379 certe
354 2344 449 2391 faeti]
472 2345 606 2379 Grotius
625 2346 658 2378 in
676 2347 817 2389 margine
837 2351 917 2382 certi
921 2363 935 2390 ,-
961 2349 1019 2382 sed
1037 2348 1133 2381 altius
1182 2348 1310 2395 spald.)
1331 2349 1471 2393 repetiit.

175 2409 326 2441 mendum
339 2409 479 2441 insidere
492 2409 635 2450 videtur5
650 2409 720 2441 vide
738 2422 777 2443 ne
790 2411 960 2454 legendnm
977 2413 1034 2444 sit:
1053 2424 1137 2445 »non
1262 2413 1301 2445 de
1321 2411 1445 2458 scripti]
1477 2411 1524 2443 lli
1543 2417 1617 2443 sunt
1634 2423 1716 2456 quos
1737 2411 1818 2443 alios
1840 2412 1958 2456 quales
1979 2412 2139 2456 appellare

172 2472 281 2516 ipsum
314 2472 434 2504 crimen
470 2477 525 2504 aut
557 2477 643 2505 certe
679 2473 754 2505 sacti
787 2485 904 2507 nomen
935 2475 1131 2509 intenderem
1187 2484 1285 2519 supra
1305 2474 1358 2519 (ad
1379 2472 1510 2518 §.4420
1532 2473 1657 2514 monui,
1684 2485 1820 2518 quorum
1849 2473 1990 2517 quinque
2015 2473 2138 2517 species

174 2532 341 2579 spoliasse
364 2535 508 2569 Siciliam
529 2535 666 2569 Verrem
694 2542 860 2569 accusator
883 2538 1050 2572 intendere
1074 2551 1132 2584 po·
1184 2538 1304 2571 faciunt
1323 2537 1450 2570 easdem
1468 2548 1548 2581 quas
1568 2542 1679 2571 noster
1691 2537 1774 2571 infra
1786 2535 1832 2583 (§.
1845 2536 1951 2583 462),
1975 2537 2031 2570 ubi
2045 2536 2137 2582 ptura

172 2602 252 2638 test,
278 2596 352 2641 quia
372 2597 405 2628 in
425 2598 508 2631 facto
538 2598 678 2644 positum
705 2603 772 2643 est3
799 2600 1012 2635 damnandum
1038 2613 1110 2635 esse
1118 2635 1128 2653 ‚
1179 2600 1219 2635 de
1243 2600 1284 2634 iis
1311 2598 1537 2636 monebantur.
