2310 2860
646 215 844 258 Martiani
877 216 1076 273 Capellae
1105 215 1175 257 lib.
1200 215 1254 257 V.
1290 218 1321 269 §.
1346 216 1450 258 474.
1974 221 2061 262 421

106 321 155 364 In
198 322 288 378 ipso
324 331 418 364 tum
457 331 614 375 totum,
672 332 767 365 tum
811 338 909 379 pars
950 323 1062 376 ejus,
1120 332 1212 364 tum
1257 333 1378 375 nota,
1432 338 1565 379 quam
1609 327 1761 369 Graeci
1797 333 2064 382 ἐτυμολογίαν

105 403 263 445 dicunt.
329 405 549 461 Attingunt
592 420 694 446 vero
739 405 979 460 negotium,
1031 417 1142 459 quae
1177 402 1229 443 ad
1263 403 1306 444 id
1337 402 1617 446 relativorum
1650 408 1810 449 ratione
1839 410 2064 464 dicuntur3

106 491 144 522 et
172 492 271 523 sunt
300 498 482 525 numero
513 484 734 525 tredecim:
769 499 792 524 a
823 485 1066 539 conjugato,
1099 499 1121 524 a
1152 499 1326 539 genere,
1357 498 1380 525 a
1411 485 1551 527 forma
1581 487 1650 529 vel
1681 490 1839 544 specie,
1871 506 1894 532 a
1926 492 2065 543 simili,

105 578 128 605 a
162 564 393 617 differenti,
444 581 465 606 a
497 566 730 616 contrario,
773 581 796 607 a
834 568 1085 620 conjunctis,
1131 568 1183 608 ab
1223 568 1585 621 antecedentibus,
1632 587 1653 612 a
1693 575 2063 628 consequentibus,

105 659 128 686 a
164 648 521 701 repugnantibus,
576 663 599 688 a
641 647 798 698 causis,
847 648 900 688 ab
940 647 1119 700 effectis,
1165 664 1189 690 a
1231 652 1569 706 comparatione,
1626 655 1747 707 cujus
1792 666 1889 696 sunt
1927 665 2065 711 partes

103 737 209 779 trQS,
246 729 434 783 majora,
474 729 662 780 minora,
701 729 833 784 paria.
894 729 1083 784 Apparet
1113 730 1154 770 in
1186 732 1385 772 omnibus
1416 732 1638 774 relativam
1672 734 1804 775 inesse
1835 737 2065 788 ratione1n3

102 824 202 850 nam
243 812 516 866 conjugatum
557 811 739 852 alterum
781 811 899 852 alteri
935 811 1203 863 nominatur,
1251 822 1291 853 et
1326 828 1457 868 genus
1501 823 1540 854 et
1573 815 1731 870 species
1772 815 1825 857 ad
1855 831 1897 856 se
1929 817 2062 860 relata

102 889 230 943 fiunt3
271 893 415 946 ipsum
455 893 580 933 etiam
620 893 756 933 simile
799 893 978 948 alicujus
1010 893 1191 934 assimile
1223 904 1304 946 est,
1345 904 1384 936 et
1414 909 1561 936 omnes
1593 895 1673 937 loci
1704 907 2062 952 argumentorum

102 987 186 1013 non
218 988 270 1014 ex
302 988 345 1015 se
375 973 449 1015 sed
481 989 532 1016 ex
571 974 651 1016 alio
681 990 840 1017 nomen
875 976 1098 1033 accipiunt.

825 1133 904 1174 DE
945 1133 1352 1176 DEFINITIONE.

269 1238 403 1293 Igitur
442 1247 601 1290 totum,
647 1238 764 1295 quod
802 1238 987 1280 dubium
1022 1239 1267 1291 discutitur,
1306 1238 1473 1281 definiri
1517 1240 1712 1296 primitus
1749 1240 1979 1297 oportebit,
2029 1251 2068 1283 et
2096 1240 2185 1282 475

99 1318 157 1358 sic
192 1329 443 1373 argumenta
472 1329 652 1361 tractare
686 1320 768 1361 hoe
805 1321 955 1362 modo:
989 1320 1049 1360 Sit
1086 1336 1152 1361 res
1181 1320 1333 1371 dubia,
1377 1329 1524 1360 utrum
1566 1321 1678 1362 utilis
1711 1321 1954 1377 eloquentia
1998 1323 2067 1363 vi-

99 1396 264 1439 deatur.
940 1400 988 1440 In
1020 1409 1104 1441 toto
1136 1400 1263 1455 igitur
1293 1399 1586 1441 definiendum
1622 1411 1684 1442 est
1713 1402 1790 1442 sic:
1824 1402 2066 1457 eloquentIa

331 1398 588 1454 Eloquentia
626 1408 762 1441 totum
803 1410 873 1441 est.

100 1488 159 1520 est
187 1479 296 1520 bene
328 1473 495 1520 dicendi
526 1479 717 1530 scientia,
761 1479 870 1520 bene
902 1479 1042 1521 dicere
1075 1490 1216 1522 autem
1250 1481 1352 1522 utile
1388 1491 1467 1532 est,
1510 1481 1623 1522 utilis
1653 1482 1780 1538 igitur
1812 1483 2067 1540 eloquentia.

99 1588 149 1619 nis
179 1589 257 1620 haec
287 1588 455 1632 disciplina
483 1588 725 1620 fundamentum
752 1588 891 1633 accepit,
922 1588 997 1621 licet
1025 1590 1058 1621 in
1110 1602 1179 1621 rum
1204 1590 1242 1621 de
1260 1591 1375 1634 quibus
1400 1591 1503 1632 agitur
1522 1603 1636 1623 causae
1661 1597 1714 1623 aut
1736 1604 1903 1624 causarum
1920 1600 2065 1636 eventus,

98 1652 233 1694 singulis
254 1652 423 1696 discrepet.

172 1713 269 1760 nola]
298 1715 414 1747 Cicero
440 1715 524 1760 (top.
550 1714 608 1759 8):
631 1714 752 1748 »Multa
779 1715 875 1747 etiam
899 1727 940 1747 ex
965 1721 1056 1747 nota-

99 1778 184 1808 tione
208 1783 385 1809 sumuntur.
410 1777 459 1809 Ea
482 1782 531 1809 cst
555 1783 661 1809 autem
684 1790 782 1821 quum
803 1790 843 1809 ex
865 1777 896 1809 vi
919 1778 1056 1810 nominis

98 1847 317 1882 argumentum
348 1842 488 1882 elicitur3
524 1854 618 1885 quam
646 1841 764 1874 Graeci
795 1840 1057 1887 ἑτυμολογίαν

99 1910 230 1945 vocant,
254 1905 286 1935 id
316 1911 365 1936 est
388 1906 519 1936 verbum
544 1918 584 1937 ex
612 1906 710 1937 verbo
736 1906 969 1952 veriloquium,-
996 1917 1056 1937 nos

97 1972 203 1998 autem
226 1966 399 1998 novitatem
420 1967 509 1997 verbi
535 1979 600 1997 non
623 1966 700 1997 satis
729 1966 794 2010 apti
821 1966 980 2008 fugientes
1003 1979 1055 2008 ge·

97 2041 157 2060 nus
186 2030 248 2060 hoc
282 2029 478 2060 notationem
508 2028 722 2071 appellamuS,
753 2027 827 2071 quia
859 2034 933 2059 sunt
959 2029 1056 2060 verba

97 2103 202 2122 rerum
230 2096 334 2122 notae.
360 2089 473 2134 Itaque
502 2091 563 2121 hoc
590 2089 675 2121 idem
696 2088 893 2121 Aristotetes
919 2086 1056 2134 σύμβο-

99 2154 170 2189 λον
195 2154 350 2199 appellat,
381 2154 469 2198 quod
491 2154 607 2186 Latine
633 2159 682 2185 est
702 2160 795 2186 nola«
823 2153 918 2198 (adde
940 2155 979 2186 de
999 2155 1054 2187 fin.

98 2220 140 2258 ὅ,
163 2219 236 2261 25).
261 2218 385 2250 Eadem
406 2219 471 2249 sere
492 2218 586 2249 iterat
609 2218 847 2261 Quinctilianus
865 2219 913 2263 (l,
936 2220 970 2259 6,
991 2218 1053 2262 28)

97 2279 249 2322 additque
270 2291 359 2311 »esse
385 2281 440 2324 qui
461 2280 524 2312 vim
547 2280 656 2325 potius
682 2281 789 2312 intuiti
809 2283 1054 2325 ⁰riqinationem

96 2346 237 2374 vocent«

172 2401 343 2448 tredecim]
379 2401 528 2435 Totidem
553 2411 699 2437 numerat
735 2404 850 2437 Cicero
887 2404 971 2449 (top.
994 2405 1052 2449 5),

97 2465 155 2497 sed
180 2465 242 2497 alio
264 2464 336 2496 loco
355 2464 473 2508 (partit.
492 2464 529 2507 2)
556 2466 718 2509 aliquanto
744 2467 924 2499 confusiusz
950 2479 1052 2511 »quae

96 2529 193 2561 infixa
217 2533 292 2561 sunt
311 2528 407 2560 rebus
429 2528 525 2571 ipsis«
544 2528 647 2572 inquit
665 2536 719 2561 »ut
741 2531 899 2572 definitio,
926 2537 961 2562 ut
978 2543 1052 2563 cou-

96 2593 244 2632 starium,
278 2596 314 2623 ut
340 2603 377 2623 ea
407 2604 488 2636 quae
519 2597 593 2624 sunt
624 2594 715 2636 quasi
739 2595 909 2637 conjuncta
938 2600 991 2626 aut
1015 2606 1053 2626 ea

97 2666 179 2699 quae
208 2659 283 2687 sunt
307 2654 398 2699 quasi
424 2654 599 2699 pugnantia
622 2654 705 2689 inter
732 2667 785 2699 se,
814 2662 851 2690 ut
873 2668 980 2690 earum
1004 2668 1051 2691 re-

1109 1657 1145 1683 ut
1161 1652 1413 1691 distributiones,
1442 1657 1476 1683 ut
1492 1664 1609 1693 genera
1630 1653 1767 1696 partium
1784 1666 1975 1694 generumve
1994 1668 2063 1700 par-

1109 1721 1174 1755 tes,
1204 1722 1240 1746 ut
1264 1715 1437 1759 primordia
1466 1728 1571 1747 rernm
1591 1721 1622 1747 et
1643 1717 1734 1759 quasi
1755 1719 2006 1761 praecurrentia,
2031 1719 2066 1751 in

1109 1777 1226 1821 quihus
1256 1777 1342 1809 inest
1372 1776 1492 1821 aliquid
1515 1778 1708 1819 argumenti,
1740 1785 1775 1810 ut
1799 1791 1905 1811 rerum
1935 1787 2065 1813 eonten-

1107 1839 1230 1880 tiones,
1262 1839 1339 1883 quid
1362 1839 1482 1881 majus,
1515 1839 1592 1883 quid
1613 1851 1689 1883 par,
1715 1840 1790 1885 quid
1819 1841 1924 1873 minus
1948 1842 2004 1883 sit,
2033 1843 2066 1875 in

1108 1900 1224 1944 quibus
1255 1905 1310 1932 aut
1341 1906 1473 1932 naturae
1507 1912 1613 1933 rerum
1649 1907 1704 1934 aut
1737 1902 1905 1936 facultates
1940 1915 2065 1949 compa—

1107 1970 1225 1996 rantur.
1233 1978 1246 1993 α

1181 2053 1255 2099 loci]
1284 2053 1399 2087 Cicero
1422 2054 1499 2098 (top.
1517 2054 1568 2097 2)=
1585 2052 1713 2097 »Quum
1735 2056 1951 2099 pervestigare
1973 2069 2063 2101 argu-v

1107 2122 1248 2148 mentum
1285 2116 1416 2160 aliquod
1448 2116 1613 2158 volumus,
1651 2118 1735 2149 locos
1764 2130 1861 2150 nosse
1893 2120 2065 2162 debemus,

1107 2180 1153 2212 sic
1183 2180 1267 2212 enim
1291 2180 1468 2224 appellatae
1495 2180 1534 2211 ab
1562 2179 1741 2212 Aristotele
1776 2188 1851 2214 sunt
1883 2184 1942 2215 hae
1972 2184 2064 2229 quasi

1106 2243 1215 2282 sedes,
1242 2254 1260 2274 e
1294 2242 1410 2286 quibus
1443 2248 1628 2283 argumenta
1653 2250 1915 2288 proponuntur«,
1942 2252 1974 2278 et
2000 2247 2061 2278 alio

1105 2301 1178 2335 loco
1203 2304 1302 2347 (orat.
1325 2304 1409 2347 55)=
1438 2304 1565 2335 »traditi
1593 2310 1668 2336 sunt
1693 2316 1710 2337 e
1740 2306 1856 2349 quihus
1885 2318 1922 2338 ea
1950 2308 2060 2350 (argu-

1104 2366 1224 2410 menta)
1248 2367 1405 2398 ducantur
1435 2367 1579 2412 duplices
1603 2369 1682 2408 loci,
1711 2369 1767 2401 uni
1799 2381 1818 2402 e
1840 2370 1936 2402 rebus
1969 2370 2061 2414 ipsis,

1105 2429 1196 2462 alteri
1219 2429 1361 2461 assumti.
1369 2443 1381 2457 α

1180 2529 1266 2576 quod
1282 2527 1426 2574 dubium]
1447 2529 1534 2572 Lege
1557 2542 1620 2577 qno
1637 2529 1776 2560 dubium.
1792 2528 1895 2561 GnoT.
1908 2547 1955 2554 —
1973 2529 2057 2565 Cau-

1104 2604 1171 2624 sam
1196 2605 1263 2625 nou
1289 2593 1399 2633 video,
1432 2605 1546 2625 sensus
1576 2598 1641 2625 est:
1672 2591 1793 2634 »quod,
1827 2593 1902 2637 quia
1927 2594 2058 2629 dubium

1102 2660 1168 2698 est,
1196 2655 1248 2689 vel
1271 2660 1421 2701 tauquam
1442 2654 1573 2689 dubium
1593 2652 1792 2688 discutitum
