2310 2860
163 189 251 232 368
735 184 935 228 Martiani
962 183 1162 240 Capellae
1190 183 1262 225 lib.
1288 183 1364 226 IV.
1398 186 1427 236 §.
1451 186 1554 227 599.

164 297 198 337 si
235 293 468 337 constitutio
517 300 557 333 et
601 292 694 348 ipsa
729 302 769 334 et
804 306 902 348 pars
940 290 1240 333 constitutionis
1275 292 1367 347 ejus
1401 291 1617 348 quaelibet
1657 293 1892 335 intentionis
1925 295 2116 351 depulsio

165 388 247 428 est,
278 391 388 432 quae
427 375 664 416 intentionis
705 375 899 432 depulsio
937 387 1024 415 non
1072 380 1151 424 est,
1204 386 1255 413 ea
1290 387 1368 414 nec
1402 373 1637 414 constitutio
1676 383 1737 415 est
1778 389 1856 415 nec
1889 389 1987 430 pars
2018 391 2118 417 con-

45 458 138 501 400
163 457 427 500 stitutionis.“
485 456 592 497 Item
633 455 898 513 particularis
940 455 1178 498 abdicativa
1216 465 1351 512 potest
1389 455 1470 496 hoc
1503 455 1631 497 modo
1668 457 1877 509 converti;
1936 457 1969 497 si
2007 458 2119 499 enim

166 538 384 595 quoddam
424 538 582 579 animal
621 538 753 579 homo
793 552 878 578 non
917 546 997 589 est,
1042 535 1264 592 quoddam
1305 552 1391 578 non
1422 537 1553 578 homo
1586 537 1744 578 animal
1775 548 1855 590 est,
1901 538 2012 579 etin
2041 538 2122 581 hac

166 618 441 660 conversione
480 617 800 660 observandum
841 626 924 668 est,
969 616 1085 671 quod
1125 616 1200 657 ubi
1238 632 1325 658 non
1364 627 1423 658 est
1461 619 1624 673 negatio
1659 632 1798 673 quum
1832 619 1991 661 directo
2022 635 2123 676 pro—

165 699 387 755 ponimus,
432 699 490 740 ibi
527 697 573 740 fit
601 699 708 740 dum
731 697 1032 739 convertimus.
1080 696 1203 739 Hane
1231 697 1416 738 vicissim
1446 698 1770 740 conversionem
1796 700 2007 756 recipiunt
2036 700 2124 743 duo

164 782 417 838 proloquia,
463 797 575 837 quae
606 782 723 822 illam
754 781 940 837 primam
971 794 1057 820 non
1094 779 1331 820 necessario
1362 778 1634 835 recipiebant.
1699 781 1848 822 Solum
1883 782 2124 825 universale

164 864 454 905 abdicativum
493 877 579 903 non
617 863 735 904 illam
767 862 896 903 aliam
925 860 1088 916 recipit.
1147 860 1339 902 Vocetur
1375 875 1474 915 ergo
1505 860 1684 903 docendi
1724 878 1852 904 causa
1883 863 1954 904 illa
1985 864 2125 919 prima

165 946 411 996 conversio,
449 945 556 985 haec
586 943 785 985 secunda.
815 944 933 986 Haec
963 951 1106 984 autem
1127 941 1354 998 proloquia
1378 942 1750 996 quemadmodum
1774 944 1882 986 inter
1904 959 1949 985 se
1977 943 2127 986 affecta

162 1027 262 1077 sint,
304 1026 386 1067 hoc
420 1025 548 1067 modo
579 1025 842 1068 manifestius
882 1023 1115 1081 apparebit.
1184 1023 1383 1073 Quatuor
1426 1023 1545 1065 lineis
1587 1025 1794 1080 quadrata
1826 1026 2016 1068 formula
2047 1042 2124 1068 ex·-

163 1108 390 1163 primatur.
456 1108 505 1148 In
544 1108 683 1163 primo
726 1106 880 1162 angulo
919 1103 1150 1160 superioris
1187 1103 1322 1144 lineae
1353 1104 1562 1145 scribatur
1592 1105 1843 1146 universalis
1877 1105 2125 1162 dedicativa,

163 1197 203 1228 et
233 1188 275 1228 in
305 1188 386 1229 alio
422 1187 614 1241 ejusdem
656 1187 809 1242 angulo
853 1185 1105 1227 universalis
1145 1183 1380 1225 abdicativa
1393 1199 1406 1237 3
1450 1184 1550 1225 item
1596 1184 1707 1226 infra
1745 1185 1797 1226 ad
1827 1186 2019 1241 primum
2051 1199 2127 1226 an—

163 1269 316 1324 gulum
356 1268 566 1309 inferioris
607 1267 745 1309 lineae
782 1266 1056 1323 particularis,
1088 1264 1345 1319 dedicativa,
1399 1265 1453 1308 ad
1492 1265 1699 1321 angulum
1736 1266 1956 1321 reliquum
1993 1266 2125 1322 parti-

164 1442 339 1474 anteriores
382 1448 488 1474 tamen
530 1441 687 1474 editiones
729 1446 817 1474 reete
860 1451 878 1474 e
918 1439 1005 1474 fonte
1047 1439 1118 1485 ipso

164 1506 292 1538 dabant.

238 1580 323 1626 quod
343 1580 397 1611 ubi
420 1578 500 1625 non]
534 1577 659 1612 Aberat
687 1579 727 1611 ab
752 1579 846 1610 editis
873 1578 980 1624 quod,
1012 1583 1045 1608 et
1072 1577 1119 1608 in-

164 1643 249 1674 serui
271 1655 288 1674 e
316 1642 479 1674 codicibus
510 1641 759 1673 Darmstattensi
781 1646 813 1672 et
835 1640 1023 1673 monacensi
1041 1638 1118 1683 (C).

162 1706 215 1737 Ex
234 1705 347 1737 eodem
368 1705 556 1738 monacensi
577 1705 671 1736 etiam
690 1704 786 1749 paulo
804 1704 886 1736 infra
904 1702 1033 1747 reposui
1051 1714 1121 1735 ver-

164 1770 205 1801 ba
239 1782 324 1801 »non
355 1771 554 1801 necessario«
593 1781 652 1813 pro
686 1769 773 1801 edito
810 1780 932 1808 »non«,
965 1767 1048 1800 sicut
1088 1766 1122 1799 in

166 1834 306 1875 margine
325 1832 393 1874 jam
418 1832 553 1866 Grotius
581 1832 802 1877 adscripscrat.

238 1911 326 1941 illam
347 1909 465 1955 aliam]
500 1911 596 1943 Illam
623 1910 744 1942 inserui
770 1921 789 1942 e
821 1909 984 1943 codicibus
1009 1907 1122 1942 Mona-

166 1973 315 2005 eensibus
334 1974 386 2016 (C.
404 1974 461 2018 F),
487 1974 747 2015 Darmstattensi,
775 1980 808 2007 et
833 1973 1101 2006 Reicbenauensi.

244 2045 390 2091 docendi]
418 2047 584 2080 Meliorem
603 2048 796 2080 anteriorum
817 2047 992 2079 editionum
1012 2046 1123 2079 lectio-

168 2119 241 2138 nem
262 2107 387 2139 restitui
412 2120 470 2151 pro
498 2108 653 2141 Grotiana
678 2110 825 2149 dicendi,
858 2109 935 2142 lieet
961 2109 1006 2140 ita
1029 2108 1124 2140 etiam

169 2169 297 2201 codices
311 2169 524 2201 Monacenses
541 2170 593 2214 (C.
603 2171 644 2215 F)
658 2176 691 2202 et
701 2170 966 2203 Darmstattensis
977 2170 1124 2202 habeant·

245 2263 384 2305 quatuor
408 2255 513 2302 lineis]
543 2256 664 2289 Similis
689 2259 797 2291 tabula
822 2265 928 2291 exstat
948 2259 1033 2304 apud
1056 2257 1125 2303 Ap-

169 2321 313 2364 pulejum
329 2320 448 2365 (dogm.
468 2321 597 2353 Platon.
612 2321 671 2353 ΠῙ.
693 2335 723 2366 p.
740 2323 813 2355 269
833 2323 948 2366 Oud.)‚
975 2323 1032 2354 sed
1053 2323 1125 2355 Sim-

169 2384 301 2427 plicior,
333 2390 428 2428 atque
457 2384 541 2416 haud
568 2384 634 2416 seio
659 2396 699 2416 an
725 2397 765 2417 ne
793 2386 970 2418 Martianus
999 2386 1127 2431 quidem

171 2445 252 2477 adeo
282 2446 409 2489 plenam
439 2445 678 2490 perscripserit,
712 2447 838 2490 qualem
867 2448 900 2479 in
933 2448 1127 2480 editionibus

174 2507 244 2548 ejus
268 2507 422 2540 ridemus.
460 2508 558 2540 Certe
586 2519 667 2552 quae
690 2508 780 2539 uncis
808 2508 938 2549 inclusi,
967 2510 1083 2541 absunt
1111 2521 1129 2541 a

175 2570 338 2603 codicibus
374 2571 623 2604 Monacensihus
649 2571 708 2615 (C.
730 2571 776 2615 F)
802 2577 834 2603 ct
859 2572 1128 2613 Reicbenauensi,

171 2630 267 2665 immo
295 2644 312 2664 a
338 2632 587 2666 Darmstattcnsi
618 2638 685 2666 tcta
721 2632 828 2665 tabula
863 2645 996 2679 prorsus
1031 2634 1130 2667 abest.

1170 1435 1300 1471 Sensim
1335 1436 1443 1481 potius
1474 1448 1514 1469 ex
1543 1437 1582 1469 iis
1611 1448 1691 1482 quae
1725 1442 1904 1483 sequuntur
1935 1442 2027 1469 aucta
2056 1447 2129 1469 esse

1170 1501 1296 1532 videtur
1313 1511 1331 1531 a
1352 1499 1512 1541 magistris
1532 1499 1725 1531 Martianum
1755 1499 2008 1544 exponentibu33
2043 1499 2129 1531 unde

1168 1563 1221 1603 fit,
1247 1568 1283 1594 ut
1306 1574 1411 1605 neque
1435 1562 1519 1606 apud
1542 1563 1714 1594 Boethium
1737 1562 1853 1607 (Oper.
1872 1575 1905 1607 p.
1920 1562 2007 1606 543)
2025 1562 2130 1594 omnia

1169 1626 1288 1670 pariter
1305 1625 1459 1666 legamus.
1489 1625 1641 1656 Ceterum
1659 1626 1742 1657 haud
1763 1627 1820 1656 abs
1838 1638 1872 1656 re
1898 1625 1995 1657 fuerit
2015 1623 2129 1669 Appu-

1170 1689 1226 1730 lcji
1248 1689 1345 1720 verba
1372 1688 1563 1720 contulisse:
1592 1694 1686 1720 »sunt
1712 1689 1808 1730 igitur
1839 1689 1872 1720 in
1898 1688 2062 1732 superiore
2092 1688 2128 1719 li-

1171 1762 1233 1782 nea
1252 1750 1440 1781 universalis
1459 1750 1636 1782 dedicativa
1656 1755 1688 1782 et
1709 1750 1896 1791 abdicativa,
1922 1750 2130 1794 dicanturque

1172 1815 1231 1846 hae
1256 1813 1339 1845 inter
1363 1825 1398 1845 sc
1418 1815 1631 1857 incongruae,
1658 1813 1734 1845 item
1752 1813 1785 1845 in
1806 1813 1947 1846 inferiori
1965 1813 2050 1845 linea
2069 1813 2129 1845 sub

1173 1883 1309 1922 utraque
1335 1877 1544 1922 particulares
1575 1878 1803 1918 subnotentur,
1837 1878 2047 1922 dicanturque
2072 1878 2132 1910 hae

1173 1942 1257 1974 inter
1279 1953 1314 1973 se
1336 1953 1500 1985 suppares.
1525 1941 1652 1973 Deinde
1679 1942 1835 1974 ducantur
1861 1942 2010 1985 obliquae
2030 1941 2132 1974 lineae

1175 2006 1354 2048 angulares,
1370 2006 1469 2037 altera
1485 2005 1648 2050 pertinens
1666 2006 1705 2037 ab
1721 2006 1892 2037 universali
1905 2005 2079 2038 dedicativa
2094 2004 2133 2035 ad

1174 2070 1396 2114 particularem
1414 2069 1632 2109 abdicativum,
1658 2069 1756 2101 altera
1772 2081 1790 2101 a
1807 2068 1990 2114 particulari
2006 2067 2130 2099 dedica-

1175 2132 1237 2163 tiva
1261 2131 1301 2162 ad
1329 2130 1542 2162 universalem
1564 2130 1787 2170 abdicativum,
1825 2141 1905 2173 qnae
1931 2129 2013 2160 inter
2042 2139 2076 2160 se
2101 2134 2134 2160 et

1176 2193 1352 2237 quantitate
1369 2198 1401 2223 et
1417 2192 1570 2235 qualitate
1586 2191 1762 2223 contrariae
1778 2191 1954 2222 alterutrae
1968 2191 2132 2222 nominen-

1175 2263 1242 2297 tur,
1268 2256 1353 2299 quod
1378 2255 1445 2296 jam
1470 2266 1601 2287 necesse
1630 2259 1680 2285 est
1707 2254 1891 2285 alterutram
1914 2266 2021 2286 veram
2044 2265 2134 2294 esse,

1177 2332 1258 2365 quae
1280 2319 1396 2351 dicitur
1412 2319 1551 2362 perfecta
1567 2329 1673 2361 pugna
1690 2322 1722 2348 et
1742 2317 1876 2359 integra.
1901 2317 1948 2350 At
1962 2318 2045 2350 inter
2060 2329 2132 2362 sup-

1176 2393 1269 2427 pares
1297 2386 1329 2412 et
1354 2379 1544 2422 incongruas
1572 2390 1679 2422 pugna
1708 2378 1836 2410 dividua
1865 2385 1931 2420 est,
1965 2379 2052 2423 quod
2087 2381 2135 2411 in-

1179 2456 1341 2490 congruae
1365 2455 1527 2487 nunquam
1546 2442 1674 2486 quidem
1697 2442 1774 2473 fiant
1791 2442 1886 2474 simul
1909 2455 2018 2484 verae,
2041 2443 2136 2475 inter-

1179 2510 1254 2541 dum
1275 2514 1381 2540 tamen
1403 2506 1497 2538 simul
1517 2506 1731 2547 mentiuntur3
1765 2518 1919 2550 suppares
1943 2512 2048 2539 autem
2068 2518 2134 2538 mu-

1178 2577 1243 2604 tata
1266 2571 1333 2603 viee
1358 2581 1519 2613 nunquam
1540 2568 1668 2612 quidem
1694 2568 1790 2600 simul
1807 2569 2018 2609 mentiuntur,
2039 2568 2134 2600 inter-

1187 2635 1261 2667 dum
1281 2640 1387 2667 tamen
1413 2633 1492 2666 fiunt
1521 2631 1614 2664 simul
1640 2642 1759 2665 verae.=
