2310 2860
660 93 857 135 Martiani
890 92 1088 148 Capellae
1119 92 1191 133 lib.
1220 92 1298 134 IX.
1330 95 1360 145 §.
1390 92 1489 134 952.
1969 97 2060 138 745

113 219 223 261 quae
252 212 311 244 est
348 216 459 244 unus
499 201 551 243 ad
590 201 687 242 duo.
758 199 887 250 Quod
919 214 1020 241 vero
1052 214 1105 240 ex
1135 199 1334 240 omnibus
1376 199 1423 241 et²
1457 215 1509 241 ex
1549 209 1735 256 quatuor
1773 200 1946 252 dicitur,
1994 217 2062 244 so-

109 299 266 326 norum
293 293 351 325 est
381 282 604 334 undecim,
638 290 679 322 et
707 281 942 336 spatiorum
968 280 1137 330 decem,
1169 289 1286 320 tonos
1317 279 1444 321 habet
1467 290 1557 322 octo
1589 291 1628 322 et
1653 283 1799 334 semis,
1830 282 2062 326 hemitonia

108 366 317 422 duplicat,
361 365 571 420 diesisque
603 362 816 419 praedicta
845 362 1006 404 ratione
1047 360 1320 415 multiplicat,
1381 368 1420 400 et
1458 370 1517 401 est
1546 361 1587 401 in
1619 361 1767 417 diplasi
1799 372 1837 403 et
1867 364 2060 406 diametri

109 447 280 502 regula,
324 455 370 486 ut
400 454 498 486 sunt
531 453 622 484 octo
654 443 707 484 ad
737 452 834 484 treS.
894 440 1022 492 Quod
1055 456 1158 482 vero
1190 456 1241 483 ex
1280 441 1478 482 omnibus
1509 451 1548 482 et
1578 457 1628 482 ex
1665 444 1859 499 quinque
1890 453 2059 494 constat,

109 528 257 582 recipit
294 541 417 567 sonos
463 524 712 574 duodecim,
755 523 887 578 spatia
926 522 1147 574 undecim,
1207 531 1325 562 tonos
1364 537 1521 564 novem
1563 532 1602 563 et
1637 524 1783 574 semis,
1831 523 2062 565 hemitonia

108 607 399 661 geminantur,
449 606 571 648 diesis
616 604 915 659 tetraplantur,
961 612 1000 644 et
1043 612 1104 644 est
1139 603 1182 643 in
1221 602 1409 658 triplasia
1447 603 1629 653 ratione,
1690 613 1735 643 ut
1779 613 1964 657 quatuor
2007 604 2060 645 ad

108 685 351 728 duodecim.
426 686 554 736 Quod
605 685 872 740 disdiapason
923 683 1096 736 dicitur,
1145 684 1274 726 habet
1322 699 1445 726 sonos
1491 684 1759 740 quindecim,
1819 686 1951 740 spatia
1995 686 2058 727 bis

106 776 299 822 septena,
349 776 469 807 tonos
512 766 659 807 decem
693 781 740 807 ac
777 765 886 818 duo,
926 765 1157 806 hemitonia
1191 765 1426 821 duplicata,
1468 764 1590 806 diesis
1630 764 1907 820 quadraginta
1944 775 2059 818 oct03

109 856 237 902 atque
272 857 330 887 cst
356 848 399 888 in
436 846 647 901 tetraplasi
682 846 863 897 ratione,
908 855 955 887 ut
997 856 1094 887 sunt
1128 846 1354 887 duodecim
1396 845 1449 886 ad
1480 854 1575 886 tres.
1635 846 1710 886 Est
1756 855 1898 886 autem
1930 856 2056 887 tonus

107 925 150 966 in
182 926 358 981 epogdoi
395 927 569 967 ratione.
627 926 803 982 Ubique
832 926 981 968 diesim
1013 929 1053 968 in
1087 926 1333 967 enarmonio
1365 914 1571 966 debeinus
1602 926 1816 981 accipere,
1854 941 1965 982 quac
2000 936 2059 967 est

105 1006 148 1047 in
180 1016 332 1063 quarta
363 1007 697 1063 particulatione.

756 1009 885 1050 Nunc
914 1008 1017 1063 quid
1050 1009 1099 1050 sit
1128 1017 1313 1063 systema
1339 1006 1669 1064 perhibendum.

782 1163 930 1213 QUID
964 1164 1055 1204 SIT
1086 1163 1371 1205 SYSTEMA.

273 1268 465 1322 Systema
491 1276 551 1309 est
579 1267 826 1322 magnitudo
851 1270 965 1309 vocis
990 1284 1043 1309 ex
1073 1269 1217 1308 multis
1241 1267 1377 1308 modis
1411 1275 1619 1318 constans,
1651 1281 1762 1322 quae
1793 1267 1887 1308 licet
1917 1269 2053 1310 multa
2082 1269 2171 1309 954

104 1346 364 1389 divisionum
391 1363 544 1404 genera
573 1349 765 1404 recipiat,
799 1358 941 1390 tamen
973 1350 1075 1404 quia
1107 1349 1255 1390 eadem
1287 1349 1329 1388 in
1361 1348 1616 1389 diastematis
1640 1349 1899 1399 memoravi,
1932 1364 2055 1403 prac-

103 1438 230 1470 tereO.

290 1429 397 1470 Sunt
435 1439 574 1470 autem
620 1429 812 1471 absoluta
849 1438 888 1470 et
926 1430 1111 1485 perfecta
1141 1436 1369 1484 systemata
1399 1440 1582 1467 numero
1613 1436 1719 1467 octo.

1779 1428 1832 1467 Et
1864 1429 2053 1483 primum

103 1517 183 1560 est,
228 1508 345 1563 quod
375 1509 429 1549 ab
460 1509 683 1563 acquisito,
726 1524 858 1564 quem
894 1510 1058 1550 Graece
1092 1507 1486 1561 προςλαμβανόμενον
1524 1505 1727 1558 dicimus,
1771 1505 1824 1547 ad
1855 1507 2055 1560 mediam,

176 1642 212 1673 in
232 1639 360 1686 diplasi]
387 1641 498 1673 Lectio
518 1642 616 1681 haee,
643 1640 669 1672 si
694 1640 775 1681 ulla,
807 1641 978 1685 depravata
1002 1645 1052 1671 est

103 1710 136 1737 et
159 1703 292 1736 insulsa.
316 1704 489 1736 Rescribo:
513 1705 565 1736 »in
588 1705 867 1748 diplasiepiditrila
893 1704 1024 1735 ratione.
1033 1717 1045 1731 «

102 1768 224 1800 Posses
242 1780 387 1812 qnoque:
407 1769 458 1800 »in
479 1769 782 1812 diplasiepidimoira
805 1768 928 1800 ratione
937 1780 966 1808 “3
994 1766 1051 1798 sed

103 1829 207 1860 minus
231 1830 354 1860 usitate.
371 1830 512 1862 Memmi.
529 1850 576 1855 —
608 1830 732 1862 Sensus
759 1835 864 1861 certus
886 1834 950 1869 est,
977 1840 1051 1860 nam

102 1904 200 1936 quum
217 1892 369 1935 diapason
383 1893 498 1923 habeat
515 1893 714 1924 intervallum
730 1893 823 1923 trium
842 1893 880 1923 ad
897 1904 964 1932 sex,
987 1892 1051 1923 dia-

101 1962 248 1987 tessaron
272 1960 376 1987 antem
395 1967 452 1987 sex
474 1956 513 1987 ad
536 1962 625 1996 octo,
654 1961 823 1999 utrumqne
846 1956 1050 1997 conjunctum

101 2019 197 2050 hahet
213 2018 366 2050 rationem
387 2019 480 2050 trium
501 2019 539 2050 ad
557 2025 646 2059 octo,
672 2031 752 2062 quae
772 2025 821 2050 est
839 2019 973 2062 duplicis
994 2031 1049 2050 nu-

101 2082 180 2113 meri
202 2087 233 2113 ct
260 2082 391 2113 duarum
420 2082 573 2126 pattinm3
601 2094 733 2125 eamque
757 2083 889 2113 duarum
914 2082 1050 2127 partium

101 2145 263 2177 notionem
280 2145 313 2177 in
334 2152 481 2189 corrupta
503 2146 641 2178 lectione
666 2147 813 2178 diametri
832 2146 937 2177 inesse
955 2158 1049 2190 appa-

101 2211 167 2247 ret,
202 2207 258 2238 sed
275 2208 435 2250 quomodo
452 2208 671 2249 corrigendum
688 2208 743 2249 sit,
773 2208 918 2240 codicum
939 2208 1049 2240 melio·

100 2277 171 2298 rum
195 2266 353 2307 indagatio
378 2269 491 2300 docere
516 2274 632 2312 potest.

176 2327 406 2373 tetraplantur]
446 2329 579 2361 Grotius
617 2330 825 2373 tetraplatur,
864 2330 922 2362 sed
952 2330 1049 2362 diesis

102 2389 218 2434 plurali
243 2402 375 2422 numero
403 2391 521 2423 dietum
541 2398 590 2423 est
611 2392 654 2437 (ἓ.
670 2393 768 2438 955).

176 2450 356 2496 tetraplasi]
395 2451 450 2484 Sic
480 2463 599 2484 omnes.
639 2454 676 2485 Id
706 2455 873 2486 formatum
898 2459 1049 2498 putarunt

102 2514 228 2546 barbari
253 2515 414 2556 hominm,
452 2521 486 2547 nt
516 2517 632 2560 diplasi
651 2522 682 2548 et
699 2518 840 2562 epoqdoi.
859 2518 999 2552 anon.

1177 1640 1213 1670 in
1233 1635 1454 1682 enarmonico]
1490 1637 1607 1669 Deleta
1638 1637 1792 1670 vocabula
1819 1640 1872 1677 in,
1897 1650 1978 1682 quac
2006 1646 2056 1671 cst

1101 1701 1358 1745 praecedentium
1402 1701 1534 1732 duarum
1571 1701 1733 1733 literarum
1764 1702 1929 1745 repetitio,
1965 1703 2053 1744 lego:

1108 1764 1230 1795 »diesin
1253 1766 1488 1797 enarmonion.«
1521 1765 1572 1796 Dc
1593 1766 1652 1796 hae
1675 1765 1877 1797 distinetione
1900 1765 1972 1797 vide
2001 1778 2052 1797 sn-

1100 1827 1207 1872 perius
1226 1826 1268 1871 (§.
1287 1826 1383 1870 950).
2026 1868 2028 1870 v

1176 1904 1218 1924 ex
1245 1893 1354 1924 „tultis
1375 1892 1476 1923 modis
1493 1891 1656 1938 constans]
1683 1891 1756 1925 MS.
1778 1898 1845 1924 »est
1869 1894 2051 1935 magnitudo

1101 1954 1188 1987 vocis
1210 1961 1380 1987 constans«
1405 1955 1519 1987 deletis
1543 1955 1644 1986 tribus
1664 1955 1966 1988 vocnlis.Gn0T.-—
1992 1957 2051 1999 Sy-

1102 2023 1201 2049 stema
1225 2018 1354 2050 Enclidi
1371 2018 1612 2063 (iutrod.lia1·m.
1633 2031 1664 2062 p.
1678 2018 1721 2062 1),
1745 2018 1881 2050 Aristidi
1906 2020 2051 2063 Quincti-

1100 2079 1185 2110 liano
1219 2079 1269 2123 (p.
1287 2079 1368 2122 15),
1405 2085 1437 2111 et
1463 2079 1646 2112 Gaudentio
1678 2081 1727 2123 (p.
1748 2080 1792 2124 5)
1823 2086 1871 2111 est
1897 2081 1981 2124 quod
2011 2082 2051 2116 ἐκ

1100 2139 1293 2177 πλειόνων
1307 2138 1334 2188 ἧ
1356 2139 1443 2182 ἑνὸς
1459 2139 1729 2189 διαστημάτων
1748 2149 1887 2184 constet,
1910 2144 2048 2176 BacchIO

1100 2210 1206 2235 antem
1231 2204 1282 2247 (p.
1301 2203 1358 2247 2),
1395 2204 1482 2248 qnod
1506 2205 1614 2248 plures
1645 2205 1766 2237 dnobus
1791 2206 1905 2236 habeat
1932 2217 2047 2244 sonos3

1100 2276 1235 2309 quorum
1250 2270 1354 2297 utrum
1367 2265 1569 2309 amplectare,
1588 2265 1735 2298 Grotiani
1748 2266 1865 2298 codicis
1879 2266 2048 2298 lectionem

1099 2328 1190 2360 nihili
1214 2340 1286 2361 esse
1308 2329 1441 2362 videbis.

1174 2401 1256 2437 quae
1278 2389 1369 2435 licet]
1396 2389 1588 2423 Meibomius
1617 2401 1656 2422 ex
1681 2387 1790 2421 codice
1823 2400 1881 2420 suo
1902 2388 1968 2434 (B)
1996 2401 2044 2422 re·

1099 2451 1282 2495 ponendum
1310 2451 1401 2484 duxit
1431 2452 1532 2499 quod,
1563 2450 1620 2483 sed
1651 2449 1873 2483 necessitatem
1903 2451 2045 2484 mutandi

1099 2525 1165 2547 uon
1187 2513 1289 2547 video.
