<?xml version="1.0" encoding="UTF-8"?>
<!DOCTYPE html PUBLIC "-//W3C//DTD XHTML 1.0 Transitional//EN"
    "http://www.w3.org/TR/xhtml1/DTD/xhtml1-transitional.dtd">
<html xmlns="http://www.w3.org/1999/xhtml" xml:lang="en" lang="en">
 <head>
  <title>
</title>
<meta http-equiv="Content-Type" content="text/html;charset=utf-8" />
  <meta name='ocr-system' content='tesseract 3.04.00' />
  <meta name='ocr-capabilities' content='ocr_page ocr_carea ocr_par ocr_line ocrx_word'/>
</head>
<body>
  <div class='ocr_page' id='page_1' title='image "./denuptiisphilolo00martuoft/denuptiisphilolo00martuoft_0502.png"; bbox 0 0 2310 2860; ppageno 0'>
   <div class='ocr_carea' id='block_1_1' title="bbox 240 113 1627 170">
    <p class='ocr_par' dir='ltr' id='par_1_1' title="bbox 240 113 1627 170">
     <span class='ocr_line' id='line_1_1' title="bbox 240 113 1627 170; baseline -0.001 -10"><span class='ocrx_word' id='word_1_1' title='bbox 240 119 332 161; x_wconf 80' lang='lat'><strong>470</strong></span> <span class='ocrx_word' id='word_1_2' title='bbox 804 114 1005 157; x_wconf 88' lang='lat' dir='ltr'><strong>Martiani</strong></span> <span class='ocrx_word' id='word_1_3' title='bbox 1043 114 1242 170; x_wconf 80' lang='lat' dir='ltr'>Capellae</span> <span class='ocrx_word' id='word_1_4' title='bbox 1278 113 1350 155; x_wconf 90' lang='lat' dir='ltr'><strong>lib.</strong></span> <span class='ocrx_word' id='word_1_5' title='bbox 1374 114 1429 157; x_wconf 89' lang='lat' dir='ltr'><strong>V.</strong></span> <span class='ocrx_word' id='word_1_6' title='bbox 1468 116 1500 168; x_wconf 84' lang='lat'><strong>§.</strong></span> <span class='ocrx_word' id='word_1_7' title='bbox 1524 117 1627 158; x_wconf 74' lang='lat'><strong>555.</strong></span> 
     </span>
    </p>
   </div>
   <div class='ocr_carea' id='block_1_2' title="bbox 238 220 2195 689">
    <p class='ocr_par' dir='ltr' id='par_1_2' title="bbox 238 220 2195 689">
     <span class='ocr_line' id='line_1_2' title="bbox 239 220 2193 278; baseline -0.002 -11"><span class='ocrx_word' id='word_1_8' title='bbox 239 225 490 267; x_wconf 87' lang='lat' dir='ltr'><strong>teritioncm.</strong></span> <span class='ocrx_word' id='word_1_9' title='bbox 564 222 645 263; x_wconf 89' lang='lat' dir='ltr'><strong>Per</strong></span> <span class='ocrx_word' id='word_1_10' title='bbox 683 221 1017 273; x_wconf 81' lang='lat' dir='ltr'><strong>concessionem,</strong></span> <span class='ocrx_word' id='word_1_11' title='bbox 1071 234 1210 276; x_wconf 89' lang='lat' dir='ltr'><strong>quum</strong></span> <span class='ocrx_word' id='word_1_12' title='bbox 1254 221 1434 276; x_wconf 83' lang='lat' dir='ltr'>gratiam</span> <span class='ocrx_word' id='word_1_13' title='bbox 1475 220 1674 263; x_wconf 80' lang='lat' dir='ltr'><strong>facientes</strong></span> <span class='ocrx_word' id='word_1_14' title='bbox 1716 223 1806 277; x_wconf 87' lang='lat' dir='ltr'><strong>ejus</strong></span> <span class='ocrx_word' id='word_1_15' title='bbox 1850 223 1968 278; x_wconf 89' lang='lat' dir='ltr'><strong>quod</strong></span> <span class='ocrx_word' id='word_1_16' title='bbox 2005 223 2193 265; x_wconf 75' lang='lat' dir='ltr'><strong>diximus</strong></span> 
     </span>
     <span class='ocr_line' id='line_1_3' title="bbox 240 302 2194 361; baseline 0 -15"><span class='ocrx_word' id='word_1_17' title='bbox 240 306 356 361; x_wconf 87' lang='lat' dir='ltr'><strong>prius</strong></span> <span class='ocrx_word' id='word_1_18' title='bbox 389 302 552 359; x_wconf 86' lang='lat' dir='ltr'><strong>aliquid</strong></span> <span class='ocrx_word' id='word_1_19' title='bbox 581 303 913 355; x_wconf 85' lang='lat' dir='ltr'><strong>introducimus,</strong></span> <span class='ocrx_word' id='word_1_20' title='bbox 941 313 989 345; x_wconf 90' lang='lat' dir='ltr'><strong>ut</strong></span> <span class='ocrx_word' id='word_1_21' title='bbox 1018 303 1053 344; x_wconf 87' lang='lat' dir='ltr'><strong>si</strong></span> <span class='ocrx_word' id='word_1_22' title='bbox 1086 302 1219 344; x_wconf 88' lang='lat' dir='ltr'><strong>dicas:</strong></span> <span class='ocrx_word' id='word_1_23' title='bbox 1253 303 1436 345; x_wconf 87' lang='lat' dir='ltr'><strong>concedo</strong></span> <span class='ocrx_word' id='word_1_24' title='bbox 1470 303 1640 344; x_wconf 89' lang='lat' dir='ltr'><strong>interim</strong></span> <span class='ocrx_word' id='word_1_25' title='bbox 1675 303 1886 356; x_wconf 89' lang='lat' dir='ltr'><strong>occisum,</strong></span> <span class='ocrx_word' id='word_1_26' title='bbox 1920 307 1993 349; x_wconf 85' lang='lat' dir='ltr'><strong>sed</strong></span> <span class='ocrx_word' id='word_1_27' title='bbox 2023 307 2077 349; x_wconf 85' lang='lat' dir='ltr'><strong>ab</strong></span> <span class='ocrx_word' id='word_1_28' title='bbox 2111 307 2194 348; x_wconf 90' lang='lat' dir='ltr'><strong>hoc</strong></span> 
     </span>
     <span class='ocr_line' id='line_1_4' title="bbox 239 384 2193 442; baseline 0.001 -16"><span class='ocrx_word' id='word_1_29' title='bbox 239 388 514 427; x_wconf 86' lang='lat' dir='ltr'><strong>interemtum</strong></span> <span class='ocrx_word' id='word_1_30' title='bbox 554 400 684 441; x_wconf 80' lang='lat' dir='ltr'><strong>nego3</strong></span> <span class='ocrx_word' id='word_1_31' title='bbox 747 400 823 441; x_wconf 90' lang='lat' dir='ltr'><strong>per</strong></span> <span class='ocrx_word' id='word_1_32' title='bbox 862 385 1226 441; x_wconf 87' lang='lat' dir='ltr'><strong>praeteritionem,</strong></span> <span class='ocrx_word' id='word_1_33' title='bbox 1276 399 1415 441; x_wconf 89' lang='lat' dir='ltr'><strong>quum</strong></span> <span class='ocrx_word' id='word_1_34' title='bbox 1455 385 1511 426; x_wconf 88' lang='lat' dir='ltr'><strong>ita</strong></span> <span class='ocrx_word' id='word_1_35' title='bbox 1540 385 1769 426; x_wconf 85' lang='lat' dir='ltr'><strong>transimus</strong></span> <span class='ocrx_word' id='word_1_36' title='bbox 1801 384 1854 426; x_wconf 90' lang='lat' dir='ltr'><strong>ad</strong></span> <span class='ocrx_word' id='word_1_37' title='bbox 1885 385 2060 427; x_wconf 88' lang='lat' dir='ltr'><strong>alteram</strong></span> <span class='ocrx_word' id='word_1_38' title='bbox 2091 401 2193 442; x_wconf 91' lang='lat' dir='ltr'><strong>pro-</strong></span> 
     </span>
     <span class='ocr_line' id='line_1_5' title="bbox 239 463 2193 521; baseline 0.001 -15"><span class='ocrx_word' id='word_1_39' title='bbox 239 465 512 521; x_wconf 82' lang='lat' dir='ltr'><strong>positionem,</strong></span> <span class='ocrx_word' id='word_1_40' title='bbox 568 481 622 506; x_wconf 91' lang='lat' dir='ltr'><strong>ne</strong></span> <span class='ocrx_word' id='word_1_41' title='bbox 663 467 930 521; x_wconf 87' lang='lat' dir='ltr'><strong>superiorem</strong></span> <span class='ocrx_word' id='word_1_42' title='bbox 970 465 1138 506; x_wconf 77' lang='lat' dir='ltr'><strong>interim</strong></span> <span class='ocrx_word' id='word_1_43' title='bbox 1188 463 1493 515; x_wconf 80' lang='lat' dir='ltr'><strong>concedamus,</strong></span> <span class='ocrx_word' id='word_1_44' title='bbox 1539 474 1586 505; x_wconf 88' lang='lat' dir='ltr'><strong>ut</strong></span> <span class='ocrx_word' id='word_1_45' title='bbox 1614 465 1648 506; x_wconf 92' lang='lat' dir='ltr'><strong>si</strong></span> <span class='ocrx_word' id='word_1_46' title='bbox 1678 465 1812 507; x_wconf 87' lang='lat' dir='ltr'><strong>dicas:</strong></span> <span class='ocrx_word' id='word_1_47' title='bbox 1844 480 1959 507; x_wconf 92' lang='lat' dir='ltr'><strong>nunc</strong></span> <span class='ocrx_word' id='word_1_48' title='bbox 1990 467 2193 521; x_wconf 87' lang='lat' dir='ltr'><strong>quoniam</strong></span> 
     </span>
     <span class='ocr_line' id='line_1_6' title="bbox 238 545 2195 604; baseline 0.003 -18"><span class='ocrx_word' id='word_1_49' title='bbox 238 545 365 587; x_wconf 87' lang='lat' dir='ltr'><strong>docui</strong></span> <span class='ocrx_word' id='word_1_50' title='bbox 396 545 674 601; x_wconf 72' lang='lat' dir='ltr'><strong>ignominioso</strong></span> <span class='ocrx_word' id='word_1_51' title='bbox 716 546 923 588; x_wconf 86' lang='lat' dir='ltr'><strong>actionem</strong></span> <span class='ocrx_word' id='word_1_52' title='bbox 953 545 1007 587; x_wconf 81' lang='lat' dir='ltr'><strong>de</strong></span> <span class='ocrx_word' id='word_1_53' title='bbox 1037 545 1212 602; x_wconf 85' lang='lat' dir='ltr'><strong>privatis</strong></span> <span class='ocrx_word' id='word_1_54' title='bbox 1242 545 1371 588; x_wconf 90' lang='lat' dir='ltr'><strong>rebus</strong></span> <span class='ocrx_word' id='word_1_55' title='bbox 1401 554 1568 588; x_wconf 86' lang='lat' dir='ltr'><strong>tantum</strong></span> <span class='ocrx_word' id='word_1_56' title='bbox 1599 547 1765 602; x_wconf 82' lang='lat' dir='ltr'><strong>negari,</strong></span> <span class='ocrx_word' id='word_1_57' title='bbox 1822 546 1984 590; x_wconf 88' lang='lat' dir='ltr'><strong>docebo</strong></span> <span class='ocrx_word' id='word_1_58' title='bbox 2013 547 2067 589; x_wconf 90' lang='lat' dir='ltr'><strong>de</strong></span> <span class='ocrx_word' id='word_1_59' title='bbox 2096 563 2195 604; x_wconf 89' lang='lat' dir='ltr'><strong>pro-</strong></span> 
     </span>
     <span class='ocr_line' id='line_1_7' title="bbox 239 627 1025 689; baseline -0.001 -20"><span class='ocrx_word' id='word_1_60' title='bbox 239 627 405 680; x_wconf 75' lang='lat' dir='ltr'><strong>ditionis</strong></span> <span class='ocrx_word' id='word_1_61' title='bbox 437 628 614 670; x_wconf 88' lang='lat' dir='ltr'><strong>crimine</strong></span> <span class='ocrx_word' id='word_1_62' title='bbox 645 642 730 670; x_wconf 87' lang='lat' dir='ltr'><strong>non</strong></span> <span class='ocrx_word' id='word_1_63' title='bbox 761 628 938 684; x_wconf 24' lang='lat' dir='ltr'><strong>negari..</strong></span> <span class='ocrx_word' id='word_1_64' title='bbox 981 662 1025 689; x_wconf 43' lang='grc' dir='ltr'><strong>Τ,</strong></span> 
     </span>
    </p>
   </div>
   <div class='ocr_carea' id='block_1_3' title="bbox 974 781 1476 827">
    <p class='ocr_par' dir='ltr' id='par_1_3' title="bbox 974 781 1476 827">
     <span class='ocr_line' id='line_1_8' title="bbox 974 781 1476 827; baseline 0.004 -3"><span class='ocrx_word' id='word_1_65' title='bbox 974 782 1054 825; x_wconf 94' lang='lat' dir='ltr'><strong>DE</strong></span> <span class='ocrx_word' id='word_1_66' title='bbox 1097 781 1476 827; x_wconf 87' lang='lat' dir='ltr'><strong>PARTITIONE.</strong></span> 
     </span>
    </p>
   </div>
   <div class='ocr_carea' id='block_1_4' title="bbox 118 888 2209 2076">
    <p class='ocr_par' dir='ltr' id='par_1_4' title="bbox 413 888 2202 947">
     <span class='ocr_line' id='line_1_9' title="bbox 413 888 2202 947; baseline -0.001 -14"><span class='ocrx_word' id='word_1_67' title='bbox 413 890 583 933; x_wconf 85' lang='lat' dir='ltr'><strong>Partitio</strong></span> <span class='ocrx_word' id='word_1_68' title='bbox 610 899 690 943; x_wconf 91' lang='lat' dir='ltr'><strong>est,</strong></span> <span class='ocrx_word' id='word_1_69' title='bbox 716 904 827 946; x_wconf 83' lang='lat' dir='ltr'><strong>quae</strong></span> <span class='ocrx_word' id='word_1_70' title='bbox 849 890 1044 933; x_wconf 83' lang='lat' dir='ltr'><strong>ordinem</strong></span> <span class='ocrx_word' id='word_1_71' title='bbox 1068 890 1193 931; x_wconf 90' lang='lat' dir='ltr'><strong>totius</strong></span> <span class='ocrx_word' id='word_1_72' title='bbox 1222 889 1450 931; x_wconf 83' lang='lat' dir='ltr'><strong>divisionis</strong></span> <span class='ocrx_word' id='word_1_73' title='bbox 1469 888 1657 932; x_wconf 88' lang='lat' dir='ltr'><strong>breviter</strong></span> <span class='ocrx_word' id='word_1_74' title='bbox 1684 889 2025 947; x_wconf 86' lang='lat' dir='ltr'><strong>comprehendit,</strong></span> <span class='ocrx_word' id='word_1_75' title='bbox 2060 898 2109 931; x_wconf 84' lang='lat' dir='ltr'><strong>ut</strong></span> <span class='ocrx_word' id='word_1_76' title='bbox 2141 899 2202 931; x_wconf 90' lang='lat' dir='ltr'><strong>est</strong></span> 
     </span>
    </p>

    <p class='ocr_par' dir='ltr' id='par_1_5' title="bbox 118 969 2209 2076">
     <span class='ocr_line' id='line_1_10' title="bbox 118 969 2202 1030; baseline -0.001 -16"><span class='ocrx_word' id='word_1_77' title='bbox 118 970 206 1014; x_wconf 67' lang='lat'><strong>{536</strong></span> <span class='ocrx_word' id='word_1_78' title='bbox 239 988 318 1030; x_wconf 92' lang='lat' dir='ltr'><strong>pro</strong></span> <span class='ocrx_word' id='word_1_79' title='bbox 350 972 569 1023; x_wconf 86' lang='lat' dir='ltr'><strong>Quinctio:</strong></span> <span class='ocrx_word' id='word_1_80' title='bbox 604 986 817 1027; x_wconf 80' lang='lat' dir='ltr'><strong>negamus.</strong></span> <span class='ocrx_word' id='word_1_81' title='bbox 844 981 884 1013; x_wconf 90' lang='lat' dir='ltr'><strong>te</strong></span> <span class='ocrx_word' id='word_1_82' title='bbox 922 972 1034 1012; x_wconf 83' lang='lat' dir='ltr'><strong>bona</strong></span> <span class='ocrx_word' id='word_1_83' title='bbox 1064 971 1204 1012; x_wconf 89' lang='lat' dir='ltr'><strong>Publii</strong></span> <span class='ocrx_word' id='word_1_84' title='bbox 1242 971 1431 1022; x_wconf 88' lang='lat' dir='ltr'><strong>Quinctii</strong></span> <span class='ocrx_word' id='word_1_85' title='bbox 1469 970 1702 1027; x_wconf 85' lang='lat' dir='ltr'><strong>possedisse</strong></span> <span class='ocrx_word' id='word_1_86' title='bbox 1733 986 1785 1012; x_wconf 85' lang='lat' dir='ltr'><strong>ex</strong></span> <span class='ocrx_word' id='word_1_87' title='bbox 1817 971 1950 1012; x_wconf 88' lang='lat' dir='ltr'><strong>edicto</strong></span> <span class='ocrx_word' id='word_1_88' title='bbox 1984 969 2202 1027; x_wconf 86' lang='lat' dir='ltr'><strong>praetoris.</strong></span> 
     </span>
     <span class='ocr_line' id='line_1_11' title="bbox 241 1051 2203 1109; baseline -0.002 -14"><span class='ocrx_word' id='word_1_89' title='bbox 241 1055 295 1096; x_wconf 86' lang='lat' dir='ltr'><strong>Et</strong></span> <span class='ocrx_word' id='word_1_90' title='bbox 329 1053 469 1109; x_wconf 87' lang='lat' dir='ltr'><strong>primo</strong></span> <span class='ocrx_word' id='word_1_91' title='bbox 501 1054 559 1094; x_wconf 89' lang='lat' dir='ltr'><strong>sic</strong></span> <span class='ocrx_word' id='word_1_92' title='bbox 592 1053 755 1109; x_wconf 84' lang='lat' dir='ltr'><strong>incipit,</strong></span> <span class='ocrx_word' id='word_1_93' title='bbox 800 1052 966 1094; x_wconf 90' lang='lat' dir='ltr'><strong>nullam</strong></span> <span class='ocrx_word' id='word_1_94' title='bbox 1012 1066 1186 1093; x_wconf 82' lang='lat' dir='ltr'><strong>causam</strong></span> <span class='ocrx_word' id='word_1_95' title='bbox 1226 1051 1354 1093; x_wconf 88' lang='lat' dir='ltr'><strong>fuisse</strong></span> <span class='ocrx_word' id='word_1_96' title='bbox 1398 1051 1676 1107; x_wconf 83' lang='lat' dir='ltr'><strong>postulandae</strong></span> <span class='ocrx_word' id='word_1_97' title='bbox 1716 1052 2052 1108; x_wconf 43' lang='lat' dir='ltr'><strong>proscriptioni&amp;</strong></span> <span class='ocrx_word' id='word_1_98' title='bbox 2100 1051 2203 1092; x_wconf 91' lang='lat' dir='ltr'><strong>huic</strong></span> 
     </span>
     <span class='ocr_line' id='line_1_12' title="bbox 242 1131 2202 1189; baseline -0.001 -14"><span class='ocrx_word' id='word_1_99' title='bbox 242 1135 432 1188; x_wconf 84' lang='lat' dir='ltr'><strong>subjicit,</strong></span> <span class='ocrx_word' id='word_1_100' title='bbox 475 1150 553 1175; x_wconf 90' lang='lat' dir='ltr'><strong>nec</strong></span> <span class='ocrx_word' id='word_1_101' title='bbox 590 1150 643 1175; x_wconf 84' lang='lat' dir='ltr'><strong>ex</strong></span> <span class='ocrx_word' id='word_1_102' title='bbox 682 1134 815 1175; x_wconf 88' lang='lat' dir='ltr'><strong>edicto</strong></span> <span class='ocrx_word' id='word_1_103' title='bbox 858 1134 1061 1189; x_wconf 88' lang='lat' dir='ltr'><strong>possideri</strong></span> <span class='ocrx_word' id='word_1_104' title='bbox 1097 1134 1301 1189; x_wconf 87' lang='lat' dir='ltr'><strong>potuisse;</strong></span> <span class='ocrx_word' id='word_1_105' title='bbox 1348 1131 1401 1173; x_wconf 87' lang='lat' dir='ltr'><strong>ad</strong></span> <span class='ocrx_word' id='word_1_106' title='bbox 1441 1142 1707 1183; x_wconf 81' lang='lat' dir='ltr'><strong>extremum,</strong></span> <span class='ocrx_word' id='word_1_107' title='bbox 1753 1148 1831 1172; x_wconf 89' lang='lat' dir='ltr'><strong>nec</strong></span> <span class='ocrx_word' id='word_1_108' title='bbox 1869 1148 2055 1187; x_wconf 90' lang='lat' dir='ltr'><strong>possessa</strong></span> <span class='ocrx_word' id='word_1_109' title='bbox 2091 1148 2202 1184; x_wconf 71' lang='lat' dir='ltr'><strong>esse,</strong></span> 
     </span>
     <span class='ocr_line' id='line_1_13' title="bbox 242 1213 2201 1270; baseline 0 -14"><span class='ocrx_word' id='word_1_110' title='bbox 242 1215 375 1266; x_wconf 83' lang='lat' dir='ltr'><strong>haee,</strong></span> <span class='ocrx_word' id='word_1_111' title='bbox 416 1215 572 1269; x_wconf 87' lang='lat' dir='ltr'><strong>inquit,</strong></span> <span class='ocrx_word' id='word_1_112' title='bbox 604 1215 683 1255; x_wconf 84' lang='lat' dir='ltr'><strong>tria</strong></span> <span class='ocrx_word' id='word_1_113' title='bbox 715 1229 853 1269; x_wconf 90' lang='lat' dir='ltr'><strong>quum</strong></span> <span class='ocrx_word' id='word_1_114' title='bbox 886 1214 1096 1265; x_wconf 84' lang='lat' dir='ltr'><strong>docuero,</strong></span> <span class='ocrx_word' id='word_1_115' title='bbox 1137 1214 1362 1270; x_wconf 83' lang='lat' dir='ltr'><strong>perorabo.</strong></span> <span class='ocrx_word' id='word_1_116' title='bbox 1418 1213 1733 1256; x_wconf 87' lang='lat' dir='ltr'><strong>Animadvertis</strong></span> <span class='ocrx_word' id='word_1_117' title='bbox 1765 1228 1919 1270; x_wconf 85' lang='lat' dir='ltr'><strong>eorpus</strong></span> <span class='ocrx_word' id='word_1_118' title='bbox 1949 1214 2074 1255; x_wconf 90' lang='lat' dir='ltr'><strong>totius</strong></span> <span class='ocrx_word' id='word_1_119' title='bbox 2103 1228 2201 1256; x_wconf 91' lang='lat' dir='ltr'><strong>ora-</strong></span> 
     </span>
     <span class='ocr_line' id='line_1_14' title="bbox 243 1292 2203 1351; baseline -0.001 -15"><span class='ocrx_word' id='word_1_120' title='bbox 243 1297 364 1337; x_wconf 80' lang='lat' dir='ltr'><strong>tionis</strong></span> <span class='ocrx_word' id='word_1_121' title='bbox 396 1311 473 1351; x_wconf 90' lang='lat' dir='ltr'><strong>per</strong></span> <span class='ocrx_word' id='word_1_122' title='bbox 503 1295 609 1335; x_wconf 85' lang='lat' dir='ltr'><strong>haec</strong></span> <span class='ocrx_word' id='word_1_123' title='bbox 638 1295 716 1335; x_wconf 88' lang='lat' dir='ltr'><strong>tria</strong></span> <span class='ocrx_word' id='word_1_124' title='bbox 747 1295 990 1336; x_wconf 87' lang='lat' dir='ltr'><strong>liniamenta</strong></span> <span class='ocrx_word' id='word_1_125' title='bbox 1021 1296 1229 1349; x_wconf 81' lang='lat' dir='ltr'><strong>digestum</strong></span> <span class='ocrx_word' id='word_1_126' title='bbox 1262 1310 1362 1335; x_wconf 87' lang='lat' dir='ltr'><strong>esse.</strong></span> <span class='ocrx_word' id='word_1_127' title='bbox 1421 1293 1539 1332; x_wconf 88' lang='lat' dir='ltr'><strong>Talis</strong></span> <span class='ocrx_word' id='word_1_128' title='bbox 1573 1302 1717 1333; x_wconf 84' lang='lat' dir='ltr'><strong>autem</strong></span> <span class='ocrx_word' id='word_1_129' title='bbox 1748 1292 1875 1333; x_wconf 89' lang='lat' dir='ltr'><strong>debet</strong></span> <span class='ocrx_word' id='word_1_130' title='bbox 1904 1307 1991 1333; x_wconf 89' lang='lat' dir='ltr'><strong>esse</strong></span> <span class='ocrx_word' id='word_1_131' title='bbox 2021 1294 2203 1348; x_wconf 82' lang='lat' dir='ltr'><strong>partitio,</strong></span> 
     </span>
     <span class='ocr_line' id='line_1_15' title="bbox 243 1372 2206 1431; baseline -0.001 -14"><span class='ocrx_word' id='word_1_132' title='bbox 243 1387 291 1418; x_wconf 90' lang='lat' dir='ltr'><strong>ut</strong></span> <span class='ocrx_word' id='word_1_133' title='bbox 321 1377 511 1431; x_wconf 81' lang='lat' dir='ltr'><strong>singulae</strong></span> <span class='ocrx_word' id='word_1_134' title='bbox 557 1385 694 1431; x_wconf 87' lang='lat' dir='ltr'><strong>partes</strong></span> <span class='ocrx_word' id='word_1_135' title='bbox 727 1376 816 1429; x_wconf 87' lang='lat' dir='ltr'><strong>ejus</strong></span> <span class='ocrx_word' id='word_1_136' title='bbox 848 1376 1055 1431; x_wconf 87' lang='lat' dir='ltr'><strong>plurimas</strong></span> <span class='ocrx_word' id='word_1_137' title='bbox 1089 1374 1354 1431; x_wconf 87' lang='lat' dir='ltr'><strong>quaestiones</strong></span> <span class='ocrx_word' id='word_1_138' title='bbox 1391 1373 1434 1414; x_wconf 90' lang='lat' dir='ltr'><strong>in</strong></span> <span class='ocrx_word' id='word_1_139' title='bbox 1478 1387 1522 1413; x_wconf 91' lang='lat' dir='ltr'><strong>se</strong></span> <span class='ocrx_word' id='word_1_140' title='bbox 1554 1372 1803 1413; x_wconf 87' lang='lat' dir='ltr'><strong>contineant.</strong></span> <span class='ocrx_word' id='word_1_141' title='bbox 1862 1372 1975 1415; x_wconf 90' lang='lat' dir='ltr'><strong>Nam</strong></span> <span class='ocrx_word' id='word_1_142' title='bbox 2013 1374 2046 1414; x_wconf 87' lang='lat' dir='ltr'><strong>si</strong></span> <span class='ocrx_word' id='word_1_143' title='bbox 2078 1374 2206 1416; x_wconf 85' lang='lat' dir='ltr'><strong>fuerit</strong></span> 
     </span>
     <span class='ocr_line' id='line_1_16' title="bbox 243 1455 2206 1513; baseline -0.001 -15"><span class='ocrx_word' id='word_1_144' title='bbox 243 1473 320 1513; x_wconf 86' lang='lat' dir='ltr'><strong>per</strong></span> <span class='ocrx_word' id='word_1_145' title='bbox 351 1457 578 1498; x_wconf 84' lang='lat' dir='ltr'><strong>incidentes</strong></span> <span class='ocrx_word' id='word_1_146' title='bbox 607 1456 952 1512; x_wconf 78' lang='lat' dir='ltr'><strong>quaestiunculas</strong></span> <span class='ocrx_word' id='word_1_147' title='bbox 983 1456 1197 1508; x_wconf 85' lang='lat' dir='ltr'><strong>derivata,</strong></span> <span class='ocrx_word' id='word_1_148' title='bbox 1236 1456 1483 1498; x_wconf 85' lang='lat' dir='ltr'><strong>onerabitur</strong></span> <span class='ocrx_word' id='word_1_149' title='bbox 1518 1458 1608 1511; x_wconf 85' lang='lat' dir='ltr'><strong>ipsa</strong></span> <span class='ocrx_word' id='word_1_150' title='bbox 1637 1455 1826 1511; x_wconf 83' lang='lat' dir='ltr'><strong>partitio,</strong></span> <span class='ocrx_word' id='word_1_151' title='bbox 1868 1465 1909 1497; x_wconf 90' lang='lat' dir='ltr'><strong>et</strong></span> <span class='ocrx_word' id='word_1_152' title='bbox 1944 1471 1997 1498; x_wconf 82' lang='lat' dir='ltr'><strong>ex</strong></span> <span class='ocrx_word' id='word_1_153' title='bbox 2032 1456 2115 1498; x_wconf 92' lang='lat' dir='ltr'><strong>hoc</strong></span> <span class='ocrx_word' id='word_1_154' title='bbox 2136 1456 2206 1510; x_wconf 86' lang='lat' dir='ltr'><strong>ju-</strong></span> 
     </span>
     <span class='ocr_line' id='line_1_17' title="bbox 244 1536 2207 1593; baseline 0 -15"><span class='ocrx_word' id='word_1_155' title='bbox 244 1539 356 1579; x_wconf 85' lang='lat' dir='ltr'><strong>dices</strong></span> <span class='ocrx_word' id='word_1_156' title='bbox 386 1553 534 1580; x_wconf 86' lang='lat' dir='ltr'><strong>rerum</strong></span> <span class='ocrx_word' id='word_1_157' title='bbox 569 1538 735 1593; x_wconf 87' lang='lat' dir='ltr'><strong>copiam</strong></span> <span class='ocrx_word' id='word_1_158' title='bbox 767 1537 940 1592; x_wconf 78' lang='lat' dir='ltr'><strong>fugient.</strong></span> <span class='ocrx_word' id='word_1_159' title='bbox 997 1536 1098 1577; x_wconf 91' lang='lat' dir='ltr'><strong>Ideo</strong></span> <span class='ocrx_word' id='word_1_160' title='bbox 1130 1545 1169 1576; x_wconf 88' lang='lat' dir='ltr'><strong>et</strong></span> <span class='ocrx_word' id='word_1_161' title='bbox 1199 1536 1370 1577; x_wconf 85' lang='lat' dir='ltr'><strong>Tullius</strong></span> <span class='ocrx_word' id='word_1_162' title='bbox 1398 1537 1440 1578; x_wconf 93' lang='lat' dir='ltr'><strong>in</strong></span> <span class='ocrx_word' id='word_1_163' title='bbox 1472 1536 1621 1578; x_wconf 89' lang='lat' dir='ltr'><strong>eadem</strong></span> <span class='ocrx_word' id='word_1_164' title='bbox 1657 1537 1914 1586; x_wconf 85' lang='lat' dir='ltr'><strong>Quinctiana</strong></span> <span class='ocrx_word' id='word_1_165' title='bbox 1944 1537 2002 1578; x_wconf 91' lang='lat' dir='ltr'><strong>sic</strong></span> <span class='ocrx_word' id='word_1_166' title='bbox 2029 1537 2207 1593; x_wconf 87' lang='lat' dir='ltr'><strong>partitus</strong></span> 
     </span>
     <span class='ocr_line' id='line_1_18' title="bbox 245 1617 2205 1674; baseline 0 -16"><span class='ocrx_word' id='word_1_167' title='bbox 245 1628 325 1669; x_wconf 88' lang='lat' dir='ltr'><strong>est,</strong></span> <span class='ocrx_word' id='word_1_168' title='bbox 358 1629 404 1660; x_wconf 90' lang='lat' dir='ltr'><strong>ut</strong></span> <span class='ocrx_word' id='word_1_169' title='bbox 432 1619 596 1674; x_wconf 78' lang='lat' dir='ltr'><strong>singula</strong></span> <span class='ocrx_word' id='word_1_170' title='bbox 624 1618 759 1672; x_wconf 87' lang='lat' dir='ltr'><strong>capita</strong></span> <span class='ocrx_word' id='word_1_171' title='bbox 783 1617 927 1672; x_wconf 90' lang='lat' dir='ltr'><strong>plures</strong></span> <span class='ocrx_word' id='word_1_172' title='bbox 953 1618 1249 1671; x_wconf 85' lang='lat' dir='ltr'><strong>quaestionum</strong></span> <span class='ocrx_word' id='word_1_173' title='bbox 1278 1619 1474 1659; x_wconf 85' lang='lat' dir='ltr'><strong>articulos</strong></span> <span class='ocrx_word' id='word_1_174' title='bbox 1502 1619 1771 1659; x_wconf 88' lang='lat' dir='ltr'><strong>continerent.</strong></span> <span class='ocrx_word' id='word_1_175' title='bbox 1807 1618 1976 1659; x_wconf 88' lang='lat' dir='ltr'><strong>Etenim</strong></span> <span class='ocrx_word' id='word_1_176' title='bbox 2011 1619 2205 1673; x_wconf 88' lang='lat' dir='ltr'><strong>primum</strong></span> 
     </span>
     <span class='ocr_line' id='line_1_19' title="bbox 246 1696 2202 1752; baseline 0.002 -16"><span class='ocrx_word' id='word_1_177' title='bbox 246 1696 373 1747; x_wconf 86' lang='lat' dir='ltr'><strong>illud,</strong></span> <span class='ocrx_word' id='word_1_178' title='bbox 422 1712 506 1737; x_wconf 88' lang='lat' dir='ltr'><strong>non</strong></span> <span class='ocrx_word' id='word_1_179' title='bbox 546 1697 673 1737; x_wconf 82' lang='lat' dir='ltr'><strong>fuisse</strong></span> <span class='ocrx_word' id='word_1_180' title='bbox 714 1711 884 1737; x_wconf 85' lang='lat' dir='ltr'><strong>causam</strong></span> <span class='ocrx_word' id='word_1_181' title='bbox 929 1697 1206 1752; x_wconf 84' lang='lat' dir='ltr'><strong>postulandae</strong></span> <span class='ocrx_word' id='word_1_182' title='bbox 1244 1697 1583 1752; x_wconf 84' lang='lat' dir='ltr'><strong>proscriptionis,</strong></span> <span class='ocrx_word' id='word_1_183' title='bbox 1635 1696 1732 1737; x_wconf 88' lang='lat' dir='ltr'><strong>vide</strong></span> <span class='ocrx_word' id='word_1_184' title='bbox 1771 1706 1931 1751; x_wconf 87' lang='lat' dir='ltr'><strong>quanta</strong></span> <span class='ocrx_word' id='word_1_185' title='bbox 1974 1697 2202 1739; x_wconf 84' lang='lat' dir='ltr'><strong>contineat:</strong></span> 
     </span>
     <span class='ocr_line' id='line_1_20' title="bbox 251 1777 2209 1833; baseline 0.002 -16"><span class='ocrx_word' id='word_1_186' title='bbox 251 1777 370 1832; x_wconf 89' lang='lat' dir='ltr'><strong>quod</strong></span> <span class='ocrx_word' id='word_1_187' title='bbox 403 1778 583 1832; x_wconf 87' lang='lat' dir='ltr'><strong>pecunia</strong></span> <span class='ocrx_word' id='word_1_188' title='bbox 618 1777 758 1818; x_wconf 86' lang='lat' dir='ltr'><strong>debita</strong></span> <span class='ocrx_word' id='word_1_189' title='bbox 789 1778 915 1819; x_wconf 84' lang='lat' dir='ltr'><strong>Sexto</strong></span> <span class='ocrx_word' id='word_1_190' title='bbox 946 1779 1112 1820; x_wconf 84' lang='lat' dir='ltr'><strong>Naevio</strong></span> <span class='ocrx_word' id='word_1_191' title='bbox 1143 1794 1229 1820; x_wconf 91' lang='lat' dir='ltr'><strong>non</strong></span> <span class='ocrx_word' id='word_1_192' title='bbox 1263 1777 1412 1828; x_wconf 84' lang='lat' dir='ltr'><strong>fuerit,</strong></span> <span class='ocrx_word' id='word_1_193' title='bbox 1465 1786 1505 1818; x_wconf 90' lang='lat' dir='ltr'><strong>et</strong></span> <span class='ocrx_word' id='word_1_194' title='bbox 1538 1777 1658 1818; x_wconf 90' lang='lat' dir='ltr'><strong>aliter</strong></span> <span class='ocrx_word' id='word_1_195' title='bbox 1688 1777 1754 1833; x_wconf 75' lang='lat' dir='ltr'><strong>agi</strong></span> <span class='ocrx_word' id='word_1_196' title='bbox 1786 1778 2042 1833; x_wconf 85' lang='lat' dir='ltr'><strong>oportuerit,</strong></span> <span class='ocrx_word' id='word_1_197' title='bbox 2091 1777 2209 1832; x_wconf 87' lang='lat' dir='ltr'><strong>quod</strong></span> 
     </span>
     <span class='ocr_line' id='line_1_21' title="bbox 250 1856 2206 1914; baseline 0.002 -18"><span class='ocrx_word' id='word_1_198' title='bbox 250 1857 476 1907; x_wconf 84' lang='lat' dir='ltr'><strong>Quinctius</strong></span> <span class='ocrx_word' id='word_1_199' title='bbox 508 1856 803 1898; x_wconf 89' lang='lat' dir='ltr'><strong>vadimonium</strong></span> <span class='ocrx_word' id='word_1_200' title='bbox 834 1873 920 1900; x_wconf 91' lang='lat' dir='ltr'><strong>non</strong></span> <span class='ocrx_word' id='word_1_201' title='bbox 949 1858 1204 1911; x_wconf 81' lang='lat' dir='ltr'><strong>deseruerit3</strong></span> <span class='ocrx_word' id='word_1_202' title='bbox 1257 1857 1520 1910; x_wconf 86' lang='lat' dir='ltr'><strong>secundum,</strong></span> <span class='ocrx_word' id='word_1_203' title='bbox 1573 1857 1692 1913; x_wconf 90' lang='lat' dir='ltr'><strong>quod</strong></span> <span class='ocrx_word' id='word_1_204' title='bbox 1731 1872 1786 1898; x_wconf 79' lang='lat' dir='ltr'><strong>ex</strong></span> <span class='ocrx_word' id='word_1_205' title='bbox 1827 1857 1961 1898; x_wconf 88' lang='lat' dir='ltr'><strong>edicto</strong></span> <span class='ocrx_word' id='word_1_206' title='bbox 1993 1858 2206 1914; x_wconf 86' lang='lat' dir='ltr'><strong>possidere</strong></span> 
     </span>
     <span class='ocr_line' id='line_1_22' title="bbox 249 1936 2209 1994; baseline 0.001 -16"><span class='ocrx_word' id='word_1_207' title='bbox 249 1952 334 1979; x_wconf 88' lang='lat' dir='ltr'><strong>non</strong></span> <span class='ocrx_word' id='word_1_208' title='bbox 366 1938 567 1993; x_wconf 85' lang='lat' dir='ltr'><strong>potuerit,</strong></span> <span class='ocrx_word' id='word_1_209' title='bbox 608 1937 725 1993; x_wconf 90' lang='lat' dir='ltr'><strong>quod</strong></span> <span class='ocrx_word' id='word_1_210' title='bbox 764 1948 803 1979; x_wconf 91' lang='lat' dir='ltr'><strong>et</strong></span> <span class='ocrx_word' id='word_1_211' title='bbox 833 1949 1153 1994; x_wconf 83' lang='lat' dir='ltr'><strong>procuratorem</strong></span> <span class='ocrx_word' id='word_1_212' title='bbox 1187 1940 1406 1992; x_wconf 85' lang='lat' dir='ltr'><strong>habuerit,</strong></span> <span class='ocrx_word' id='word_1_213' title='bbox 1458 1950 1498 1981; x_wconf 90' lang='lat' dir='ltr'><strong>et</strong></span> <span class='ocrx_word' id='word_1_214' title='bbox 1527 1939 1676 1981; x_wconf 87' lang='lat' dir='ltr'><strong>absens</strong></span> <span class='ocrx_word' id='word_1_215' title='bbox 1708 1936 1906 1979; x_wconf 83' lang='lat' dir='ltr'><strong>defensus</strong></span> <span class='ocrx_word' id='word_1_216' title='bbox 1936 1938 2006 1990; x_wconf 87' lang='lat' dir='ltr'><strong>sit,</strong></span> <span class='ocrx_word' id='word_1_217' title='bbox 2054 1948 2094 1980; x_wconf 91' lang='lat' dir='ltr'><strong>et</strong></span> <span class='ocrx_word' id='word_1_218' title='bbox 2122 1952 2209 1979; x_wconf 89' lang='lat' dir='ltr'><strong>non</strong></span> 
     </span>
     <span class='ocr_line' id='line_1_23' title="bbox 251 2017 2208 2076; baseline 0.001 -18"><span class='ocrx_word' id='word_1_219' title='bbox 251 2018 495 2069; x_wconf 85' lang='lat' dir='ltr'><strong>latitaverit,</strong></span> <span class='ocrx_word' id='word_1_220' title='bbox 536 2028 575 2059; x_wconf 89' lang='lat' dir='ltr'><strong>et</strong></span> <span class='ocrx_word' id='word_1_221' title='bbox 606 2019 732 2059; x_wconf 86' lang='lat' dir='ltr'><strong>ceteri</strong></span> <span class='ocrx_word' id='word_1_222' title='bbox 764 2019 989 2061; x_wconf 85' lang='lat' dir='ltr'><strong>creditores</strong></span> <span class='ocrx_word' id='word_1_223' title='bbox 1022 2022 1154 2076; x_wconf 84' lang='lat' dir='ltr'><strong>quieti</strong></span> <span class='ocrx_word' id='word_1_224' title='bbox 1184 2021 1285 2072; x_wconf 88' lang='lat' dir='ltr'><strong>sint,</strong></span> <span class='ocrx_word' id='word_1_225' title='bbox 1330 2030 1369 2061; x_wconf 89' lang='lat' dir='ltr'><strong>et</strong></span> <span class='ocrx_word' id='word_1_226' title='bbox 1399 2019 1518 2076; x_wconf 89' lang='lat' dir='ltr'><strong>quod</strong></span> <span class='ocrx_word' id='word_1_227' title='bbox 1549 2029 1644 2061; x_wconf 88' lang='lat' dir='ltr'><strong>ante</strong></span> <span class='ocrx_word' id='word_1_228' title='bbox 1679 2019 1858 2060; x_wconf 87' lang='lat' dir='ltr'><strong>missum</strong></span> <span class='ocrx_word' id='word_1_229' title='bbox 1890 2019 1962 2071; x_wconf 91' lang='lat' dir='ltr'><strong>sit,</strong></span> <span class='ocrx_word' id='word_1_230' title='bbox 2000 2028 2048 2060; x_wconf 89' lang='lat' dir='ltr'><strong>ut</strong></span> <span class='ocrx_word' id='word_1_231' title='bbox 2074 2017 2208 2059; x_wconf 85' lang='lat' dir='ltr'><strong>fundo</strong></span> 
     </span>
    </p>
   </div>
   <div class='ocr_carea' id='block_1_5' title="bbox 254 2095 2208 2156">
    <p class='ocr_par' dir='ltr' id='par_1_6' title="bbox 254 2095 2208 2156">
     <span class='ocr_line' id='line_1_24' title="bbox 254 2095 2208 2156; baseline -0.001 -17"><span class='ocrx_word' id='word_1_232' title='bbox 254 2098 475 2140; x_wconf 83' lang='lat' dir='ltr'><strong>communi</strong></span> <span class='ocrx_word' id='word_1_233' title='bbox 510 2098 818 2154; x_wconf 80' lang='lat' dir='ltr'><strong>expelleretur,</strong></span> <span class='ocrx_word' id='word_1_234' title='bbox 852 2113 984 2155; x_wconf 87' lang='lat' dir='ltr'><strong>quam</strong></span> <span class='ocrx_word' id='word_1_235' title='bbox 1018 2100 1268 2155; x_wconf 87' lang='lat' dir='ltr'><strong>proscriptio</strong></span> <span class='ocrx_word' id='word_1_236' title='bbox 1300 2099 1390 2154; x_wconf 88' lang='lat' dir='ltr'><strong>ejus</strong></span> <span class='ocrx_word' id='word_1_237' title='bbox 1415 2100 1721 2156; x_wconf 87' lang='lat' dir='ltr'><strong>imperaretur,</strong></span> <span class='ocrx_word' id='word_1_238' title='bbox 1753 2107 1793 2139; x_wconf 89' lang='lat' dir='ltr'><strong>et</strong></span> <span class='ocrx_word' id='word_1_239' title='bbox 1817 2100 1919 2153; x_wconf 85' lang='lat' dir='ltr'><strong>quia</strong></span> <span class='ocrx_word' id='word_1_240' title='bbox 1949 2096 1992 2138; x_wconf 89' lang='lat' dir='ltr'><strong>vi</strong></span> <span class='ocrx_word' id='word_1_241' title='bbox 2018 2095 2208 2151; x_wconf 83' lang='lat' dir='ltr'><strong>dejectus</strong></span> 
     </span>
    </p>
   </div>
   <div class='ocr_carea' id='block_1_6' title="bbox 257 2228 2211 2400">
    <p class='ocr_par' dir='ltr' id='par_1_7' title="bbox 257 2228 2211 2400">
     <span class='ocr_line' id='line_1_25' title="bbox 326 2228 2209 2279; baseline 0 -17"><span class='ocrx_word' id='word_1_242' title='bbox 326 2231 396 2275; x_wconf 82' lang='lat' dir='ltr'><strong>ejus</strong></span> <span class='ocrx_word' id='word_1_243' title='bbox 422 2228 519 2276; x_wconf 80' lang='lat' dir='ltr'><strong>qued]</strong></span> <span class='ocrx_word' id='word_1_244' title='bbox 547 2230 664 2262; x_wconf 82' lang='lat' dir='ltr'><strong>Melius</strong></span> <span class='ocrx_word' id='word_1_245' title='bbox 690 2229 780 2265; x_wconf 84' lang='lat' dir='ltr'><strong>MS.:</strong></span> <span class='ocrx_word' id='word_1_246' title='bbox 798 2237 910 2263; x_wconf 80' lang='lat' dir='ltr'><strong>contra</strong></span> <span class='ocrx_word' id='word_1_247' title='bbox 933 2231 1028 2279; x_wconf 75' lang='lat' dir='ltr'><strong>qnod.</strong></span> <span class='ocrx_word' id='word_1_248' title='bbox 1042 2231 1146 2265; x_wconf 66' lang='lat' dir='ltr'><strong>Gnow.</strong></span> <span class='ocrx_word' id='word_1_249' title='bbox 1159 2250 1206 2256; x_wconf 90' lang='lat'><strong>·-—</strong></span> <span class='ocrx_word' id='word_1_250' title='bbox 1258 2233 1357 2275; x_wconf 79' lang='lat' dir='ltr'><strong>Pith.)</strong></span> <span class='ocrx_word' id='word_1_251' title='bbox 1375 2239 1435 2266; x_wconf 84' lang='lat' dir='ltr'><strong>ete.</strong></span> <span class='ocrx_word' id='word_1_252' title='bbox 1461 2232 1670 2276; x_wconf 82' lang='lat' dir='ltr'><strong>Exemplum,</strong></span> <span class='ocrx_word' id='word_1_253' title='bbox 1704 2231 1790 2274; x_wconf 84' lang='lat' dir='ltr'><strong>quod</strong></span> <span class='ocrx_word' id='word_1_254' title='bbox 1806 2242 1846 2262; x_wconf 84' lang='lat' dir='ltr'><strong>ex</strong></span> <span class='ocrx_word' id='word_1_255' title='bbox 1864 2229 2008 2263; x_wconf 81' lang='lat' dir='ltr'><strong>oratione</strong></span> <span class='ocrx_word' id='word_1_256' title='bbox 2026 2242 2085 2275; x_wconf 86' lang='lat' dir='ltr'><strong>pro</strong></span> <span class='ocrx_word' id='word_1_257' title='bbox 2106 2230 2209 2275; x_wconf 75' lang='lat' dir='ltr'><strong>Quin-</strong></span> 
     </span>
     <span class='ocr_line' id='line_1_26' title="bbox 257 2291 1907 2337; baseline -0.001 -14"><span class='ocrx_word' id='word_1_258' title='bbox 257 2291 341 2324; x_wconf 85' lang='lat' dir='ltr'><strong>Num</strong></span> <span class='ocrx_word' id='word_1_259' title='bbox 367 2291 480 2322; x_wconf 87' lang='lat' dir='ltr'><strong>melior</strong></span> <span class='ocrx_word' id='word_1_260' title='bbox 497 2292 575 2323; x_wconf 82' lang='lat' dir='ltr'><strong>haee</strong></span> <span class='ocrx_word' id='word_1_261' title='bbox 599 2291 694 2323; x_wconf 82' lang='lat' dir='ltr'><strong>lectio</strong></span> <span class='ocrx_word' id='word_1_262' title='bbox 715 2292 766 2331; x_wconf 86' lang='lat' dir='ltr'><strong>sit,</strong></span> <span class='ocrx_word' id='word_1_263' title='bbox 790 2293 881 2324; x_wconf 76' lang='lat' dir='ltr'><strong>valde</strong></span> <span class='ocrx_word' id='word_1_264' title='bbox 902 2293 1025 2327; x_wconf 79' lang='lat' dir='ltr'><strong>dubito.</strong></span> <span class='ocrx_word' id='word_1_265' title='bbox 1259 2295 1322 2329; x_wconf 86' lang='lat' dir='ltr'><strong>etio</strong></span> <span class='ocrx_word' id='word_1_266' title='bbox 1350 2296 1455 2334; x_wconf 79' lang='lat' dir='ltr'><strong>affert,</strong></span> <span class='ocrx_word' id='word_1_267' title='bbox 1486 2294 1588 2337; x_wconf 80' lang='lat' dir='ltr'><strong>capite</strong></span> <span class='ocrx_word' id='word_1_268' title='bbox 1613 2294 1659 2325; x_wconf 84' lang='lat'><strong>10</strong></span> <span class='ocrx_word' id='word_1_269' title='bbox 1684 2304 1773 2335; x_wconf 87' lang='lat' dir='ltr'><strong>sequ.</strong></span> <span class='ocrx_word' id='word_1_270' title='bbox 1793 2297 1907 2324; x_wconf 78' lang='lat' dir='ltr'><strong>exstat.</strong></span> 
     </span>
     <span class='ocr_line' id='line_1_27' title="bbox 327 2353 2211 2400; baseline -0.001 -13"><span class='ocrx_word' id='word_1_271' title='bbox 327 2353 472 2399; x_wconf 79' lang='lat' dir='ltr'><strong>partitio]</strong></span> <span class='ocrx_word' id='word_1_272' title='bbox 501 2355 679 2386; x_wconf 80' lang='lat' dir='ltr'><strong>»Illustrem</strong></span> <span class='ocrx_word' id='word_1_273' title='bbox 699 2360 730 2386; x_wconf 88' lang='lat' dir='ltr'><strong>et</strong></span> <span class='ocrx_word' id='word_1_274' title='bbox 750 2356 949 2399; x_wconf 78' lang='lat' dir='ltr'><strong>perspicuam</strong></span> <span class='ocrx_word' id='word_1_275' title='bbox 971 2362 1069 2388; x_wconf 82' lang='lat' dir='ltr'><strong>totam</strong></span> <span class='ocrx_word' id='word_1_276' title='bbox 1093 2356 1207 2388; x_wconf 80' lang='lat' dir='ltr'><strong>oratio·</strong></span> <span class='ocrx_word' id='word_1_277' title='bbox 1332 2368 1374 2387; x_wconf 74' lang='lat' dir='ltr'><strong>ex</strong></span> <span class='ocrx_word' id='word_1_278' title='bbox 1396 2354 1466 2400; x_wconf 82' lang='lat' dir='ltr'><strong>hoe]</strong></span> <span class='ocrx_word' id='word_1_279' title='bbox 1495 2353 1631 2387; x_wconf 77' lang='lat' dir='ltr'><strong>Cori-exi</strong></span> <span class='ocrx_word' id='word_1_280' title='bbox 1656 2353 1831 2395; x_wconf 75' lang='lat' dir='ltr'><strong>vulgatam,</strong></span> <span class='ocrx_word' id='word_1_281' title='bbox 1857 2364 1938 2397; x_wconf 86' lang='lat' dir='ltr'><strong>quae</strong></span> <span class='ocrx_word' id='word_1_282' title='bbox 1960 2353 2056 2384; x_wconf 81' lang='lat' dir='ltr'><strong>habet</strong></span> <span class='ocrx_word' id='word_1_283' title='bbox 2071 2364 2129 2384; x_wconf 77' lang='lat' dir='ltr'><strong>»ex</strong></span> <span class='ocrx_word' id='word_1_284' title='bbox 2149 2354 2211 2386; x_wconf 84' lang='lat' dir='ltr'><strong>hoc</strong></span> 
     </span>
    </p>
   </div>
   <div class='ocr_carea' id='block_1_7' title="bbox 257 2415 2211 2523">
    <p class='ocr_par' dir='ltr' id='par_1_8' title="bbox 257 2415 2211 2523">
     <span class='ocr_line' id='line_1_28' title="bbox 257 2415 2211 2462; baseline -0.001 -14"><span class='ocrx_word' id='word_1_285' title='bbox 257 2430 329 2448; x_wconf 87' lang='lat' dir='ltr'><strong>nem</strong></span> <span class='ocrx_word' id='word_1_286' title='bbox 353 2419 493 2450; x_wconf 76' lang='lat' dir='ltr'><strong>efficere«</strong></span> <span class='ocrx_word' id='word_1_287' title='bbox 516 2417 558 2448; x_wconf 88' lang='lat' dir='ltr'><strong>ait</strong></span> <span class='ocrx_word' id='word_1_288' title='bbox 582 2418 697 2449; x_wconf 80' lang='lat' dir='ltr'><strong>Cicero</strong></span> <span class='ocrx_word' id='word_1_289' title='bbox 720 2418 773 2460; x_wconf 79' lang='lat' dir='ltr'><strong>(de</strong></span> <span class='ocrx_word' id='word_1_290' title='bbox 799 2418 915 2449; x_wconf 66' lang='lat' dir='ltr'><strong>imunt.</strong></span> <span class='ocrx_word' id='word_1_291' title='bbox 941 2420 978 2459; x_wconf 71' lang='lat'><strong>1,</strong></span> <span class='ocrx_word' id='word_1_292' title='bbox 1007 2420 1086 2461; x_wconf 75' lang='lat'><strong>22),</strong></span> <span class='ocrx_word' id='word_1_293' title='bbox 1113 2430 1207 2462; x_wconf 85' lang='lat' dir='ltr'><strong>quem</strong></span> <span class='ocrx_word' id='word_1_294' title='bbox 1260 2421 1417 2452; x_wconf 81' lang='lat' dir='ltr'><strong>reb-untur</strong></span> <span class='ocrx_word' id='word_1_295' title='bbox 1434 2417 1560 2459; x_wconf 87' lang='lat' dir='ltr'><strong>judices</strong></span> <span class='ocrx_word' id='word_1_296' title='bbox 1585 2428 1689 2448; x_wconf 85' lang='lat' dir='ltr'><strong>rerum</strong></span> <span class='ocrx_word' id='word_1_297' title='bbox 1706 2416 1829 2460; x_wconf 87' lang='lat' dir='ltr'><strong>copiam</strong></span> <span class='ocrx_word' id='word_1_298' title='bbox 1841 2415 2060 2461; x_wconf 62' lang='lat' dir='ltr'><strong>fugiendam«</strong></span> <span class='ocrx_word' id='word_1_299' title='bbox 2092 2415 2211 2448; x_wconf 71' lang='lat' dir='ltr'><strong>Nostra</strong></span> 
     </span>
     <span class='ocr_line' id='line_1_29' title="bbox 258 2478 1870 2523; baseline 0 -14"><span class='ocrx_word' id='word_1_300' title='bbox 258 2479 340 2513; x_wconf 64' lang='lat' dir='ltr'><strong>xide.</strong></span> <span class='ocrx_word' id='word_1_301' title='bbox 363 2479 457 2510; x_wconf 74' lang='lat' dir='ltr'><strong>Adde</strong></span> <span class='ocrx_word' id='word_1_302' title='bbox 473 2478 648 2510; x_wconf 80' lang='lat' dir='ltr'><strong>Auctorem</strong></span> <span class='ocrx_word' id='word_1_303' title='bbox 667 2478 705 2509; x_wconf 86' lang='lat' dir='ltr'><strong>ad</strong></span> <span class='ocrx_word' id='word_1_304' title='bbox 719 2479 917 2510; x_wconf 79' lang='lat' dir='ltr'><strong>Herennium</strong></span> <span class='ocrx_word' id='word_1_305' title='bbox 935 2481 983 2523; x_wconf 76' lang='grc' dir='ltr'><strong>(Ι,</strong></span> <span class='ocrx_word' id='word_1_306' title='bbox 999 2481 1071 2523; x_wconf 78' lang='grc'>10),</span> <span class='ocrx_word' id='word_1_307' title='bbox 1088 2480 1210 2523; x_wconf 75' lang='lat' dir='ltr'><strong>Quinc·</strong></span> <span class='ocrx_word' id='word_1_308' title='bbox 1261 2479 1526 2514; x_wconf 71' lang='lat' dir='ltr'><strong>Darnistattensis</strong></span> <span class='ocrx_word' id='word_1_309' title='bbox 1552 2478 1670 2510; x_wconf 82' lang='lat' dir='ltr'><strong>codicis</strong></span> <span class='ocrx_word' id='word_1_310' title='bbox 1691 2478 1786 2510; x_wconf 87' lang='lat' dir='ltr'><strong>lectio</strong></span> <span class='ocrx_word' id='word_1_311' title='bbox 1811 2483 1870 2510; x_wconf 88' lang='lat' dir='ltr'><strong>est.</strong></span> 
     </span>
    </p>
   </div>
   <div class='ocr_carea' id='block_1_8' title="bbox 260 2536 2210 2591">
    <p class='ocr_par' dir='ltr' id='par_1_9' title="bbox 260 2536 2210 2591">
     <span class='ocr_line' id='line_1_30' title="bbox 260 2536 2210 2591; baseline -0.002 -18"><span class='ocrx_word' id='word_1_312' title='bbox 260 2542 403 2574; x_wconf 66' lang='lat' dir='ltr'><strong>{ilianum</strong></span> <span class='ocrx_word' id='word_1_313' title='bbox 433 2543 491 2585; x_wconf 81' lang='grc'><strong>(4,</strong></span> <span class='ocrx_word' id='word_1_314' title='bbox 524 2543 581 2585; x_wconf 80' lang='lat'><strong>5),</strong></span> <span class='ocrx_word' id='word_1_315' title='bbox 620 2542 753 2576; x_wconf 81' lang='lat' dir='ltr'><strong>Curium</strong></span> <span class='ocrx_word' id='word_1_316' title='bbox 787 2542 1051 2576; x_wconf 80' lang='lat' dir='ltr'><strong>Fortunatianum</strong></span> <span class='ocrx_word' id='word_1_317' title='bbox 1090 2545 1138 2589; x_wconf 82' lang='lat' dir='ltr'><strong>(p.</strong></span> <span class='ocrx_word' id='word_1_318' title='bbox 1162 2544 1209 2576; x_wconf 79' lang='grc'><strong>65</strong></span> <span class='ocrx_word' id='word_1_319' title='bbox 1338 2541 1457 2591; x_wconf 74' lang='lat' dir='ltr'><strong>quieti]</strong></span> <span class='ocrx_word' id='word_1_320' title='bbox 1490 2542 1546 2575; x_wconf 82' lang='lat' dir='ltr'><strong>Sic</strong></span> <span class='ocrx_word' id='word_1_321' title='bbox 1569 2541 1842 2579; x_wconf 67' lang='lat' dir='ltr'><strong>R,eiclicuaiieusis</strong></span> <span class='ocrx_word' id='word_1_322' title='bbox 1872 2546 1904 2574; x_wconf 67' lang='lat' dir='ltr'><strong>ct</strong></span> <span class='ocrx_word' id='word_1_323' title='bbox 1929 2539 2132 2575; x_wconf 78' lang='lat' dir='ltr'><strong>Monacensis</strong></span> <span class='ocrx_word' id='word_1_324' title='bbox 2154 2536 2210 2583; x_wconf 90' lang='lat' dir='ltr'><strong>(C)</strong></span> 
     </span>
    </p>
   </div>
  </div>
 </body>
</html>
