2310 2860
241 175 330 218 508

245 282 449 340 quoniam
480 285 646 330 neutra,
678 289 790 334 quae
812 273 1075 317 nominativo
1097 271 1146 314 M
1169 273 1475 325 terminantur,
1506 272 1587 314 bus
1616 271 1827 328 syllabam
1847 288 1932 315 non
1963 270 2195 316 admittunt

812 167 1011 211 Martiani
1049 165 1250 223 Capellae
1279 164 1355 218 lib.
1384 163 1461 207 III.
1498 168 1530 218 §.
1555 166 1660 208 505.

125 360 217 402 504
247 377 427 407 numero
464 360 646 416 plurali3
699 373 797 414 ergo
837 358 879 398 in
914 354 1216 411 monosyllabis
1259 354 1450 409 analogia
1485 369 1566 394 non
1614 363 1790 394 tenetur.
1850 354 1878 395 S
1912 353 2033 394 litera
2070 367 2194 409 prae·

244 445 414 487 cedente
445 441 486 484 V
517 442 842 483 terminatorum
875 438 1033 494 species
1065 446 1162 478 sunt
1194 451 1281 478 sex.
1341 437 1390 478 In
1420 436 1559 492 prima
1591 436 1798 490 genitivus
1830 435 1848 475 I
1879 434 2090 490 simplice,
2123 449 2200 476 vo—

245 526 405 567 cativus
429 524 465 565 E
489 523 755 572 terminatur,
785 529 832 561 ut
853 519 1040 569 Marcus,
1072 519 1245 571 Sextus,
1276 518 1499 574 genitivus,
1529 527 1577 558 ut
1605 517 1762 568 Marci,
1797 516 1932 568 Sexti3
1968 515 2200 566 vocativus,

242 593 290 646 ut
318 604 484 654 Marce,
516 603 652 644 Sexte.
700 598 894 642 Secunda
924 598 1137 660 speciesaea
1167 598 1386 654 superiore
1421 597 1502 638 hoc
1533 597 1676 648 distat,
1708 597 1834 653 'quod
1865 596 2046 652 genitivo
2079 596 2098 635 I
2129 611 2200 650 ge-

244 687 395 736 minat,
439 694 478 725 ct
510 684 552 724 in
586 682 779 724 vocativo
809 681 830 722 I
859 680 1134 732 terminatur,
1169 688 1216 720 ut
1253 679 1482 730 Antonius,
1523 677 1681 729 Julius,
1718 678 1849 733 hujus
1880 676 2072 727 Antonii,
2103 675 2201 715 Julii

244 766 360 816 facit,
396 775 436 805 et
465 780 488 804 o
519 763 696 814 Antoni,
725 761 830 813 Juli;
885 761 927 801 in
957 760 1105 801 ceteris
1137 774 1238 801 cum
1267 761 1491 816 superiore
1523 761 1797 800 consentiunt.
1858 759 2005 799 Tertia
2043 757 2201 813 species

241 845 555 888 nominativum
599 857 700 884 cum
741 841 934 884 vocativo
982 840 1147 892 miscet,
1188 850 1228 880 et
1257 840 1440 896 genitivo
1480 840 1649 881 easdem
1688 840 1828 881 literas
1863 839 2068 895 producte
2098 851 2199 879 con-

241 935 401 977 servat,
435 925 577 966 dativo
602 924 645 965 V
667 932 706 963 et
727 922 760 973 I,
791 921 974 963 ablativo
998 920 1054 971 V,
1086 920 1325 963 accusativo
1344 935 1422 962 um
1452 922 1720 972 terminatur,
1752 930 1799 961 ut
1818 930 2002 972 senatus,
2036 919 2200 968 fluctus,

245 1007 475 1056 exercitus,
534 1019 646 1061 quae
689 1004 908 1060 pluraliter
954 1001 1268 1043 nominativum
1314 1016 1414 1042 cum
1462 1003 1704 1044 accusativo
1744 1012 1784 1043 et
1832 1003 2024 1044 vocativo
2068 1004 2111 1044 in
2150 1016 2200 1042 us

243 1087 502 1143 productum
534 1094 681 1141 agunt,
728 1085 961 1139 genitivum
992 1084 1035 1124 in
1065 1098 1165 1134 um,
1209 1083 1404 1124 dativum
1438 1094 1478 1126 et
1514 1086 1749 1126 ablativum
1780 1087 1822 1126 in
1857 1087 1937 1126 bus
1973 1085 2197 1139 syllabam.

244 1169 408 1219 Quarta
439 1167 597 1224 species
626 1167 938 1207 incrementum
969 1165 1158 1220 syllabae
1189 1179 1265 1219 per
1296 1163 1492 1220 obliquos
1525 1179 1646 1206 casus
1678 1165 1848 1220 accipit,
1894 1165 1948 1205 ita
1980 1174 2122 1205 tamen
2152 1173 2199 1204 ut

244 1249 434 1304 aliquam
464 1248 711 1290 varietatem
743 1247 849 1287 inter
879 1261 923 1287 se
956 1245 1152 1287 habeant.
1193 1244 1420 1294 Quaedam
1451 1246 1565 1287 enim
1595 1245 1639 1287 V
1667 1246 1834 1287 literam
1867 1246 2067 1296 retinent,
2101 1246 2200 1286 alias

244 1339 505 1385 correptam,
546 1329 645 1370 alias
677 1327 956 1383 productam,
988 1337 1034 1368 ut
1071 1327 1200 1380 Ligus
1231 1326 1421 1381 Liguris,
1460 1326 1583 1381 palus
1614 1325 1805 1380 paludis,
1839 1326 1971 1366 virtus
2007 1326 2195 1378 virtutis,

243 1412 457 1468 quaedam
488 1411 530 1452 V
558 1411 722 1452 literam
754 1412 797 1451 in
827 1410 864 1450 E
895 1409 964 1451 vel
995 1410 1037 1450 in
1075 1409 1113 1449 O
1148 1416 1337 1456 mutant,
1387 1415 1435 1446 ut
1464 1415 1586 1447 vetus
1624 1407 1796 1457 veteris,
1827 1405 1977 1447 Venus
2005 1405 2199 1457 Veneris,

240 1507 393 1535 nemus
418 1493 625 1545 nemoris,
658 1491 871 1548 quaedam
905 1501 1048 1532 tamen
1078 1503 1164 1530 uno
1195 1486 1324 1529 modo
1355 1485 1633 1527 declinantur.
1672 1487 1787 1528 Laus
1818 1495 1858 1527 et
1887 1485 2025 1539 fraus,
2058 1500 2197 1542 quum

313 1605 349 1634 in
368 1601 487 1647 prima]
521 1603 564 1633 Ιιι
591 1601 719 1632 omnino
752 1600 957 1632 inserendum
981 1604 1049 1631 erat
1076 1597 1194 1632 codicis

240 1662 506 1695 Darmstattensis
533 1662 728 1694 auctoritate.

315 1723 470 1769 secunda]
490 1725 540 1755 De
558 1725 669 1755 harum
686 1722 862 1766 specierum
883 1721 1061 1754 differentia
1080 1721 1194 1753 acriter

236 1791 414 1828 pugnatum
436 1797 508 1816 esse
533 1785 615 1816 inter
641 1784 861 1825 grammaticos
895 1783 1021 1816 Gellius
1048 1784 1129 1828 (14,
1157 1783 1193 1827 5)

238 1848 351 1887 refert,
392 1859 486 1890 quem
511 1847 655 1878 conferre
680 1857 795 1890 operae
817 1845 953 1889 pretium
977 1845 1045 1877 crIt.
1080 1845 1192 1889 Sciop-

239 1907 312 1952 pius
337 1908 478 1951 (gramm.
502 1908 681 1951 philosoph.
706 1920 736 1950 p.
752 1906 829 1950 G4)=
854 1907 1014 1950 »(nomen)
1030 1908 1194 1951 proprium

239 1981 298 2014 per
318 1968 393 2001 IUS
420 1969 466 2013 (in
491 1968 648 2011 vocativo)
673 1968 760 2000 (labit
784 1968 809 2000 I.
832 1968 967 1999 Fallitur
993 1969 1191 2010 Priscianus,

238 2033 294 2076 qui
318 2032 372 2064 lib.
399 2034 418 2064 7
443 2037 567 2064 veteres
593 2037 702 2064 contra
722 2033 803 2063 hanc
823 2032 965 2073 regulam
987 2038 1078 2076 putat
1098 2034 1194 2064 Laer-

237 2096 280 2126 tie
307 2093 443 2134 dixisse,
467 2106 525 2137 pro
550 2095 668 2126 Lae'rli.
694 2094 762 2127 Nec
787 2093 870 2124 enim
891 2094 1053 2137 proprium
1076 2107 1193 2126 nomen

237 2161 287 2188 est
312 2156 479 2194 Laertius,
511 2155 568 2185 sed
588 2154 829 2198 appellativum,
858 2161 893 2186 ut
923 2156 964 2186 sit
987 2156 1136 2187 Laertius
1158 2157 1193 2187 fi-

240 2220 316 2259 lius,
343 2217 472 2251 Laertia
490 2218 608 2262 proles,
631 2218 792 2249 Laertium
813 2219 995 2262 praedium,
1021 2232 1080 2264 pro
1096 2220 1194 2256 Lacr,

237 2287 300 2315 tae.
336 2278 473 2321 Accius,
508 2279 635 2323 opinor,
666 2279 699 2310 in
723 2291 835 2320 versu,
874 2292 969 2325 quem
991 2293 1008 2312 a
1036 2282 1194 2314 Cicerone

239 2349 426 2389 usurpatum
447 2343 566 2375 Fabius
591 2348 758 2374 memorat:
780 2343 858 2374 »nisi
886 2356 950 2387 quo
971 2345 1106 2388 Ulysses
1128 2351 1195 2377 rate

240 2408 340 2441 evasit
364 2408 543 2441 Laertius«
574 2406 676 2439 Recte
697 2406 792 2447 igitur
808 2406 875 2438 Jul.
894 2408 1016 2440 Caesar
1033 2408 1137 2442 Stella
1162 2410 1195 2441 in

240 2484 334 2504 versu
358 2472 398 2504 ad
423 2469 628 2504 Franciscum
659 2481 676 2501 a
699 2471 815 2503 Castro
838 2471 963 2504 Castrie
987 2473 1076 2504 dixit.
1111 2473 1195 2505 Nam

241 2535 428 2569 Franciscus
460 2545 567 2568 eomes
597 2534 745 2567 castrius
776 2540 826 2566 cst
854 2535 939 2567 idem
969 2536 1058 2580 quod
1085 2536 1194 2569 Casu-i

239 2611 355 2631 comes.
397 2599 464 2641 Qui
490 2597 624 2631 Stellam
656 2609 694 2630 eo
722 2598 849 2630 nomine
884 2599 1120 2643 reprehendunt
1145 2619 1191 2626 ·—

1245 1594 1445 1626 Priscianum
1477 1593 1730 1637 eondiscipulmn
1754 1594 1925 1626 habebunt.
1965 1593 2038 1625 Etsi
2066 1594 2117 1626 hic
2142 1606 2198 1626 sua

1246 1662 1361 1701 sponte
1390 1656 1543 1700 resipuit,
1577 1662 1612 1688 ut
1638 1669 1678 1688 ex
1704 1656 1785 1687 libro
1817 1657 1887 1698 ejus
1914 1657 2032 1689 xvlss
2052 1663 2197 1702 apparet,

1244 1718 1300 1749 ubi
1315 1718 1354 1749 de
1371 1718 1627 1761 possessivorum
1648 1718 1800 1750 vocativis
1818 1719 2017 1763 praecipiens
2033 1725 2119 1751 recte
2137 1719 2199 1752 diei

1243 1781 1374 1812 fatetur:
1400 1781 1448 1812 »O
1465 1781 1590 1822 genitor
1607 1787 1717 1813 noster
1731 1781 1887 1814 Salurnie
1903 1782 2037 1814 maxime
2054 1782 2197 1822 divum·3

2093 1844 2198 1877 Simili

1244 1911 1330 1938 certe
1351 1906 1474 1936 ratione
1495 1906 1588 1937 Delie
1608 1906 1773 1938 vocativus
1793 1912 1842 1939 est
1859 1919 1877 1938 a
1890 1908 2005 1939 Delius
2024 1908 2107 1952 apud
2126 1908 2197 1941 Sta-

1244 1848 1277 1874 et
1307 1843 1494 1875 «Euandrie
1526 1842 1590 1885 fili«
1620 1848 1652 1874 et
1683 1844 1887 1875 »Telamonie
1918 1842 2034 1886 Ajax.==

1243 1967 1331 1999 tium.
1358 1968 1469 1999 Julius
1493 1973 1525 1999 et
1547 1969 1720 2012 Pompejus
1744 1968 1904 2000 interdum
1932 1975 2006 2001 sunt
2031 1969 2196 2014 adjectiva,

1244 2037 1280 2063 ut
1294 2030 1403 2062 Julius
1424 2031 1526 2072 cusis,
1555 2031 1710 2075 Pompcja
1734 2033 1863 2073 domus,
1890 2038 1922 2064 et
1941 2038 2017 2064 tune
2033 2031 2196 2063 vocativus

1243 2095 1280 2127 fit
1299 2096 1385 2126 ensis
1400 2094 1505 2135 Julie,
1531 2095 1589 2127 sed
1612 2108 1710 2139 quum
1736 2096 1800 2127 sint
1823 2096 1952 2128 nomina
1973 2093 2116 2139 propria,
2141 2106 2195 2126 vo-

1245 2158 1366 2191 cativus
1391 2158 1457 2190 exit
1477 2158 1510 2190 in
1536 2158 1568 2198 I,
1591 2164 1627 2189 ut
1647 2159 1747 2191 Just«

1318 2220 1491 2267 producte]
1526 2221 1695 2253 Editiones
1725 2220 1852 2264 quidem
1886 2221 2080 2263 producente
2087 2235 2100 2262 ,-
2139 2222 2196 2253 scd

1245 2284 1372 2317 codices
1402 2284 1674 2317 Reichcnauensis
1696 2289 1728 2315 et
1749 2284 2012 2315 Dal-mstattcnsis
2035 2290 2068 2316 et
2095 2284 2196 2329 ipsius

1248 2349 1355 2382 Grotii
1370 2361 1478 2390 margo
1500 2349 1670 2392 producte,-
1698 2347 1813 2391 quibus
1838 2348 1920 2379 addo
1943 2348 2117 2391 productae
2137 2359 2196 2392 pro

1244 2413 1397 2456 producte
1419 2412 1452 2444 in
1471 2411 1658 2445 Monacensi
1677 2410 1742 2455 (C).
1771 2410 1869 2454 Quod
1889 2412 1985 2454 paulo
2006 2411 2101 2443 etiam
2123 2417 2195 2456 post

1245 2477 1362 2519 legitur
1381 2476 1592 2520 productum,
1618 2486 1658 2507 ex
1681 2474 1794 2506 iisdem
1820 2474 1983 2506 codicibus
2011 2474 2118 2518 recepi
2135 2485 2195 2518 pro

1244 2550 1300 2580 eo,
1323 2538 1409 2582 quod
1431 2536 1598 2579 manifesto
1622 2535 1737 2569 falsum
1754 2541 1822 2569 erat
1846 2537 1931 2581 apud
1954 2535 2103 2570 Grotium
2122 2547 2193 2579 pro-

1244 2601 1381 2633 ductam.
