2310 2860
268 189 357 230 501
817 183 1015 226 Martiani
1053 182 1251 240 Capellae
1289 183 1360 224 lib.
1384 183 1458 224 ΙΙΙ.
1497 186 1526 235 §.
1550 184 1649 225 298.

267 293 404 334 imber
435 300 474 331 et
504 299 597 331 uter
643 290 719 331 hos
764 289 912 331 imbris
943 299 982 330 et
1011 289 1114 330 utris
1145 289 1280 330 saciat.
1327 289 1487 339 Quinta
1517 290 1674 346 species
1704 299 1786 342 est,
1816 301 1864 332 ut
1893 306 2047 347 passer,
2080 308 2216 344 anser,

267 372 390 421 later,
422 370 598 421 mulier,
635 383 746 425 quae
777 384 801 410 a
831 368 1018 410 secunda
1047 370 1184 425 speeie
1216 370 1297 411 hoe
1327 369 1550 422 differunt,
1582 369 1700 425 quod
1728 370 1801 411 illa
1830 385 1931 412 cum
1958 372 2215 414 incremento

266 453 455 508 syllabae
495 450 515 492 I
553 451 674 492 litera
718 450 944 501 finiuntur,
989 459 1036 490 ut
1078 464 1207 505 gener
1249 451 1412 504 generi3
1461 451 1568 492 haec
1612 452 1655 492 in
1699 452 1726 492 S
1766 461 1942 503 exeunt,
1985 463 2034 495 ut
2075 468 2216 510 passer

268 534 466 590 passeris,
516 542 555 572 et
593 533 633 572 in
684 531 829 572 ceteris
869 530 1118 586 discrepant.
1186 529 1311 587 Piper
1349 545 1539 587 namque
1578 541 1616 572 et
1655 532 1764 573 cicer
1803 542 1954 574 neutra
1992 533 2035 574 in
2073 534 2220 588 quinta

266 615 405 670 specie
446 614 683 665 habentur3
741 627 841 653 nam
881 621 927 652 ut
957 626 1101 667 passer
1140 611 1196 651 ita
1235 609 1501 651 declinantur
1531 610 1573 650 in
1607 624 1791 660 numero
1821 611 2044 666 singulari,
2089 627 2220 668 quem

270 710 498 750 nunquam
531 694 818 750 egrediuntur.
855 694 985 744 Sexta
1013 691 1191 748 specieS‚
1226 700 1274 731 ut
1302 699 1474 741 neuter,
1504 700 1621 744 uter3
1652 692 1844 733 neutrius
1876 693 1989 733 enim
2020 702 2060 735 et
2086 693 2221 734 utrius

268 774 387 825 facit,
428 783 467 814 et
494 773 757 815 declinantur
792 782 838 814 ut
868 782 1005 815 cetera
1036 772 1309 827 pronomina,
1350 787 1462 829 quae
1492 774 1534 815 in
1573 774 1637 815 ius
1668 774 1808 815 literas
1840 775 2064 830 genitivos,
2111 784 2149 816 et
2179 775 2222 815 iu

268 855 288 895 l
324 855 485 896 dativos
528 865 666 910 agunt.
734 855 957 897 Praeterea
1002 867 1070 894 eos
1116 853 1318 908 genitivos
1359 864 1398 896 et
1436 854 1598 898 dativos
1638 871 1888 897 communes
1926 856 2084 898 habent
2123 870 2221 896 eum

268 935 444 990 reliquis
488 936 736 990 generibus,
785 935 828 976 id
869 944 929 977 est
972 934 1175 977 feminino
1215 946 1469 992 neutroque.
1537 938 1578 979 R
1623 938 1745 979 litera
1781 936 2058 994 praecedente
2087 936 2109 977 I
2138 949 2225 976 una

269 1026 434 1057 tantum
473 1018 630 1072 specics
675 1026 756 1068 est,
806 1018 883 1059 vir.
944 1017 983 1058 R
1018 1018 1138 1059 litera
1182 1015 1458 1073 praecedente
1490 1017 1529 1058 O
1561 1017 1884 1058 terminatorum
1930 1017 2088 1072 species
2129 1024 2226 1056 sunt

271 1097 404 1138 duae:
437 1099 517 1138 alia
545 1113 656 1153 quae
680 1113 756 1153 per
786 1098 982 1152 obliquos
1007 1112 1127 1138 casus
1148 1097 1466 1151 producuntur,
1496 1108 1544 1138 ut
1567 1114 1693 1154 sopor
1710 1100 1884 1154 soporis,
1916 1098 2035 1138 color
2055 1095 2223 1141 coloris3

273 1177 354 1217 alia
394 1179 701 1233 corripiuntur,
747 1188 794 1219 ut
834 1179 960 1219 arbor
1012 1179 1195 1228 arboris3
1254 1177 1444 1218 seduno
1476 1179 1604 1219 modo
1634 1179 1913 1220 declinantur.
1975 1177 2156 1218 Castoris
2188 1186 2227 1217 et

273 1259 466 1299 Hectoris
496 1260 700 1314 genitivos
740 1269 901 1300 veteres
940 1257 1259 1314 produxerunt,
1300 1256 1372 1297 sed
1402 1271 1477 1297 nos
1510 1258 1783 1313 corripimus,
1834 1258 2039 1312 quoniam
2071 1256 2226 1296 Graeci

275 1339 435 1379 horum
478 1339 705 1379 nominum
744 1339 948 1393 genitivos
988 1338 1232 1392 corripiunt.
1293 1336 1332 1375 R
1363 1336 1483 1377 litera
1515 1336 1795 1391 praecedente
1828 1336 1871 1377 V
1902 1336 2228 1377 terminatorum

273 1421 430 1474 speeies
471 1428 567 1458 sunt
597 1418 734 1469 ¹duae:
768 1419 926 1472 prima,
971 1427 1017 1458 ut
1052 1427 1190 1466 satur,
1236 1429 1348 1470 quae
1388 1416 1570 1470 genitivo
1605 1417 1625 1458 I
1656 1416 1826 1468 finitur,
1870 1426 1916 1457 ut
1958 1414 2113 1466 saturi3
2161 1428 2228 1453 se-

275 1497 432 1547 cunda,
480 1512 667 1553 quorum
703 1498 910 1552 genitivus
954 1497 997 1537 in
1038 1498 1070 1538 is
1100 1498 1239 1537 literas
1279 1497 1417 1547 venit,
1474 1506 1521 1537 ut
1560 1497 1744 1552 sulphur
1791 1496 2032 1552 sulphuris,
2078 1497 2227 1549 Augur

274 1579 473 1632 Auguris.
548 1579 712 1618 Neutra
753 1586 918 1627 autem,
959 1591 1071 1631 quae
1117 1591 1168 1617 ur
1206 1577 1333 1618 literis
1375 1576 1603 1629 finiuntur,
1645 1577 1726 1619 alia
1767 1577 1946 1618 retinent
1975 1576 2018 1618 V
2048 1576 2227 1626 literam,

277 1668 321 1697 ut
352 1658 534 1712 sulphur
573 1656 811 1710 sulphuris,
852 1657 931 1696 alia
968 1658 1010 1696 in
1039 1657 1077 1697 O
1113 1665 1297 1706 mutant,
1334 1664 1380 1695 ut
1411 1655 1518 1695 ebur
1568 1654 1718 1695 eboris.
1786 1655 1813 1695 S
1853 1654 1974 1695 litera
2012 1653 2227 1695 finitorum

275 1737 499 1777 nominum
541 1736 704 1777 formae
742 1745 840 1777 sunt
883 1745 987 1777 octo.
1043 1736 1159 1777 Nam
1202 1743 1274 1777 aut
1307 1734 1344 1775 A
1389 1733 1508 1774 litera
1555 1733 1855 1788 praeponitur,
1900 1743 1946 1774 ut
1989 1733 2228 1783 Maecenas,

351 1858 406 1888 Itos
423 1856 544 1901 imbris]
569 1857 706 1889 Causam
727 1857 856 1889 inferius
876 1857 917 1901 (ξ.
930 1859 1013 1890 506.
1027 1857 1114 1900 508)
1130 1859 1227 1889 affert.

276 1920 434 1963 Reliquos
458 1921 677 1962 grammaticos
700 1921 861 1964 congessit
884 1920 1101 1953 Selineiderus
1124 1922 1227 1964 (form.

1279 1858 1344 1894 τῖες
1390 1854 1496 1898 sulfur
1519 1860 1625 1886 autem
1651 1860 1683 1886 et
1703 1861 1817 1899 guttur
1835 1854 1868 1887 V
1889 1854 2012 1886 literam
2035 1855 2068 1886 in
2092 1853 2230 1895 genitivo

1280 1923 1424 1950 servent:
1438 1918 1575 1961 ideoque
1596 1918 1690 1950 etiam
1700 1919 1795 1962 jecur·
1811 1923 1843 1950 et
1857 1917 1965 1961 femur
1984 1917 2230 1950 controversiam

278 1983 311 2023 Ι,
337 1996 368 2026 p.
387 1984 459 2016 569
485 1984 595 2027 sequ.).

1279 1982 1442 2020 fecerunt,
1468 1980 1554 2023 quod
1586 1992 1651 2012 non
1687 1981 1792 2012 minus
1820 1986 1870 2012 est
1894 1981 2111 2020 licentiosum,
2136 1990 2230 2021 quam

1281 2046 1308 2077 si
1333 2045 1453 2087 saltim-i
1475 2050 1506 2076 et
1526 2046 1651 2088 yneturi
1675 2044 1868 2086 subjicerent
1887 2044 1919 2075 in
1946 2043 2084 2085 genitivo
2106 2041 2230 2072 literam

353 2081 508 2127 Castoris]
537 2083 772 2125 Quinctilianus
796 2084 848 2127 (¹,
871 2086 908 2123 ὅ,
932 2085 993 2126 60)
1019 2085 1057 2115 de
1077 2095 1228 2126 gramma-

279 2146 351 2177 ticis
366 2152 505 2177 vaeterum
525 2146 733 2177 amatoribusz
752 2163 763 2176 ι»
771 2147 843 2179 inde
863 2148 1027 2180 Castorem
1046 2148 1149 2178 media
1168 2147 1230 2190 syl-

280 2207 354 2238 laba
369 2207 522 2250 producta
547 2207 805 2249 promunt-iarum,
831 2209 905 2252 quia
923 2210 983 2239 hoc
1008 2208 1154 2239 omnihus
1174 2219 1230 2239 no-

282 2271 356 2301 stris
375 2270 554 2301 nominihus
580 2270 756 2302 accidebat«
789 2277 849 2304 cet.
875 2272 926 2305 Cs.
944 2272 1103 2303 Ritterum
1128 2272 1231 2315 (elem.

281 2331 303 2362 l.
326 2332 396 2363 Lat.
422 2344 451 2375 p.
470 2331 540 2371 47).

359 2423 394 2449 ul
418 2414 563 2461 sulphur]
592 2417 713 2449 Confer
738 2417 864 2449 omnino
892 2418 1101 2461 Quinctiliaui
1123 2418 1175 2461 (l,
1198 2418 1232 2457 G,

285 2478 352 2513 22;
375 2490 404 2521 p.
426 2479 492 2509 151
520 2477 644 2521 Spald.)
665 2479 742 2509 haee
767 2479 878 2509 verba:
909 2481 1002 2511 »ebur
1023 2486 1054 2511 et
1075 2481 1174 2511 robur
1190 2478 1234 2509 ita

286 2541 368 2571 (licta
398 2552 433 2571 ae
453 2539 568 2582 scripta
589 2539 719 2570 summis
739 2540 920 2571 auctoribus·
940 2541 970 2572 in
990 2541 1021 2572 Ο
1044 2541 1166 2572 literam
1186 2552 1233 2572 se·

288 2603 408 2633 enudat·
429 2603 567 2646 sfllubae
592 2603 800 2634 transferunt.
829 2603 900 2645 qnia
921 2603 958 2634 sit
978 2605 1098 2645 roboris
1117 2610 1147 2636 et
1165 2605 1233 2636 cbo-

1281 2108 1312 2140 Ο
1335 2108 1486 2147 mediam,
1513 2108 1587 2151 quia
1613 2113 1699 2139 essct
1720 2108 1823 2139 eboris
1847 2112 1879 2138 et
1902 2107 2040 2138 roboris.-
2063 2104 2144 2136 sieut
2163 2104 2230 2135 An-

1281 2171 1388 2203 tonius
1414 2170 1561 2214 Gnipho,
1590 2171 1645 2214 qui
1677 2171 1774 2202 robur
1796 2169 1923 2212 quidem
1949 2174 1981 2199 et
2006 2169 2102 2206 ebur,
2137 2174 2230 2211 atque

1283 2235 1377 2266 etiam
1399 2246 1543 2264 inat-inm·
1564 2235 1680 2265 fatetur
1703 2244 1791 2264 esse:
1811 2243 1919 2263 verum
1939 2231 2007 2262 fieri
2031 2231 2099 2262 vult
2119 2243 2158 2262 ex
2184 2231 2231 2261 his

1282 2299 1420 2335 robur-a,
1447 2298 1559 2334 eben-a,
1588 2295 1771 2327 „narrum-a!
1798 2294 1926 2337 Quodsi
1948 2293 2232 2325 animadverterent

1283 2361 1450 2391 literarum
1473 2358 1676 2400 affinitatem,
1702 2356 1835 2395 seirent,
1859 2356 1905 2387 sie
1930 2356 1969 2386 ab
1991 2367 2045 2396 eu,
2074 2355 2160 2399 quod
2184 2360 2232 2386 est

1282 2421 1398 2458 robur,
1431 2419 1552 2450 roboris
1584 2417 1667 2456 fleri,
1705 2416 1865 2460 quomodo
1893 2416 1932 2448 ab
1965 2428 2020 2456 eo,
2063 2415 2149 2460 qnod
2184 2421 2231 2445 est

1283 2485 1385 2522 miles,
1413 2483 1521 2520 limes,
1544 2482 1672 2519 mimis,
1698 2481 1827 2519 limitis3
1847 2480 1972 2524 judex,
1994 2479 2127 2517 vindex,
2146 2478 2231 2521 judi-

1285 2548 1349 2585 οἷς,
1383 2543 1546 2575 vindicis«
1598 2541 1693 2575 Adde
1729 2541 1917 2586 Scioppium
1946 2542 2086 2585 (gramm.
2118 2539 2230 2582 philos.

1285 2621 1315 2652 p.
1334 2607 1381 2640 (33
1412 2604 1499 2642 nub).
