2310 2860
851 165 1052 207 Martiani
1091 163 1291 220 Capellae
1328 164 1402 206 lib.
1426 164 1460 205 I.
1506 167 1537 216 §.
1559 163 1628 206 21.

681 271 822 314 Anxia
854 286 992 328 quum
1022 270 1196 327 trepidis
1224 279 1345 313 nutat
1375 270 1577 312 sententia
1605 270 1758 323 rebus,

683 353 884 394 Fluctuat
914 352 1080 393 incertis
1108 359 1182 393 aut
1210 365 1300 393 sors
1329 351 1470 408 ignota
1499 352 1674 404 suturis,

681 433 902 475 Consultat
930 433 1110 475 mortale
1139 446 1294 488 genus,
1338 431 1546 488 quodque
1576 432 1718 489 indiga
1744 434 1836 476 veri

684 512 803 555 Cura
832 514 931 555 facit
960 513 1166 565 dubium,
1195 513 1266 554 vel
1295 528 1389 569 spes
1421 513 1580 554 ineerta
1609 511 1766 570 fatigat,

327 593 472 641 trepidis]
493 593 614 628 Confer
627 595 859 641 pulcherrimos
871 596 1001 629 Horatii
1018 596 1082 641 (od.
1095 598 1131 638 5,
1147 596 1207 638 29,

255 660 318 703 29)
337 671 466 691 versus:

312 722 483 753 »Pindens
508 720 617 763 futuri
639 724 788 765 temporis
819 723 943 753 exitum

304 782 492 826 Caliyinosa
515 787 607 814 noete
626 785 741 826 premit
761 784 860 821 deus,

353 845 514 893 Ridetqtee
535 847 566 877 si
586 847 730 878 mortalis
754 847 840 878 ultra

433 908 501 940 Fas
525 909 671 953 trepidat.
680 924 691 937 «

254 971 348 1004 Unde
371 977 403 1003 ct
427 977 538 1004 noster
563 984 675 1015 supra:
702 970 745 1016 (§.
760 969 797 1017 5)
826 972 1007 1004 »bominum
1034 971 1118 1005 votis
1148 977 1210 1004 ire-

253 1037 329 1078 pida
353 1047 498 1067 curarum
525 1036 654 1077 ambage
677 1037 852 1080 suspensis.
861 1051 872 1064 u

329 1105 424 1131 mitat
453 1097 626 1144 sententia]
653 1099 810 1132 Similiter
838 1099 992 1132 Sedulius
1022 1099 1080 1144 (1,
1105 1098 1212 1143 225)ε

308 1180 356 1185 -—-
374 1180 422 1185 -—-
447 1174 658 1210 ”quoeunque
683 1164 781 1195 trahit
808 1163 965 1195 sententia
988 1169 1098 1195 nutu.«

256 1222 301 1253 Et
324 1223 484 1254 Minucius
504 1223 598 1255 Felix
618 1224 701 1266 (12,
734 1224 791 1267 2):
820 1231 933 1257 »metat
963 1225 1145 1262 sententia,
1178 1228 1215 1254 ut

751 1285 818 1318 Sed
850 1287 919 1331 ipse
945 1286 1061 1319 Cicero
1083 1286 1135 1330 (de
1159 1286 1213 1317 fin.

256 1348 300 1386 2,
324 1347 360 1391 2)
384 1354 519 1379 »nutare
542 1348 737 1392 Epicurum«
763 1349 851 1381 dixit.
886 1350 1011 1383 Seneca
1036 1351 1083 1395 (in
1100 1349 1214 1392 Agam.

257 1284 299 1314 sit
324 1284 416 1315 nobis
445 1285 699 1328 ambiyemlnmm

255 1408 361 1452 704):
390 1409 534 1441 »Incerta
559 1416 679 1442 nutant
701 1411 851 1443 luminas«

332 1469 442 1514 rebus]
464 1471 531 1502 Res
548 1477 731 1511 argumenta
750 1472 962 1503 concludendi
982 1478 1105 1511 notant,
1125 1474 1217 1515 quasi

256 1536 293 1561 tu
316 1530 457 1561 rationes
488 1532 729 1571 argumentandi
751 1532 849 1564 dicas.
881 1532 1033 1566 Julianus
1056 1533 1089 1564 J.
1115 1533 1153 1565 C.
1181 1533 1216 1577 (l.

258 1592 303 1622 51
335 1591 375 1622 ad
401 1591 422 1622 l.
448 1590 590 1635 Aquil.):
619 1593 737 1624 »multa
773 1580 970 1636 autem-jure
999 1595 1084 1627 civili
1106 1601 1217 1626 contra

258 1651 414 1685 rationem
444 1652 628 1696 disputandi
659 1665 718 1696 pro
743 1655 879 1685 utilitate
906 1656 1065 1686 communi
1088 1661 1217 1698 recepta

259 1727 332 1746 esse
358 1715 644 1746 innumerabilibus
669 1717 765 1748 rebus
786 1717 914 1761 probari
936 1722 1073 1762 potesta
1117 1717 1214 1750 Clau-

260 1777 374 1808 dianus
397 1776 430 1820 (Ι.
459 1777 491 1807 2.
511 1776 646 1819 Stilic.):

311 1860 358 1865 -—
384 1860 431 1865 —
454 1852 669 1888 »quamquam
691 1842 789 1873 nullis
811 1842 890 1873 mihi
908 1843 1036 1885 coquite
1059 1840 1154 1872 rebus

311 1901 458 1940 Fabula,
485 1904 543 1933 vix
568 1907 658 1934 tanto
680 1904 752 1934 risit
776 1903 815 1935 de
839 1904 972 1935 en'mine
993 1915 1132 1935 rumora:

261 1953 387 1995 Bixmi.
408 1963 543 2007 (advers.
561 1977 592 2007 p.
609 1964 721 2008 1241)
735 1984 781 1990 --
805 1963 851 1996 At
872 1977 949 1996 vero
971 1965 1032 1996 ista
1052 1964 1111 1997 viri
1129 1964 1217 1997 docti

261 2024 443 2057 observatio
472 2025 563 2056 nihili
588 2026 649 2057 lioe
672 2025 745 2057 loeo
771 2037 842 2057 esse
870 2026 945 2058 mihi
964 2027 1098 2059 videtur.

337 2087 510 2133 consultat]
538 2088 707 2121 Sententia
730 2095 797 2129 est,
832 2090 909 2121 deos
938 2102 996 2133 pci-
1021 2090 1216 2122 divinitatem

265 2160 353 2180 suam
377 2161 458 2193 opus
479 2162 544 2181 nou
567 2151 701 2190 habere⁷
725 2156 759 2181 ut
780 2151 907 2183 anxium
923 2152 1060 2184 aniimun
1080 2153 1218 2184 habeant

264 2223 371 2242 rerum
394 2212 709 2243 administrandarum
733 2213 917 2254 eventibus,
944 2214 1125 2246 homiuibus
1143 2226 1217 2246 eon-

266 2273 386 2305 ditione
410 2276 609 2306 mortalitatis
630 2276 664 2307 id
683 2283 842 2320 expetere.
880 2276 1094 2310 Scribendum
1111 2279 1218 2322 itaque

272 2337 466 2369 »consultet«
489 2344 547 2369 eet.
574 2339 613 2370 In
630 2339 701 2372 MS.
725 2351 789 2372 uno
815 2341 927 2373 lacuna
951 2348 1016 2383 est,
1043 2343 1129 2374 unde
1150 2354 1218 2373 sus-

265 2401 408 2445 picamur
440 2398 485 2434 τὸ
518 2403 665 2449 quodque
692 2404 879 2435 mendosum
913 2405 1007 2436 ctiam
1031 2417 1112 2437 esse.
1154 2405 1220 2438 Vel

268 2476 358 2496 sanc>
373 2464 458 2510 quod
483 2465 557 2507 quia
582 2472 774 2508 exponetur,
802 2473 836 2499 ut
859 2468 976 2512 fatiget
1001 2470 1219 2513 reponendum

268 2532 370 2569 pute-3.
397 2525 465 2557 Nos
486 2531 590 2557 tamen
609 2527 686 2558 nihil
710 2529 844 2572 amplius
862 2530 1078 2562 sollicitamus.
1093 2532 1218 2563 ΒΑΜ-Β.

270 2589 405 2633 (adicis
421 2602 451 2634 p.
473 2590 640 2633 1241)-
661 2590 727 2623 Sed
748 2603 804 2624 eui·
822 2593 921 2626 nihilo
943 2595 1047 2627 secius
1071 2595 1219 2628 sollieita-

1260 596 1326 637 vit,
1352 596 1439 641 quod
1467 596 1603 640 probum
1627 597 1700 628 est?
1735 597 1902 630 Consullet
1922 596 2119 630 Arntzenius
2134 608 2212 642 qno-

1259 670 1322 704 que
1345 658 1446 702 (mise.
1469 670 1500 703 p.
1517 658 1600 691 201.
1621 656 1709 702 202)
1727 658 1792 700 legi
1809 659 1896 701 vult,
1923 659 1981 692 sed
1999 659 2114 692 eodem
2133 657 2217 691 redit

1258 722 1469 763 indicativus,
1494 722 1549 765 qui
1577 721 1672 753 »alias
1698 722 1902 764 mortalibus,
1929 723 2006 756 alias
2033 723 2115 755 divis
2140 733 2216 754 con·

1260 785 1403 818 sultandi
1419 784 1584 829 Apollinis
1606 797 1718 817 causas
1737 797 1826 817 esse«
1850 786 2021 827 siguificat:
2043 787 2118 827 illis,
2142 784 2217 830 quia

1258 848 1365 879 futura
1390 847 1557 889 ignorent,
1591 847 1659 888 his,
1692 847 1849 891 siquando
1878 847 1949 893 ipsa
1975 847 2123 880 voluntas
2151 843 2219 879 non

1259 916 1396 943 constet.
1433 910 1502 943 Nec
1522 911 1671 958 quodque
1690 911 1894 952 mutandum,
1923 911 2000 944 lieet
2021 911 2091 943 cod.
2110 909 2218 944 Guelf-

1262 972 1375 1005 Cottio
1394 977 1476 1004 teste
1499 973 1615 1004 habeat
1630 978 1741 1020 atque,
1766 972 1938 1015 Hugianus
1961 984 2102 1021 proque3
2121 971 2219 1004 modo

1262 1047 1302 1067 ne
1332 1046 1391 1079 pro
1426 1036 1503 1082 quia
1536 1034 1690 1078 accipias,
1728 1035 1784 1066 scd
1812 1034 1855 1065 ita
1889 1040 2073 1066 construas:
2101 1044 2233 1076 »genus

1262 1098 1396 1130 mortale
1421 1103 1453 1129 et
1472 1098 1558 1142 quod
1579 1111 1653 1129 eura
1674 1098 1779 1130 reddit
1802 1098 1942 1130 dubium.
1952 1113 1962 1126 n
2127 1096 2130 1098 ’

1337 1158 1462 1204 indiqu]
1490 1160 1546 1192 Sic
1578 1160 1748 1201 legendum
1779 1160 1894 1204 opinor
1919 1172 1959 1191 ex
1978 1159 2141 1192 Yossiano
2167 1169 2220 1191 co·
2247 1162 2251 1166 '

1265 1221 1336 1253 dice
1359 1226 1391 1253 et
1407 1221 1486 1252 aliis.
1530 1222 1678 1265 Iuduya,
1703 1221 1791 1265 quod
1812 1221 1942 1262 editum,
1970 1220 2074 1253 lexiea
2091 1225 2222 1253 tuentur

1264 1287 1326 1318 hoc
1345 1285 1499 1330 Capellae
1522 1285 1606 1317 loco.
1649 1284 1717 1317 Sed
1745 1297 1816 1317 cum
1839 1285 1967 1317 codices
1991 1285 2084 1316 aliam
2108 1295 2222 1316 vocem

1265 1347 1462 1393 praeferant,
1490 1358 1623 1390 eamque
1650 1346 1750 1388 magis
1773 1346 1941 1387 usitatam,
1967 1346 2047 1377 nibil
2070 1345 2144 1377 inde
2165 1357 2220 1376 au-

1266 1409 1404 1441 toritatis
1427 1409 1572 1452 depromi
1597 1413 1722 1452 potest,
1745 1413 1781 1439 ut
1806 1407 1922 1439 Latina
1939 1407 2065 1439 civitate
2083 1408 2145 1439 hoc
2166 1418 2220 1439 vo·

1268 1473 1417 1505 cabulum
1450 1472 1623 1513 donemus,
1663 1471 1834 1516 praecipue
1869 1472 1930 1503 lioe
1962 1472 2054 1512 loco,
2089 1483 2162 1504 cum
2190 1476 2224 1503 et

1269 1537 1411 1581 syllabae
1441 1535 1602 1579 quantitas
1636 1540 1803 1579 repugnat.
1853 1535 1960 1566 »Cura
1993 1535 2060 1566 veri
2089 1534 2216 1576 indiga«

1266 1604 1336 1637 cst,
1379 1608 1460 1640 quae
1489 1596 1622 1627 veritate
1653 1601 1740 1627 caret
1771 1601 1865 1639 atque
1899 1608 2008 1628 verum
2039 1596 2223 1641 perspicere

1267 1657 1387 1701 nequit.
1414 1657 1579 1688 Amnes.
1602 1656 1702 1699 (mise.
1717 1657 1801 1688 201.
1822 1657 1919 1701 202).
1938 1677 1986 1683 —
2013 1657 2153 1699 Legerat
2173 1659 2222 1689 in-

1267 1719 1342 1761 cliqa
1360 1718 1454 1748 etiam
1478 1717 1631 1748 Bai-thius
1656 1716 1794 1760 (adver-S.
1816 1730 1847 1761 p.
1870 1718 1999 1763 1241),
2023 1719 2223 1763 eandemque

1265 1779 1448 1817 lectionem,
1475 1790 1570 1822 quam
1591 1777 1725 1809 Grotius
1746 1783 1869 1810 tantum
1884 1779 1918 1810 iu
1935 1781 2076 1821 margine
2088 1780 2223 1820 notavit,

1265 1842 1420 1888 praebent
1442 1841 1569 1872 codices
1596 1841 1808 1873 Monacenses
1840 1842 1940 1885 (CJJ.
1951 1842 1991 1874 E.
2001 1842 2075 1887 G.),
2102 1843 2223 1875 Bodle-

1262 1906 1378 1948 janus,
1401 1904 1626 1944 Britannicus,
1647 1904 1934 1946 Cantabrigicnsis,
1955 1905 2139 1948 Hugianus,
2157 1906 2221 1938 Ba-

1267 1967 1433 2008 sileensis,
1465 1965 1732 1998 Darnistattensis
1757 1971 1788 1997 et
1815 1966 2100 1999 Reichenauensis.
2139 1967 2222 2001 Sen-

1266 2032 1365 2065 tentia
1385 2031 1496 2062 eadem
1512 2030 1545 2061 in
1563 2029 1708 2062 Senecae
1723 2030 1869 2073 (Hercul.
1882 2032 1941 2063 sur.
1958 2031 2044 2077 185)
2060 2032 2221 2066 versibus:

1325 2093 1389 2126 »At
1411 2104 1490 2136 gens
1513 2093 1676 2123 hominnm
1696 2091 1805 2134 fertur
1828 2094 1950 2137 rapidis

1317 2157 1422 2189 Obvia
1439 2156 1538 2198 finis,
1568 2157 1692 2187 incerta
1713 2157 1802 2195 su1',··
1825 2159 1841 2179 ⁸

1269 2226 1300 2252 et
1318 2219 1402 2264 apud
1424 2218 1597 2260 Virgilium
1621 2218 1720 2262 (Aen.
1741 2219 1798 2258 10,
1827 2217 1930 2262 5030:

1325 2281 1464 2312 »IVescia
1484 2292 1573 2311 mens
1590 2281 1753 2311 hominum
1772 2278 1836 2321 fati
1857 2281 2016 2327 sortiStJue
2036 2280 2178 2324 futurae.
2191 2296 2203 2310 ι

1344 2354 1422 2375 eur-a
1433 2342 1514 2385 faeie
1533 2339 1677 2385 dubium]
1696 2340 1897 2384 Hypallagc:
1914 2354 2019 2386 neque
2041 2343 2126 2375 enim
2147 2354 2224 2374 eura

1269 2405 1344 2437 facit
1362 2405 1574 2445 dubietatem,
1599 2410 1634 2435 ut
1660 2404 1703 2434 ita
1727 2403 1845 2443 dicam,
1867 2405 1924 2436 sed
1943 2405 2088 2436 dubietas
2106 2417 2221 2438 curam.

1270 2468 1372 2500 Vae.
1392 2485 1439 2490 —
1466 2466 1540 2498 Hoc
1562 2465 1690 2508 quidem
1712 2464 1785 2496 loco
1810 2477 1875 2497 non
1899 2477 1980 2510 opus
2007 2471 2057 2498 est
2083 2472 2222 2499 statuere

1270 2531 1469 2575 hypallagen.
1526 2529 1648 2572 Aperte
1680 2529 1763 2560 enim
1797 2530 1929 2562 mortale
1962 2542 2064 2574 yemis
2088 2530 2221 2571 dixerat,

1271 2595 1358 2639 quod
1381 2593 1511 2626 dubium
1537 2592 1680 2624 redditur
1704 2603 1787 2624 cura.
