2310 2860
727 138 925 180 Martiani
959 139 1158 195 Capellae
1190 139 1259 180 lib.
1289 139 1361 180 III.
1393 142 1424 192 ᾗ.
1448 140 1551 183 525.
2029 147 2115 188 521

158 249 327 288 tionem.
385 245 505 288 Dixit
547 246 681 287 enim:
714 246 866 297 „scibo
902 246 989 300 jam
1031 246 1106 287 ubi
1145 247 1261 288 siet.“

155 327 261 368 senti
299 341 472 378 eorum,
533 341 644 383 quae
688 342 735 367 eo
769 326 897 367 literis
937 328 1244 381 terminantur,
1295 340 1392 371 sunt
1423 332 1556 373 verba
1588 347 1699 387 quae
1732 348 1754 374 a
1785 333 1955 376 diverso
1989 351 2116 392 prae-—

2008 417 2115 458 Item

155 492 289 533 cernit
320 500 359 531 et
396 490 543 531 crescit
576 490 692 531 crevi
732 489 841 530 facit.
901 489 1008 529 Sunt
1054 489 1158 540 alia,
1203 504 1315 544 quae
1355 505 1442 532 una
1482 493 1602 533 verbi
1638 494 1842 549 positione
1873 495 1978 536 duas
2014 512 2115 537 con-

156 410 261 450 senti
300 410 577 465 praeteritum
621 409 757 449 simile
798 408 977 458 habent,
1023 418 1070 449 ut
1110 408 1231 449 luceo
1277 421 1316 452 et
1355 412 1501 467 lugeo,
1554 413 1646 454 luxi
1685 415 1797 455 enim
1837 416 1948 456 facit.

155 572 388 627 jugationes
419 581 608 622 teneant,
644 580 689 612 ut
720 569 881 626 pando,
913 569 1093 622 1na11d03
1132 569 1294 611 faciunt
1321 571 1432 611 enim
1467 571 1628 627 pandas
1659 582 1698 613 et
1728 573 1897 628 pandis,
1938 576 2114 617 mandas

155 664 194 695 et
217 654 396 695 mandis.
427 654 574 695 Verba
605 652 771 693 casibus
796 652 1033 706 junguntur
1056 650 1272 691 interdum
1303 651 1476 706 singulis
1500 651 1574 692 ita:
1599 653 1803 707 genitivo,
1834 663 1880 694 ut
1911 655 2114 696 misereor

155 736 239 788 tui,
274 735 437 787 dative,
472 745 520 777 ut
558 734 717 776 suadeo
748 733 843 785 tibi3
888 732 1151 783 accusativo,
1192 742 1239 773 ut
1270 748 1426 775 moneo
1461 744 1523 787 te,
1571 735 1773 786 ablativo,
1819 746 1865 776 ut
1894 747 1990 778 utor
2021 737 2113 777 illo:

154 817 369 858 interdum
410 817 604 868 duobus,
657 826 704 857 ut
743 816 927 856 ablativo
969 825 1009 856 ct
1039 814 1302 864 accusativo,
1354 824 1401 855 ut
1432 814 1586 869 fungor
1617 814 1728 855 hanc
1759 830 1851 856 rem
1888 826 1927 857 et
1956 818 2028 858 illa
2056 832 2117 858 re.

155 897 271 937 Haec
302 898 397 938 satis
429 896 482 938 ad
512 896 711 952 exempla
742 895 960 950 analogiae
999 895 1155 937 dixisse
1185 896 1379 937 sufficiat.
1438 897 1563 947 Quae
1594 898 1706 938 enim
1739 898 1804 939 his
1835 898 1983 939 formis
2016 913 2116 938 con-

154 986 295 1032 specta
319 977 477 1018 fuerint
501 993 584 1018 non
608 978 761 1029 teneri,
794 993 871 1033 pro
896 987 1009 1018 certo
1035 978 1234 1019 anomala
1258 977 1510 1033 judicanda,
1542 994 1655 1033 quae
1676 980 1847 1019 strictim
1876 981 2117 1035 exigueque

155 1059 429 1109 memorabo,
474 1068 520 1099 ut
554 1069 699 1100 contra
737 1060 945 1100 rationem
987 1059 1114 1100 etiam
1158 1072 1288 1100 usum
1335 1057 1554 1113 quendam
1587 1073 1816 1114 usurpasse
1854 1060 2116 1116 detegamus,

156 1148 227 1181 aut
257 1141 382 1181 etiam
416 1149 560 1181 contra
591 1140 786 1195 regulam
820 1141 1033 1182 defecisse.

915 1301 994 1342 DE
1037 1297 1354 1342 ANOMALIS.

325 1404 476 1454 Quum
508 1405 770 1447 nominativo
805 1407 1007 1461 singulari
1038 1420 1137 1446 reus
1169 1414 1208 1445 et
1238 1404 1342 1445 deus
1376 1405 1531 1446 similia
1563 1406 1664 1456 sint,
1713 1419 1849 1460 quare
1880 1407 2036 1462 plurali
2070 1406 2115 1447 hi

155 1484 216 1525 rei
251 1484 473 1535 dicuntur,
518 1495 558 1526 et
588 1500 690 1527 usus
721 1486 820 1527 dicit
855 1487 901 1527 hi
937 1486 981 1527 di
1019 1496 1163 1527 contra
1194 1484 1413 1539 regulam,
1439 1474 1601 1539 Quum
1634 1484 1716 1524 dici
1747 1494 1911 1526 tantum
1944 1485 2009 1526 dei
2042 1485 2118 1526 de-

156 1565 293 1615 beret,
334 1565 583 1620 praesertim
622 1580 761 1620 quum
793 1566 1002 1620 genitivus
1033 1566 1298 1606 nominativo
1329 1579 1406 1605 suo
1440 1564 1610 1604 duabus
1645 1565 1816 1619 syllabis
1848 1582 1932 1606 non
1967 1566 2119 1608 debeat

153 1645 317 1701 longior
348 1645 551 1695 inveniri,
597 1644 714 1699 quod
749 1644 818 1684 hic
849 1644 1035 1695 eveniet,
1083 1644 1116 1684 si
1149 1644 1341 1684 dicamus
1372 1645 1587 1686 deorum?
1647 1646 1737 1688 Cur
1762 1647 1908 1688 Thoas
1940 1657 1979 1688 et
2008 1649 2118 1690 Aeas

155 1740 295 1780 quum
335 1725 489 1767 similia
529 1726 628 1777 sint,
670 1725 876 1767 Thoantis
919 1735 958 1767 et
990 1726 1161 1767 Aeantis
1197 1725 1375 1777 faciant3
1419 1725 1584 1766 Aeneas
1624 1742 1708 1767 non
1750 1726 1849 1767 sacit
1878 1727 2118 1779 Aeneantis,

155 1806 229 1847 sed
258 1807 448 1849 Aeneae?
484 1808 574 1849 Cur
606 1822 745 1863 quum
774 1807 843 1848 hie
867 1808 1010 1863 biceps
1043 1817 1081 1848 et
1112 1806 1264 1862 triceps
1293 1805 1508 1856 dicamus,
1539 1805 1748 1861 genitivus
1773 1805 1942 1847 duabus
1972 1817 2118 1849 contra

156 1888 349 1943 regulam
372 1888 545 1943 syllabis
569 1898 741 1939 crescat,
772 1897 812 1928 et
832 1887 1010 1943 bicipitis
1035 1897 1074 1929 et
1099 1887 1285 1943 tricipitis
1311 1886 1524 1937 dicamus,
1555 1901 1639 1927 non
1662 1886 1809 1942 bicipis
1840 1897 1912 1928 aut
1940 1887 2120 1944 tricipis‘?

229 2006 316 2053 luxi]
349 2008 439 2040 Idem
472 2020 543 2041 eum
567 2008 663 2050 longe
689 2008 835 2053 pluribus
865 2007 1031 2051 utriusque
1057 2021 1109 2051 ge-

156 2070 258 2111 neris,
299 2082 380 2114 quae
406 2071 457 2102 liic
486 2076 718 2110 memorantur,
753 2070 895 2102 invenies
924 2070 1008 2114 apud
1033 2071 1111 2102 Dio-

157 2133 280 2164 medem
307 2132 357 2176 (p.
377 2134 451 2165 569
474 2132 642 2175 Putsch.),
670 2132 788 2164 omisso
817 2138 922 2164 tamen
948 2134 1111 2175 pandare,

160 2195 246 2238 quod
272 2195 383 2238 utiquc
408 2194 603 2226 rarissimum
626 2200 690 2234 est,
718 2206 777 2226 nec
799 2195 860 2225 nisi
883 2194 967 2226 inter
991 2196 1111 2227 techni-

161 2270 231 2298 cos,
272 2265 307 2289 ut
339 2259 422 2303 apud
460 2258 644 2291 Vitruvium
676 2263 708 2290 et
740 2258 897 2300 Plinium,
926 2266 1112 2304 usurpatum

159 2332 230 2353 csse
255 2322 388 2353 videtur.

234 2382 355 2426 szmyor
382 2384 465 2414 Inane
493 2382 579 2428 rem]
630 2383 909 2426 Quemadmodum
943 2395 962 2415 a
994 2383 1112 2415 Plauto

160 2447 291 2489 (Amph.
315 2447 355 2485 2,
382 2447 421 2486 2,
450 2446 543 2489 197)
569 2447 719 2490 scriptum
741 2447 865 2489 legitur.
903 2447 1004 2479 Plura
1026 2447 1109 2488 ejus-

162 2509 248 2541 modi
271 2509 416 2551 exempla
440 2508 625 2540 Priscianus
650 2511 723 2554 (17,
747 2524 779 2554 p.
804 2511 890 2553 656)
920 2513 1027 2551 affert,
1061 2511 1111 2542 cui

164 2573 261 2604 addas
283 2572 542 2604 Ruddimanuum
565 2572 650 2616 (inst.
672 2585 718 2616 gr.
736 2574 807 2606 Lat.
826 2575 874 2614 11,
901 2587 932 2618 p.
951 2573 1045 2617 192).

1237 2011 1366 2052 syllabis
1395 2011 1534 2058 crescat]
1570 2013 1743 2045 Diomedes
1773 2014 1821 2058 (p.
1846 2014 1919 2046 278
1951 2013 2119 2057 Putsch.):

1170 2070 1359 2104 »Genitivus
1396 2086 1489 2106 casus
1526 2075 1696 2117 singularis
1733 2082 1787 2107 aut
1819 2076 1952 2108 totidem
1989 2076 2120 2119 syllabis

1164 2140 1311 2167 constare
1338 2135 1449 2176 debet,
1478 2142 1557 2179 quot
1584 2137 1798 2169 nominativus
1821 2138 1890 2179 ejus
1915 2156 1962 2161 —-
1986 2143 2039 2168 aut
2056 2148 2118 2168 uua

1165 2196 1287 2238 syllaba
1310 2197 1465 2229 excedere
1491 2215 1538 2221 ——
1560 2198 1731 2242 aliquando
1758 2199 1851 2230 etiam
1875 2199 1998 2230 duabus
2025 2198 2116 2241 sylla-

1164 2258 1213 2288 lsis
1241 2259 1408 2299 accrescit,
1432 2264 1467 2290 ut
1488 2261 1634 2302 supellex
1659 2261 1885 2304 supellectilis,
1906 2262 1966 2292 iter
1982 2260 2117 2296 itineris,

1165 2334 1282 2365 anceps
1302 2324 1451 2365 ancipitis
1456 2346 1469 2362 ,
1493 2336 1647 2367 praeceps
1660 2326 1871 2367 praecipitis.«
1897 2324 1997 2355 Recte
2011 2328 2116 2352 13111611

1165 2383 1337 2426 Scioppius
1360 2384 1405 2427 (in
1431 2396 1562 2426 gramm.
1585 2386 1700 2429 philos
1720 2399 1753 2430 p.
1770 2387 1847 2430 65):
1873 2384 1992 2417 »Multa
2013 2383 2044 2413 in
2063 2394 2116 2424 gc-

1163 2445 1262 2476 nitivo
1282 2451 1444 2477 crescente
1462 2446 1611 2478 videntur
1627 2447 1822 2489 irregularia,
1848 2457 1928 2488 quae
1946 2456 2010 2475 non
2029 2449 2116 2479 sunt,

1164 2508 1191 2539 si
1221 2508 1383 2552 antiquam
1414 2510 1494 2542 recti
1522 2521 1580 2542 seu
1612 2509 1797 2542 nominativi
1822 2507 2013 2551 positionem
2041 2518 2116 2538 eon-

1163 2571 1294 2603 sideros.
1321 2571 1395 2604 Non
1422 2573 1496 2617 quia
1516 2580 1623 2607 rectus
1651 2572 1757 2605 varius
1780 2582 1851 2603 esse
1878 2576 1995 2615 potest,
2023 2570 2118 2603 debet

1665 2636 1709 2667 41

1328 247 1561 289 Indieativo
1607 250 1734 292 modo
1764 260 1956 308 tempore
1986 268 2112 309 prae-
2139 255 2229 298 524
