2310 2860
720 194 919 237 Martiani
959 192 1157 250 Capellae
1196 193 1268 234 lib.
1293 193 1347 236 V.
1389 194 1559 244 §2485
2033 195 2123 238 4⁶25

172 304 300 355 citur,
335 312 400 344 ut:
428 304 460 344 si
494 294 663 344 varium
697 311 736 343 et
766 302 973 343 mutabile
1008 299 1213 355 quiddam
1248 310 1310 341 est
1340 299 1520 351 femina,
1566 299 1678 341 Dido
1710 301 1835 342 etiam
1872 303 1991 343 varia
2021 316 2122 345 mu-

170 383 394 438 tabilisque
434 383 647 435 videatur,
698 383 914 439 possitque
953 398 1005 424 ex
1042 396 1188 424 amore
1218 383 1260 423 in
1306 381 1454 422 odium
1499 382 1767 423 commutari.
1831 382 1924 424 Hac
1959 384 2121 427 ratione

168 464 275 505 illud
314 464 529 506 Ciceronis
569 465 819 506 adstruitur:
851 465 993 516 „Nam
1035 479 1175 520 quum
1216 464 1410 505 omnium
1459 464 1778 518 provinciarum
1818 464 2121 521 sociorumque

168 546 374 586 rationem
407 546 624 601 diligenter
656 546 816 587 habere
846 544 1051 596 debeatis,
1100 554 1191 586 tum
1225 545 1454 600 praecipue
1486 545 1650 587 Siciliae
1680 560 1704 586 o
1734 546 1933 600 judiees.“
1992 545 2119 586 Hune

168 623 311 665 locum
344 621 414 665 isse
445 640 468 666 a
498 635 582 666 toto
616 625 784 667 videtur
813 624 990 677 imitari,
1040 624 1112 665 sed
1142 624 1313 665 interest
1343 623 1470 674 illud,
1504 625 1620 679 quod
1651 626 1693 665 in
1725 625 1794 666 illo
1822 641 1843 666 a
1865 626 2119 677 definitione,

169 705 238 746 hic
269 706 322 746 ab
357 707 446 761 ipsa
476 707 656 757 ratione,
696 720 783 760 qua
818 720 949 760 genus
985 715 1064 756 est,
1105 714 1355 760 argumenta
1395 704 1634 757 ducuntur3
1677 714 1716 745 et
1746 705 1862 760 quod
1892 706 1934 746 in
1965 720 2119 762 genere

170 794 304 827 totum
328 796 406 838 est,
439 787 556 842 quod
582 797 714 829 totum
741 787 946 829 divisione
976 787 1104 843 perit,
1135 800 1266 841 genus
1298 793 1441 826 manet
1465 785 1590 826 etiam
1616 785 1805 841 partibus
1829 784 2116 828 distributum.

769 982 806 1022 A
838 980 1034 1023 SPECIE
1067 980 1186 1022 VEL
1220 980 1254 1021 A
1291 979 1509 1022 FORMA.

334 1087 370 1126 A
408 1086 545 1141 speeie
585 1086 654 1126 vel
696 1101 718 1126 a
765 1086 905 1127 forma
948 1086 1118 1127 ducitur
1158 1096 1484 1141 argumentum,
1536 1094 1584 1125 ut
1621 1083 1749 1126 fidem
1780 1083 1964 1141 generali
1995 1084 2119 1127 faciat

165 1166 421 1221 quaestioni,
453 1175 500 1206 ut
524 1165 671 1206 Cicero
703 1166 746 1206 in
771 1166 1033 1221 Philippicis:
1061 1167 1136 1207 Est
1166 1167 1381 1222 quaedam
1416 1166 1520 1206 actio
1550 1165 1632 1206 lox.
1661 1167 1817 1206 Actum
1844 1166 1954 1206 enim
1986 1182 2117 1222 genus

165 1255 245 1297 est,
281 1246 396 1301 quod
431 1262 453 1289 a
487 1248 647 1304 specie,
692 1247 732 1288 id
765 1257 824 1288 est
862 1248 951 1303 lege
982 1248 1065 1289 lata
1097 1262 1120 1289 a
1152 1247 1333 1288 Caesare
1364 1246 1691 1302 comprobatum
1724 1257 1795 1290 est.
1860 1247 1986 1297 Quod
2016 1249 2116 1289 item

166 1327 388 1369 confirmat
429 1344 451 1370 a
492 1330 720 1370 similibus:
754 1331 955 1379 „Quaere
995 1337 1085 1369 aeta
1124 1326 1330 1378 Gracchi,
1378 1326 1488 1382 leges
1519 1325 1795 1383 Semproniae
1826 1327 2118 1382 proferentum

167 1424 326 1465 quaere
359 1409 522 1464 Syllae,
561 1409 823 1451 Corneliae.“

1007 1566 1044 1606 A
1087 1563 1278 1606 SIMILI.

2147 1087 2237 1129 486

330 1673 367 1713 A
392 1672 519 1714 simili
549 1687 626 1729 per
656 1688 717 1714 se:
751 1673 838 1724 „Ut
867 1671 1031 1713 Helena
1060 1669 1259 1723 Troianis
1270 1700 1282 1720 ,
1312 1668 1372 1710 sic
1402 1668 1566 1710 civibus
1596 1668 1695 1709 belli
1717 1681 1861 1710 semen
1888 1678 1934 1711 tu
1964 1669 2119 1711 fuisti.“
2148 1670 2234 1712 487

236 1811 376 1858 varium]
407 1813 535 1854 Virgilii
556 1813 662 1845 locum
689 1813 819 1857 respicit
836 1812 932 1857 (Aen.
950 1813 990 1852 4,
1018 1810 1115 1853 569),

165 1881 199 1906 ut
223 1875 373 1919 deinceps
403 1876 571 1908 Ciceronis
600 1877 707 1920 (Vei-r.
731 1877 771 1916 2,
800 1876 844 1918 1).

239 1948 304 1983 qna
320 1935 435 1981 glenus]
457 1937 528 1969 MS.
545 1949 636 1984 quae.
650 1937 812 1969 Gnor.—
827 1937 1018 1978 Pei-peram3
1045 1946 1115 1966 sen-

165 2011 219 2030 sus
243 1999 327 2031 enim
349 1999 400 2032 hic
421 2005 485 2039 est,
516 2000 549 2031 in
573 2000 645 2032 loco
667 2000 722 2044 qui
743 1999 783 2030 sit
804 2011 823 2030 α
845 2005 908 2030 toto
932 2003 1116 2040 argumenta

163 2061 236 2093 duci
258 2062 296 2093 ab
323 2074 360 2093 ea
386 2061 515 2092 notione
544 2073 625 2104 quac
653 2061 685 2092 iu
713 2061 838 2102 generis
866 2060 993 2092 nomine
1018 2059 1117 2091 conti-

163 2131 290 2165 πωπω-5
331 2125 364 2156 in
397 2137 435 2156 eo
462 2137 537 2157 vero
564 2125 619 2169 qui
652 2125 694 2156 sit
726 2137 746 2156 a
776 2137 911 2169 qerzere,
947 2124 980 2156 id
1011 2123 1117 2168 ipsum

163 2186 301 2231 spectari
324 2187 410 2231 quod
432 2198 533 2229 genus
562 2187 618 2227 sit,
645 2192 680 2218 ut
702 2199 783 2230 quae
806 2187 845 2218 de
868 2198 983 2229 genere
1010 2186 1115 2217 dican-

160 2253 223 2288 tur,
248 2248 288 2279 ad
304 2249 428 2292 specics
449 2260 577 2292 quoque
598 2248 794 2292 pertineant3
822 2254 924 2280 totum
945 2248 1028 2279 enim
1044 2259 1115 2291 par-

161 2310 270 2342 tiendo
287 2311 407 2355 perire,
431 2312 556 2353 generis
576 2312 639 2344 vim
657 2312 751 2343 etiam
769 2324 826 2355 pei·
845 2313 963 2343 formas
978 2322 1116 2343 manare.

238 2385 258 2403 a
282 2371 397 2417 specie]
425 2373 499 2406 MS.
529 2385 655 2418 semper
683 2376 722 2406 ab
751 2374 875 2418 specie:
904 2374 949 2405 sic
978 2379 1011 2405 et
1033 2373 1115 2405 infra

162 2436 202 2467 ab
229 2436 359 2479 scripto.
394 2435 451 2468 Sic
480 2436 512 2467 in
536 2437 691 2481 principio
718 2437 854 2469 Arnohii
877 2450 935 2482 pro
960 2450 980 2469 a
1004 2437 1114 2469 litibus

162 2499 234 2533 MS.
257 2500 296 2530 ab
315 2499 425 2530 litibus
446 2500 556 2540 habet,
586 2506 620 2531 ut
639 2502 735 2533 refert
756 2494 917 2535 Mem-sius
942 2507 1053 2534 noster
1075 2514 1114 2533 ex

163 2563 324 2606 excerptis
359 2563 549 2608 exemplaris
579 2564 658 2606 regii
686 2577 703 2596 a
730 2577 845 2608 magno
868 2565 1034 2609 scaligero
1060 2565 1112 2597 da-

164 2627 213 2659 tis.
226 2626 330 2659 Gnor.

1240 1822 1343 1855 qenins
1364 1809 1424 1856 est]
1451 1810 1499 1842 lta
1523 1810 1652 1843 codices
1668 1811 1934 1844 Darmstattensis
1954 1817 1986 1843 et
2005 1811 2116 1844 Mona-

1168 1874 1272 1906 censis
1294 1874 1366 1919 (C),
1399 1886 1465 1906 nou
1488 1886 1608 1916 »genus
1633 1880 1682 1907 est
1705 1877 1820 1920 legis«,
1853 1876 2118 1920 quemadmodum

1167 1935 1201 1967 in
1226 1936 1329 1967 editis.
1360 1936 1463 1967 Paulo
1490 1942 1562 1968 ante
1591 1936 1685 1969 etiam
1711 1949 1774 1968 vox
1798 1938 1984 1981 Philippicis
2006 1937 2040 1969 in
2060 1937 2114 1968 iis-

1168 1999 1240 2031 dem
1269 1999 1432 2031 codicibus
1465 2000 1641 2044 perseripta
1675 2006 1740 2044 est,
1776 2001 1917 2034 breviata
1945 2001 1980 2033 in
2011 2000 2113 2033 editis.

1166 2063 1275 2095 Locus
1302 2068 1351 2094 est
1377 2063 1518 2107 Philipp.
1541 2065 1578 2104 1,
1605 2065 1636 2096 7.

1241 2132 1278 2158 ut
1300 2125 1440 2171 Helena]
1468 2126 1604 2159 Correxi
1626 2128 1731 2160 locum
1759 2140 1776 2160 e
1799 2128 1961 2161 codicibus
1978 2128 2113 2160 Reiche-

1166 2188 1316 2228 nauensi,
1345 2189 1610 2228 Darmstattensi,
1637 2195 1669 2220 ct
1698 2190 1884 2222 Mon-acensi
1908 2190 1981 2234 (C);
2018 2190 2113 2230 vulgo

1167 2251 1250 2283 enim
1276 2251 1394 2283 editum
1418 2257 1486 2282 erat
1505 2253 1649 2284 civilibus
1669 2253 1767 2287 bellis.
1795 2254 1947 2286 Ceterum
1971 2265 2012 2285 ne
2036 2254 2112 2283 haec

1167 2315 1295 2360 quidem
1321 2315 1390 2358 ipsa
1414 2314 1581 2347 Ciceronis
1603 2317 1700 2348 verba
1725 2322 1815 2357 sunt3
1842 2316 1896 2348 ille
1917 2316 2000 2347 enim
2023 2314 2110 2358 (Phi-

1165 2376 1242 2420 lipp.
1265 2376 1305 2415 2,
1331 2376 1380 2407 22
1397 2376 1445 2418 f.)=
1469 2382 1523 2408 nut
1543 2377 1670 2409 Helena
1693 2377 1857 2420 Trojanis,
1886 2377 1931 2408 sic
1954 2377 2013 2407 iste
2038 2376 2111 2407 huie

1165 2437 1358 2481 reipublicae
1390 2449 1485 2470 causa
1516 2438 1609 2480 belli,
1644 2451 1741 2471 causa
1770 2438 1870 2483 pestis
1897 2442 1992 2480 atque
2022 2435 2111 2467 exitii

1165 2502 1252 2533 fuit«
1285 2501 1447 2532 Breviavit
1465 2501 1570 2534 locum
1589 2508 1621 2534 et
1640 2503 1760 2536 Marius
1778 2500 1961 2535 Victorinus
1977 2498 2021 2543 (p.
2038 2501 2108 2533 156

1163 2561 1278 2604 Pith.)=
1303 2567 1357 2593 »ut
1383 2562 1510 2595 Helena
1526 2564 1690 2607 Trojaffis,
1717 2564 1762 2596 sic
1787 2569 1832 2603 tu,
1852 2561 1991 2601 Antoni,
2013 2561 2107 2603 liujus

1165 2623 1241 2656 belli
1263 2635 1370 2656 semen
1390 2623 1485 2655 fuisti.
1493 2639 1505 2653 «

1665 2685 1712 2717 54
