2310 2860
98 1003 135 1042 74
141 1004 183 1045 »5

215 189 309 232 366
792 187 991 229 Martiam
1024 187 1225 244 Capellae
1265 188 1337 229 lib.
1367 188 1441 229 VI.
1481 191 1511 240 §.
1534 189 1632 230 702.

211 296 256 336 in
284 295 431 335 intimo
464 291 698 335 admodum
733 295 841 335 mari
873 304 981 335 sunt.
1041 295 1296 336 Fortunatas
1330 303 1471 335 autem
1498 295 1655 336 insulas
1681 295 1723 336 in
1748 295 1870 337 laeva
1892 297 2173 340 Mauritaniae

216 378 458 417 constitutas
479 375 586 416 inter
609 376 830 417 meridiem
855 391 1142 431 occasumque
1162 392 1246 417 non
1268 376 1448 417 dubium
1472 386 1551 429 est3
1583 391 1770 432 quarum
1790 377 1928 433 prima
1941 379 2176 421 Ombriona

210 456 388 506 dicitur,
420 456 606 498 secunda
634 457 840 509 Junonia,
884 458 1000 499 tortia
1035 458 1236 508 Theode,
1277 468 1431 513 quarta
1463 459 1691 514 Capraria3
1732 459 1810 500 alia
1841 459 2037 511 Nivaria,
2067 474 2177 514 quae

210 541 311 578 aere
349 537 555 578 nebuloso
588 548 627 579 et
661 549 855 580 concreto
894 550 974 592 est,
1021 556 1124 581 mox
1156 540 1361 592 Canaria,
1405 541 1580 582 canibus
1612 542 1845 582 immensae
1882 542 2177 597 magnitudinis

210 619 352 674 plena.
412 619 575 660 Omnes
619 620 770 661 avibus
817 621 986 676 plenae,
1037 637 1309 674 nemorosae,
1360 623 1631 678 palmiferae,
1687 637 1796 664 nuce
1843 623 1986 678 pinea,
2044 622 2177 664 mellis

216 700 357 755 copia,
396 701 618 751 amnibus,
663 715 710 742 ac
742 701 880 743 siluris
916 703 1100 758 piscibus
1134 703 1413 748 abundantes,

819 897 968 939 ITEM
1003 898 1210 940 BREVIS
1248 897 1580 939 REPETITIO.

386 1001 618 1044 Porcursus
651 1003 836 1047 breviter
865 1015 1077 1048 terrarum
1110 1007 1233 1055 situs,
1272 1004 1368 1045 licet
1399 1004 1597 1060 ignobilia
1629 1019 1830 1060 quaeque
1861 1004 2179 1061 praetervolans

215 1080 439 1122 immorari
469 1098 553 1124 non
586 1086 821 1139 potuerim,
853 1095 994 1127 tamen
1028 1097 1074 1127 ut
1103 1087 1253 1127 orbem
1284 1095 1423 1126 terrae
1450 1087 1675 1140 mariaque
1708 1086 1910 1126 admensa
1943 1098 2182 1140 cognoscar,

216 1177 462 1205 mensuram
496 1180 670 1206 omnem
707 1168 892 1209 breviter
926 1169 1143 1209 intimabo.
1205 1169 1240 1208 A
1274 1166 1484 1206 Gaditano
1526 1166 1634 1206 freto
1667 1181 1742 1222 per
1775 1165 2081 1221 longitudinem
2116 1164 2181 1205 di·-

291 1322 372 1356 quae
397 1312 432 1342 in
456 1311 580 1357 intimo]
607 1313 636 1344 E
663 1314 827 1346 codicibus
848 1313 1170 1358 Monacensib11s(A.

217 1367 275 1413 C),
299 1373 556 1414 Darmstattensi‚
583 1380 614 1405 et
634 1376 892 1407 Reichenauensi
913 1377 1061 1420 supplevi
1086 1376 1173 1420 quod

215 1433 247 1463 in
271 1434 363 1464 editis
388 1435 541 1467 omissum
561 1442 609 1467 est
639 1439 682 1468 in.

295 1496 515 1542 Fortunatas]
545 1498 666 1530 Confer
694 1498 813 1530 Melam
840 1500 893 1543 (5,
921 1499 995 1542 10),
1030 1499 1173 1530 Plinium

216 1556 267 1598 (G,
293 1558 352 1597 52,
380 1560 458 1602 57),
480 1559 673 1591 Strabonem
702 1561 757 1604 (l,
783 1574 813 1604 p.
830 1562 870 1600 '53
897 1563 937 1601 5,
962 1574 991 1604 p.
1019 1563 1089 1593 130
1111 1562 1173 1594 Ca·

217 1621 333 1663 saub.)‚
365 1627 397 1652 et
420 1622 656 1666 Apollodorum
679 1625 732 1666 (5,
762 1625 823 1663 10,
848 1624 890 1666 Ι).

292 1685 481 1730 Ombriona]
502 1687 589 1727 Lege
607 1688 744 1718 Embion.
764 1699 803 1718 ex
820 1687 935 1719 Solino
955 1693 985 1718 et
1000 1688 1119 1727 Plinio,
1142 1688 1175 1720 in

219 1745 309 1786 cujus
335 1751 441 1778 tamen
467 1748 633 1778 codicibus
663 1748 854 1791 quibusdam
878 1749 1025 1781 Ombrios
1048 1750 1174 1791 legitur.

218 1806 341 1837 Eadem
367 1809 446 1840 haee
472 1809 586 1840 Latina
608 1809 869 1853 interpretatione
890 1811 1055 1842 Pluuialia
1080 1811 1174 1846 dieta.

219 1871 424 1902 Ptolemaeus
444 1872 475 1903 in
493 1874 730 1905 enumeratione
743 1876 853 1905 harum
866 1875 1040 1906 insularum
1056 1876 1176 1910 πλου-

222 1932 352 1972 ιταλα,
378 1933 448 1975 lege
479 1934 702 1969 πλοῖιαλία.
720 1935 823 1967 (Ξῐωτ.
841 1955 887 1960 -—-
911 1937 948 1968 In
970 1937 1119 1969 Martiani
1140 1938 1177 1968 li-

222 1994 305 2034 bris,
335 1997 389 2040 qui
413 1998 526 2028 sumsit
551 2011 567 2029 a
593 1998 723 2039 Selino,
755 2000 885 2041 legitur:
910 2002 1106 2032 »Membrion
1132 2002 1178 2033 di·

224 2059 333 2090 eitur.«
375 2060 496 2092 Verum
522 2061 627 2105 itaque
653 2063 816 2095 Ombrion.
850 2064 1038 2096 Ptolemaeo
1057 2065 1176 2099 πλου-

222 2119 364 2159 βιαλὶα.
381 2121 523 2154 δαημς.
545 2123 598 2166 (ad
623 2123 727 2156 Solin.
751 2138 780 2168 p.
804 2126 914 2168 1298)
931 2145 977 2150 —
1000 2127 1039 2158 In
1063 2127 1178 2159 codici-

226 2184 285 2215 bus
313 2185 441 2228 quidem
465 2187 715 2218 Monacensibus
744 2188 804 2232 (A.
822 2189 886 2231 C),
914 2191 1178 2229 Darmstattensi,

225 2252 258 2276 et
288 2246 544 2279 Reichcnaueusi
577 2249 694 2290 legitur
726 2251 946 2291 BIembrionn,
991 2253 1078 2296 quod
1111 2253 1179 2295 jam

227 2309 360 2341 Grotius
380 2311 513 2353 margini
530 2312 714 2356 adscripsit,
742 2315 798 2345 sed
818 2316 913 2347 malui
929 2316 1088 2358 vulgatam
1107 2318 1181 2349 Om-

226 2372 338 2404 brimm
362 2372 516 2414 retinere,
553 2386 635 2418 quae
667 2375 797 2419 propius
827 2383 911 2409 certe
942 2378 981 2410 ad
1003 2379 1102 2410 Plinii
1133 2380 1182 2423 (G,

227 2436 293 2475 52,
318 2437 381 2479 57)
403 2437 559 2469 Ombrion
582 2438 714 2471 accedit.

305 2498 443 2544 Tlaemte]
470 2499 575 2531 Etiam
604 2501 682 2532 haec
701 2501 848 2532 szonia
872 2502 970 2544 dicta,
1000 2509 1036 2535 ut
1058 2515 1097 2535 ex
1115 2503 1182 2535 Pli-

229 2560 281 2590 nio
313 2561 439 2602 colligo.
463 2562 570 2596 Gnor.
594 2582 641 2587 —
679 2564 821 2595 Plinius:
851 2565 1014 2599 »Alteram
1046 2568 1184 2599 insulam

229 2622 407 2656 Junoniam
427 2626 636 2671 appellari—
654 2627 693 2660 ab
712 2639 749 2660 ea
767 2628 800 2660 in
814 2628 918 2662 vicino
932 2631 1040 2663 eodem
1056 2633 1184 2664 nomine

1223 1314 1412 1353 minor-ema,
1441 1313 1574 1345 Solinus
1593 1313 1665 1355 (56,
1692 1313 1765 1354 15):
1781 1312 1906 1344 »Tertia
1927 1312 2000 1343 huic
2024 1311 2183 1355 proximat

1222 1377 1330 1408 eodem
1349 1377 1490 1414 nomine,
1508 1376 1593 1407 nuda
1612 1375 1747 1415 omnia«,
1768 1375 1852 1407 unde
1867 1374 2033 1406 ridiculam
2047 1374 2183 1416 acjoeu·

1223 1440 1321 1471 larem
1340 1440 1442 1471 nostri
1464 1440 1745 1472 hallucinationem
1778 1439 1909 1471 fluxisse
1933 1429 2111 1472 Salmasius
2132 1438 2186 1483 (ad

1225 1502 1329 1535 Solin.
1345 1515 1376 1545 p.
1389 1502 1497 1545 1515)
1517 1507 1659 1541 annotat,
1685 1502 1739 1546 qui
1759 1503 1893 1534 Teodem
1912 1504 2039 1534 nomine
2054 1502 2185 1543 legerit;

1226 1564 1283 1596 sed
1312 1564 1388 1607 quid
1414 1564 1441 1594 si
1464 1564 1563 1595 Plinii
1586 1563 1693 1607 potius
1713 1576 1748 1595 ac
1766 1563 1871 1596 Solini
1896 1564 2023 1596 codices
2044 1563 2185 1608 corrupti

1227 1626 1305 1664 sint,
1327 1625 1503 1656 Martianus
1524 1637 1633 1657 verum
1651 1626 1804 1657 servarit?
1830 1627 1920 1657 Duas
1943 1627 2064 1658 insulas
2084 1636 2184 1670 prope

1226 1699 1261 1719 se
1283 1687 1359 1717 sitas
1383 1687 1495 1717 eodem
1515 1687 1642 1718 nomine
1667 1688 1842 1731 appellatas
1864 1699 1934 1718 csse
1953 1687 2005 1719 vix
2023 1687 2185 1720 credibile,

1302 1748 1478 1794 Capraria]
1518 1750 1725 1782 Ptolemaeus
1751 1749 1985 1797 Ham-mpla,
2011 1750 2083 1792 lege
2109 1751 2185 1785 Ha-

1227 1812 1390 1859 n‘pccpt'ccz
1411 1813 1453 1845 ita
1473 1814 1556 1845 enim
1582 1814 1635 1845 alii
1662 1814 1900 1846 omneano'r.

1302 1875 1460 1921 Nivaria]
1489 1878 1578 1909 Ilaec
1604 1883 1635 1909 ct
1659 1873 1870 1924 ἀπρόσιτος
1895 1878 1978 1910 dieta
1999 1877 2124 1910 videtur
2147 1889 2188 1910 ex

1227 1939 1434 1980 Ptolemaeo,
1458 1939 1551 1982 quasi
1575 1952 1633 1983 per
1651 1940 1739 1971 nives
1761 1940 1933 1971 inaccessa.
1945 1939 2049 1972 GnoT.

1304 2013 1488 2033 mensuram
1519 1999 1663 2045 omnem]
1701 2002 1751 2032 Ex
1783 2002 1889 2033 Plinio
1921 2003 1980 2044 (G,
2009 1995 2075 2041 38⁶,
2099 2000 2185 2043 55),

1230 2062 1287 2094 sed
1310 2075 1380 2094 cum
1404 2075 1607 2094 numerorum
1630 2063 1826 2102 differentiis,
1856 2063 1888 2094 in
1911 2064 2102 2106 quibusnec
2124 2061 2186 2105 ipsi

1228 2126 1327 2158 Plinii
1356 2127 1482 2158 codices
1517 2127 1577 2158 sibi
1606 2132 1762 2158 constant.
1794 2126 1905 2158 Nostri
1935 2125 2013 2156 nihil
2045 2115 2186 2165 ’νει-ἰωῆς

1231 2190 1365 2223 Grotius
1391 2196 1497 2222 tamen
1522 2190 1655 2231 margini
1677 2190 1846 2233 adscripsit
1875 2200 1932 2232 pro
1955 2190 2063 2220 tricies
2085 2194 2116 2220 et
2138 2194 2186 2221 ter

1229 2254 1347 2296 viqiuti
1371 2259 1490 2295 septem
1514 2253 1614 2283 millia
1641 2253 1818 2298 qrciaeaeyetita
1843 2250 1923 2282 alios
1950 2250 2058 2292 legere
2080 2252 2187 2283 tricies

1232 2320 1263 2345 et
1286 2320 1400 2361 qnater
1418 2315 1552 2357 triyinta
1570 2319 1689 2356 septem
1710 2313 1830 2352 millia,-
1857 2312 1971 2344 deinde
1991 2324 2050 2356 pro
2068 2314 2188 2346 centies

1233 2377 1330 2409 osnes
1368 2375 1447 2406 alios
1478 2376 1596 2407 centies
1631 2375 1811 2418 octuqqies5
1848 2386 1906 2418 pro
1942 2380 2105 2418 vtotzqenta
2137 2374 2188 2406 his

1233 2441 1432 2483 nonaqinta,
1458 2450 1515 2483 pro
1538 2440 1686 2482 sexa-fies
1716 2444 1765 2470 ter
1789 2438 1895 2482 potius
1917 2440 2099 2482 septuaqies
2119 2444 2188 2479 ter,-

1233 2513 1292 2546 pro
1319 2503 1414 2533 octies
1447 2502 1565 2544 viyinti
1595 2502 1737 2547 quinque
1769 2500 1908 2544 denique
1934 2503 2049 2544 septies
2073 2501 2190 2544 viqintt'

1235 2566 1396 2613 quinque,-
1423 2576 1504 2607 quae
1522 2564 1634 2608 partim
1653 2564 1752 2606 magis
1773 2577 1844 2596 cum
1859 2564 1966 2596 Plinio
1985 2563 2187 2602 conveniunt,

1236 2629 1293 2662 sed
1306 2641 1405 2673 quum
1421 2640 1462 2660 cx
1475 2629 1537 2662 hoc
1554 2634 1696 2662 correcta
1713 2640 1784 2661 esse
1797 2628 1933 2673 possint,
1943 2627 2083 2672 recipere
2090 2626 2188 2659 nolui.
