2310 2860
688 190 887 234 Martiani
919 190 1118 247 Capellae
1156 190 1226 237 lib.
1250 189 1281 232 Ι.
1321 193 1351 243 ᾗ.
1372 192 1407 232 1.

2007 196 2035 237 0!

475 300 584 341 Hinc
615 299 687 340 tibi
718 314 819 341 nam
843 299 1024 354 flagrans
1056 313 1129 340 ore
1160 298 1315 354 cupido
1347 298 1494 360 micat:

361 382 446 422 Seu
477 381 549 422 tihi
582 380 698 435 quod
729 381 921 422 Bacchus
952 389 1071 435 pater
1102 388 1181 430 est,
1221 380 1429 435 placuisse
1461 379 1657 432 choreas,

476 462 658 502 Cantare
690 461 742 503 ad
773 461 982 503 thalamos
1014 476 1091 502 seu
1121 461 1327 517 genitricis
1360 460 1510 512 habes,

364 542 546 583 Comere
577 542 797 584 veruiferis
829 542 1021 584 florentia
1051 542 1197 584 limina
1229 542 1347 583 sertis

79 675 145 718 gilii
165 672 261 721 (Aen.
294 675 358 713 10,
402 675 500 719 157):
528 675 667 708 Veneris
700 676 878 718 justissima
909 688 1028 716 cura«;

79 751 215 782 quocum
247 739 357 770 confer
379 739 506 770 Horatii
534 739 598 782 (od.
614 740 647 779 2,
665 741 699 779 8,
718 740 754 784 8)
795 741 1027 784 »juvenumque

76 802 204 846 publiea
227 814 330 833 eura.»
361 801 506 833 Nominis
524 803 768 846 Ryprogeneiae
793 809 932 847 etymon,
954 804 1027 847 quia

77 863 110 895 in
125 864 233 906 Cypro
251 863 356 904 genita
377 864 481 901 fuerit,
501 864 590 895 afl'ert
602 865 766 896 Hesiodus
788 865 906 909 (theog.
923 866 1025 909 199)·,

78 925 158 956 adde
174 925 338 968 Ilynmum
360 925 394 956 in
409 925 570 956 Venerem
599 926 660 970 (2),
679 926 734 970 qui
750 927 894 959 Homero
909 927 1027 959 adscri-

77 989 179 1030 bitur,
214 995 246 1021 ct
272 989 447 1021 Pindarum
469 990 614 1034 pluribus
632 991 722 1023 locis.

148 1050 258 1096 micat]
286 1050 353 1083 Ore
372 1051 487 1083 micare
511 1051 703 1096 Cupidinem
719 1053 908 1096 Hymenaeo
936 1053 1025 1093 dixit,

75 1113 184 1157 phrasi
200 1113 295 1144 toties
323 1113 362 1144 ab
380 1112 585 1145 Aristaeneto
609 1120 640 1145 et
662 1115 731 1145 aliis
757 1115 955 1160 ἐρωτικοῖς
973 1128 1026 1146 ex-

75 1188 196 1220 pressa.
248 1177 334 1209 Vide
372 1189 454 1221 quae
488 1177 632 1220 plurimis
662 1179 694 1210 in
723 1180 862 1210 secunda
887 1179 1026 1210 editione

75 1237 200 1271 Musaei
215 1244 371 1270 notamus.
408 1239 532 1271 Binm.
562 1239 604 1283 (p.
624 1240 710 1283 961)
734 1259 776 1263 -
803 1241 936 1272 Minime
960 1242 1025 1272 Cu-

75 1299 216 1344 pidinem
232 1300 377 1342 intelligo
395 1301 508 1342 deum,
534 1302 592 1333 sed
612 1302 783 1346 cupiditate
805 1303 938 1344 flagrare
956 1303 1024 1346 HK·

77 1372 251 1391 menaeum.
287 1361 384 1392 Certe
404 1368 515 1393 noster
533 1375 630 1405 quum
652 1364 767 1404 multa,
794 1369 862 1395 tum
889 1370 921 1395 et
947 1366 1026 1396 haee

78 1433 95 1452 a
112 1421 292 1453 Claudiano
312 1428 474 1453 mutuatus
499 1427 567 1461 est,
601 1424 685 1466 apud
707 1436 803 1466 quem
831 1424 877 1467 (iu
897 1425 1024 1467 epithal.

75 1483 158 1515 Pall.
188 1488 220 1514 ct
238 1482 343 1515 Celer.
359 1483 422 1526 41)
449 1483 628 1525 Hymenaei
649 1484 743 1514 ctiam
776 1484 887 1516 »dulce
906 1487 1026 1517 micant

77 1545 188 1578 oculi.«
242 1543 427 1589 Appulejus
454 1544 546 1588 (met.
567 1547 600 1577 6.
622 1559 652 1589 p.
676 1547 746 1577 401
774 1545 879 1590 Oud.)
917 1559 1024 1579 »rosas

76 1611 211 1641 micare«
247 1609 342 1650 dicit,
369 1614 400 1641 et
424 1614 535 1641 noster
556 1609 638 1640 infra
666 1608 706 1654 (ξ.
725 1609 811 1653 583)
844 1610 1024 1654 »flammam

75 1673 219 1704 micare.»

149 1745 206 1764 seu
230 1731 298 1777 tibi]
329 1732 454 1764 Sensus
491 1737 556 1764 est:
593 1731 680 1764 »Seu
706 1733 865 1776 placuisse
894 1735 1027 1765 choreas

76 1793 174 1826 habes
196 1794 317 1825 Bacchi
339 1794 379 1838 (is
407 1794 490 1826 enim
519 1794 742 1825 saltationibus
770 1801 915 1839 praeest⁷
943 1796 1027 1827 unde

77 1857 221 1902 quisquis
245 1858 299 1889 ille
321 1864 370 1889 est
389 1857 604 1902 Orphicoriun
624 1864 743 1898 auctor,
771 1859 826 1902 qui
840 1859 1027 1903 propediem

75 1922 157 1952 sorte
181 1933 198 1952 a
222 1921 315 1953 nobis
330 1934 448 1953 novum
471 1927 578 1965 speret
595 1921 696 1961 diem,
724 1922 823 1953 canit:
854 1941 902 1946 —
916 1941 964 1947 —
982 1919 1026 1962 ὅς

75 1993 116 2016 τε
135 1983 242 2026 ἔχεις
258 1978 424 2017 Διόνυσε
443 1977 639 2028 χορευτάε
669 1995 696 2013 v.
710 1995 755 2026 pr.
771 1983 805 2014 in
823 1975 927 2026 lqnin.
942 1996 970 2015 v.
989 1984 1025 2028 9)

78 2064 123 2071 -
144 2057 202 2077 scu
218 2051 345 2077 cantare
370 2046 410 2077 ad
427 2046 582 2077 thalamos
598 2046 696 2077 hahes
717 2047 827 2078 matris
849 2047 1025 2091 Calliopes,

76 2109 126 2143 tel
141 2108 190 2152 (ut
209 2109 262 2140 alii
277 2109 402 2153 volunt)
412 2110 559 2141 Uraniae.
583 2110 686 2142 Gnor.
699 2128 745 2135 —
765 2111 929 2143 Bacchum
944 2112 1024 2143 l'ro-

76 2172 196 2218 portius
220 2185 348 2217 quoque
374 2173 422 2217 (2,
449 2174 508 2214 25,
533 2174 595 2218 94)
627 2174 734 2205 »chori
751 2180 891 2218 patrem«
916 2176 1024 2220 appel-

76 2236 131 2277 lat,
148 2241 180 2268 et
203 2236 359 2268 »medium
381 2236 414 2268 in
432 2248 470 2268 eo
488 2249 578 2268 esset«
611 2236 666 2280 (2,
688 2238 747 2278 25,
772 2238 843 2282 94)
862 2239 952 2280 fingit
982 2239 1023 2283 (v.

76 2298 248 2329 Burmann.
267 2297 306 2329 ad
320 2299 351 2329 h.
372 2298 416 2342 l.).
449 2298 527 2342 Noti
546 2304 710 2343 praeterea
736 2305 810 2331 sunt
833 2300 952 2332 Tibulli
974 2301 1022 2345 (2,

80 2362 111 2401 1,
130 2361 190 2404 55)
216 2373 346 2393 versus:

132 2424 300 2467 »Agricola
321 2431 352 2457 et
375 2426 474 2457 ιηίηἰο
505 2424 670 2469 ειιῆὶιειιε,
695 2426 844 2465 Bacche,
868 2429 998 2461 rubenti

126 2485 257 2517 Primus
279 2489 449 2529 inexperta
475 2487 570 2519 duxit
589 2489 628 2519 ab
655 2493 723 2519 arte
741 2489 879 2520 clam-asa

77 2547 189 2592 Atque
205 2548 288 2592 apud
309 2549 444 2581 cundem
470 2548 518 2595 (1,
536 2551 569 2590 7,
586 2548 648 2596 58)
674 2551 758 2582 idem
785 2551 865 2583 deus

134 2612 255 2644 »Movit
276 2617 307 2643 el
331 2612 374 2643 ad
397 2618 498 2644 certos
522 2615 629 2645 nescia
654 2615 794 2646 nzetnbra
815 2615 950 2646 modos-,¹

1155 673 1298 720 choreas]
1326 673 1539 707 Scrihemhun
1572 675 1749 718 »placuisse
1764 677 1897 708 choreis.
1907 694 1916 703 u
1953 678 2032 709 Bae-

1081 739 1174 769 chum
1200 739 1387 769 chorearum
1412 737 1584 777 choragum
1616 737 1666 767 vel
1692 749 1774 768 unus
1788 737 1960 769 Anacreon
1978 739 2033 770 ‹lo-

1079 813 1151 833 cere
1166 801 1291 832 abunde
1308 800 1421 844 possit,
1441 800 1480 831 ad
1495 812 1590 844 quem
1608 800 1702 832 vises.
1730 801 1855 832 Banrn.
1877 800 1918 846 (p.
1935 799 2032 846 961).

1078 884 1127 890 —
1153 866 1203 896 De
1219 865 1348 897 Baccho
1369 866 1507 905 chorago
1529 876 1622 896 nemo
1642 870 1692 896 est
1712 864 1767 908 qui
1791 865 1913 896 dubitet
1937 865 2032 910 (conf.

1079 927 1196 958 Tibull.
1218 928 1256 967 1,
1283 928 1315 967 7,
1340 928 1388 958 58
1408 931 1440 957 et
1459 926 1501 966 2,
1530 927 1567 966 1,
1596 928 1652 958 58.
1703 926 1886 958 Casaubon.
1911 928 1950 958 de
1975 933 2032 958 sat.

1077 997 1166 1034 po'es.
1189 990 1297 1022 insert.
1314 990 1348 1022 in
1374 990 1470 1022 Crcn.
1508 1002 1638 1021 musaeo
1661 1003 1692 1034 p.
1712 989 1785 1035 28).
1839 991 1908 1022 Cur
1929 997 2034 1022 autem

1078 1052 1257 1084 Martianus
1277 1052 1415 1084 scribere
1433 1064 1497 1083 non
1518 1052 1663 1083 debuerit
1686 1052 1761 1083 »tibi
1780 1053 1941 1096 placuisse
1963 1054 2032 1085 elw-

1079 1128 1190 1155 rcas«,
1214 1128 1342 1147 causam
1363 1127 1467 1158 neque
1486 1115 1594 1147 docuit
1610 1116 1774 1154 Barthius,
1794 1128 1898 1160 neque
1917 1117 2032 1148 (locere

1078 1179 1191 1222 potuit.
1225 1179 1397 1220 Vulgatam
1422 1179 1518 1219 igitur
1536 1179 1658 1210 servavi
1675 1179 1861 1219 lectionem,
1889 1192 1982 1223 quam
2002 1188 2033 1212 et

1079 1254 1096 1272 a
1114 1242 1259 1273 Bacheto
1279 1239 1347 1286 (sur
1362 1240 1410 1271 les
1429 1240 1547 1284 epitres
1560 1240 1696 1272 d‘Oxide
1719 1241 1744 1272 1.
1764 1254 1795 1285 p.
1810 1238 1893 1286 156)
1919 1255 2031 1286 appro—

1077 1303 1183 1334 batam
1204 1315 1276 1333 esse
1302 1302 1404 1333 video.

1151 1363 1286 1409 comere]
1311 1364 1509 1395 Claudianus
1533 1362 1585 1409 (de
1610 1370 1698 1408 nupt⁴
1715 1364 1840 1397 Honor.
1861 1364 1969 1411 202);

1131 1427 1203 1455 »Tu
1214 1425 1330 1467 festas,
1347 1426 1547 1465 Ilymenaee,
1569 1425 1672 1467 faces,
1702 1432 1749 1465 tu,
1780 1427 1908 1467 Gratia,
1933 1428 2032 1471 flores

1126 1485 1239 1528 EIiye3
1267 1491 1302 1515 tu
1317 1486 1483 1528 ycrninas,
1506 1485 1704 1523 Concordia,
1734 1493 1825 1518 necte
1862 1500 2025 1520 coronas.·‹

1075 1546 1174 1590 Apud
1199 1547 1351 1578 Ovidium
1371 1546 1454 1591 (fast.
1474 1549 1507 1587 3,
1530 1546 1616 1592 219)
1644 1561 1772 1592 quoque

1132 1608 1305 1639 »Protinus
1316 1610 1476 1651 arripiunt
1490 1608 1637 1640 Charites
1652 1616 1849 1657 nectuntque
1865 1624 2024 1645 coronas«

1078 1669 1190 1712 Itaque
1212 1675 1322 1701 noster
1346 1669 1428 1701 infra
1454 1668 1494 1714 (ἕ.
1513 1667 1619 1714 888)ι

1136 1748 1146 1761 »
1154 1734 1229 1776 Ipsa
1247 1735 1344 1764 eiiam
1358 1733 1474 1776 fulcris
1491 1734 1679 1765 rcdinu'eula
1698 1742 1823 1767 nectere
1842 1744 1935 1768 sueta

1128 1797 1229 1828 Flora
1248 1798 1362 1829 decens
1386 1799 1473 1828 trina
1492 1800 1593 1828 anxia
1613 1810 1686 1829 cnm
1703 1799 1834 1832 Charite
1854 1807 1913 1832 est.
1921 1816 1932 1827 «⁴

1077 1859 1231 1893 Attamen
1249 1867 1281 1893 et
1296 1862 1424 1894 Baccho
1449 1867 1534 1894 serta
1550 1862 1710 1907 placuisse
1729 1863 1865 1896 Ovidius
1893 1865 1976 1910 (fast.
1996 1867 2029 1897 Ξῖ,

1077 1921 1165 1968 543)
1190 1923 1289 1955 canit:

1134 2001 1145 2014 «
1152 1987 1301 2019 Bacchus
1317 1993 1403 2019 αιηαί
1417 1987 1515 2031 flores
1526 2001 1535 2018 ε
1561 1987 1689 2019 Baccho
1704 1989 1864 2031 placuisse
1879 2002 2029 2022 coronam

1126 2050 1181 2080 Ex
1194 2050 1382 2081 Ariadnaeo
1401 2050 1507 2080 sidere
1532 2061 1624 2080 nosse
1644 2055 1762 2092 potcsa«

1075 2112 1228 2157 Idemque
1249 2113 1319 2145 aliis
1339 2113 1419 2145 locis
1436 2112 1530 2158 (trist.
1551 2115 1582 2153 1,
1609 2115 1643 2154 6,
1669 2113 1725 2154 2)ι

1133 2176 1252 2207 »Deme
1274 2177 1352 2207 meis
1375 2176 1531 2213 hederas,
1553 2175 1712 2206 Bacchica
1739 2181 1840 2209 serta,
1864 2177 1988 2208 comis-‚n

1076 2242 1109 2268 et
1134 2235 1181 2283 (ὅ,
1206 2239 1241 2277 5,
1267 2235 1304 2281 5)
1322 2238 1361 2269 de
1380 2237 1486 2281 poetis
1506 2237 1670 2269 Bacchum
1693 2237 1943 2268 celebrantibus:

1129 2299 1310 2346 «Feslaque
1333 2298 1474 2330 odoratis
1493 2300 1662 2329 imzectnnt
1689 2304 1830 2341 tempora
1848 2299 1969 2329 sertis-,u

1074 2360 1195 2392 Veneri
1212 2361 1287 2392 item
1305 2373 1376 2393 eum
1394 2360 1562 2392 comitibus
1580 2360 1689 2391 tribuit
1706 2360 1898 2404 Cypriorum
1915 2365 2025 2391 auctor

1076 2424 1137 2470 (ap.
1163 2424 1282 2456 Athen.
1308 2426 1364 2465 13,
1394 2437 1425 2468 p.
1444 2424 1518 2456 (372
1541 2424 1561 2455 f.
1588 2421 1761 2468 Casaub.):

1072 2484 1119 2522 ‘H
1131 2486 1171 2522 δὲ
1189 2485 1260 2522 σὺν
1274 2484 1529 2535 ἀμφιπόλοισι
1544 2484 1797 2533 φιλομμειδὶς
1808 2482 2020 2531 Ἀφροδίτη

1072 2548 1302 2595 Πλεξαμὲνη
1318 2545 1539 2595 στεφάνους
1557 2545 1735 2590 εὐώδεας,
1754 2544 1878 2581 ἄνθεα
1891 2546 2018 2592 γαίης,

1067 2610 1128 2646 Ἂν
1142 2611 1372 2658 κεφαλαῖσιν
1393 2611 1531 2645 ἔθεντο
1550 2607 1642 2644 θεαὶ
1658 2603 2017 2654 λιπαροκρήδεμνοι.
