2310 2860
176 114 269 161 546

181 241 230 270 ac
260 224 470 268 Tabraca.

181 310 287 352 haec
325 308 402 348 tria
443 304 755 361 promontoria,
809 301 1015 358 Apollinis
1061 300 1290 342 adversum
1332 299 1594 351 Sardiniam,

737 110 937 154 Martiani
976 108 1178 166 Capellae
1213 107 1285 149 lib.
1318 108 1394 150 VI.
1434 111 1467 160 §.
1489 109 1593 150 669.

530 219 711 262 Interius
757 218 989 274 Zeugitana
1032 216 1167 272 regio,
1216 230 1329 272 quae
1373 216 1545 272 proprie
1584 226 1762 259 vocatur
1801 219 1967 273 Africa,
2010 221 2139 264 habet

1657 300 1862 342 Mercurii
1901 314 2139 359 respectans

182 392 389 440 Siciliam,
420 402 532 442 quae
555 388 594 428 in
622 387 755 428 altum
781 384 1074 442 procurrentia
1100 383 1208 424 duos
1232 381 1418 424 efficiunt
1445 383 1561 424 sinus
1586 382 1638 424 ab
1670 383 1866 439 Hippone
1890 385 2134 441 Diarrhyto.

182 467 346 512 Deinde
384 467 725 524 promontorium
765 465 993 521 Apollinis,
1040 473 1078 504 et
1117 464 1159 504 in
1200 463 1281 504 alio
1311 465 1405 505 sinu
1438 465 1562 505 Utica
1604 464 1772 506 Catonis
1805 476 1941 508 morte
1973 481 2137 508 memo—

181 550 339 601 randa,
374 549 536 590 flumen
578 546 792 603 Bagrada,
836 561 883 587 ae
914 546 1157 601 propinqua
1192 545 1426 601 Carthago,
1470 545 1610 587 inclita
1649 546 1810 602 pridem
1845 548 1993 599 armis,
2024 562 2137 589 nunc

182 631 375 673 felicitate
413 629 672 682 reverenda3

733 628 909 669 demum
942 627 1140 678 Maxula,
1173 626 1324 684 Carpi,
1358 627 1550 679 Messua,
1583 627 1833 684 Clypeaque
1861 629 1903 671 in
1932 645 2140 685 promon-

182 715 286 756 torio
316 712 544 766 Mercurii,
589 711 692 753 item
728 710 937 762 Curubis,
975 709 1190 765 Neapolis.
1246 744 1255 748 ,

258 919 420 966 Tabraca]
446 919 524 953 MS.
552 920 582 952 T
579 920 717 952 abraclm
724 943 736 959 ,
765 931 805 951 ex
827 919 947 954 Plinio.
965 919 1069 952 Gnor.
1088 936 1136 942 —

178 984 287 1026 Vulgo
313 984 396 1015 enim
424 983 611 1014 Talei-achia.
639 981 706 1015 Sed
727 982 853 1013 Plinius
874 982 970 1013 hahet
992 982 1136 1012 Tabraca

178 1048 476 1092 adstipulanturque
506 1046 633 1077 codices
665 1046 931 1077 Darmstattensis
963 1051 995 1077 et
1023 1046 1135 1077 Mona·

177 1112 284 1144 censis
314 1111 396 1155 (C),
429 1116 656 1155 praetereaque
691 1122 774 1153 qnos
804 1109 1049 1150 WVesselingius
1077 1108 1135 1151 (ad

177 1175 251 1207 ltin.
267 1174 344 1206 Ant.
369 1187 400 1217 p.
419 1174 481 1216 21)
509 1174 671 1204 Tabracca
688 1173 795 1214 legere
813 1178 925 1204 auctor
947 1178 1011 1212 est,
1040 1183 1134 1216 quem

177 1236 258 1268 vide.
282 1236 321 1267 In
345 1235 513 1266 Itinerario
542 1240 590 1266 est
618 1235 793 1266 Thabraca.

252 1332 335 1367 quae
354 1317 503 1363 proprie]
539 1318 667 1349 Plinius
695 1318 748 1360 (5,
783 1318 823 1357 4,
856 1317 908 1360 3):
939 1317 1134 1358 »Zeugitana

175 1382 282 1425 regio,
317 1388 348 1414 et
375 1395 456 1425 quae
484 1381 612 1425 proprie
643 1386 775 1412 vocetur
801 1379 910 1412 Africa
938 1386 1013 1411 εει..
1047 1380 1134 1411 Mela

175 1447 229 1492 (1,
252 1446 304 1489 4)=
322 1445 491 1477 »Proxima
508 1445 583 1476 Nilo
608 1444 770 1488 provincia
789 1456 882 1487 quam
907 1444 1052 1487 Cyrenas
1078 1455 1132 1475 vo-

174 1513 264 1548 cant,
292 1508 407 1539 deinde
426 1507 477 1540 cui
497 1506 595 1538 totius
614 1505 754 1547 regionis
775 1505 931 1537 vocabulo
955 1517 1134 1547 cognomen

173 1571 309 1604 inditum
335 1577 385 1602 est
413 1571 547 1614 ΑῙι-ἰσας
582 1575 686 1602 cetera
709 1569 866 1601 Numidae
896 1580 931 1600 ac
957 1570 1062 1600 Mauri
1087 1575 1134 1601 te-

174 1640 288 1675 nent«,
318 1641 350 1667 et
374 1635 436 1666 alio
461 1634 534 1666 loco
562 1634 615 1676 (1,
644 1632 694 1675 7)=
719 1632 853 1675 »Africa
877 1634 1008 1675 propria
1030 1645 1047 1664 a
1064 1633 1132 1664 Me-

174 1698 317 1740 leagrino
345 1697 563 1741 promontorio
595 1696 634 1727 ad
657 1707 727 1727 aras
747 1695 1004 1728 Philaenorum.«
1035 1694 1133 1729 Adde

171 1759 369 1793 salmasium
394 1759 449 1803 (ad
471 1758 574 1791 Solin.
599 1770 630 1802 p.
645 1757 743 1800 518).

252 1860 315 1890 tria
328 1855 561 1903 promontoria]
583 1856 705 1898 Florum
720 1856 856 1900 primum
874 1857 1029 1889 incertum
1047 1857 1131 1889 Mar-

173 1920 255 1952 tiani
275 1932 316 1951 an
339 1919 538 1952 librariorum
556 1921 677 1953 incuria
695 1921 835 1960 excedit,
853 1921 1053 1960 Candid11m5
1077 1932 1130 1952 ne-

175 1994 240 2026 que
266 1981 349 2014 enim
374 1981 630 2013 substituendum
658 1994 729 2014 esse
757 1994 814 2025 pro
837 1983 937 2014 allero
957 1983 1130 2026 Apollinis,

175 2057 258 2090 quae
281 2044 387 2077 Groui
410 2045 566 2076 sententia
589 2058 660 2076 csse
681 2045 820 2085 videtur,
851 2052 981 2089 apparet
1004 2058 1044 2077 ex
1065 2046 1132 2077 Pli-

174 2109 245 2150 nio,
277 2121 372 2154 quem
396 2109 573 2141 Martianus
603 2109 762 2152 sequitur:
788 2109 879 2140 „Tria
901 2110 1130 2153 promontoria,

176 2170 368 2209 candidum,
385 2183 459 2202 mox
475 2168 638 2213 Apollinis
658 2171 824 2202 adversum
842 2170 1026 2212 Sardiniae,
1047 2173 1131 2204 Mer-

179 2234 258 2267 curii
275 2233 441 2265 adversum
458 2233 606 2273 Siciliae,
634 2233 667 2264 in
689 2234 787 2265 altum
809 2236 1026 2278 procurrentia
1050 2236 1131 2267 duos

177 2295 317 2328 efficiunt
342 2295 450 2334 sinus,
483 2294 727 2337 Hipponiensem
749 2297 925 2337 proximum
951 2297 990 2328 ab
1014 2297 1131 2340 oppido

177 2359 263 2404 quod
279 2359 464 2402 Hipponem
480 2357 619 2389 dirutum
635 2363 760 2396 vocant,
781 2358 984 2402 Diarrhytnm
1004 2372 1019 2390 a
1032 2360 1131 2392 Grae-

177 2421 222 2454 cis
246 2421 365 2453 dictum
394 2426 527 2464 propter
551 2431 702 2463 aquarum
726 2419 859 2460 irrigua,
893 2421 944 2452 cui
966 2421 1133 2453 finitimum

176 2483 352 2515 Theudalis
378 2483 516 2515 immune
541 2483 691 2526 oppidum
717 2482 844 2524 longius
865 2495 883 2514 a
910 2483 1020 2523 litore,
1057 2484 1132 2516 dein

179 2545 427 2589 promontorium
457 2544 637 2590 Apollinis,
666 2549 699 2578 et
720 2544 752 2577 in
779 2544 880 2578 altero
902 2545 973 2578 sinu
998 2546 1130 2589 Uticau3

1186 917 1271 950 unde
1295 917 1387 949 simul
1415 917 1585 950 verisimile
1607 918 1641 949 fit
1664 919 1757 950 etiam
1784 924 1858 951 ante
1882 919 1940 950 »ab
1960 919 2133 963 Hippone·

1187 981 1344 1013 excidisse
1366 982 1614 1024 Ilipponensem.
1647 981 1685 1012 ln
1706 981 1869 1013 codicibus
1889 981 1968 1012 nihil
1995 980 2139 1014 subsidii.

1259 1043 1433 1089 Baqrada]
1469 1044 1524 1077 Sic
1556 1045 1669 1088 scripsi
1702 1057 1719 1076 e
1751 1045 1889 1077 lectione
1919 1058 1936 1077 a
1960 1045 2075 1077 Grotio
2107 1045 2140 1077 in

1186 1107 1326 1148 margine
1348 1112 1456 1138 notata
1480 1118 1539 1149 pro
1561 1107 1734 1149 Braqmla,
1770 1107 1856 1149 quod
1880 1107 1913 1138 in
1942 1107 2036 1138 editis
2061 1111 2138 1140 erat,

1185 1171 1341 1214 siquidem
1365 1171 1444 1202 illud
1472 1182 1589 1202 nomen
1615 1171 1699 1214 apud
1731 1170 1873 1213 reliquos
1899 1182 2011 1201 omnes
2034 1175 2137 1201 exstat

1184 1231 1307 1276 (Strab.
1327 1234 1382 1272 17,
1410 1245 1440 1275 p.
1456 1233 1529 1264 852
1549 1232 1689 1264 Casaub.
1722 1232 1838 1274 Polyb.
1862 1233 1899 1271 1,
1926 1233 1982 1264 74.
2001 1231 2137 1263 Ptolem.

1184 1295 1225 1333 4,
1248 1295 1271 1325 6
1296 1298 1328 1324 et
1349 1294 1389 1332 6,
1413 1293 1445 1323 4.
1472 1292 1631 1323 Ammian.
1651 1292 1794 1323 Marcell.
1811 1292 1885 1334 25).

1256 1351 1425 1398 felicitate]
1452 1353 1578 1384 Pariter
1601 1353 1682 1384 infra
1704 1352 1748 1397 (ξ.
1765 1354 1851 1396 999)
1871 1355 1996 1385 beatam
2013 1354 2140 1397 apellat,

1184 1421 1220 1446 ut
1243 1415 1426 1459 Appulejus
1449 1415 1572 1458 (florid.
1589 1415 1630 1454 4,
1655 1415 1720 1454 203
1751 1427 1781 1458 p.
1797 1416 1844 1446 98
1863 1415 2027 1457 Oudend.)
2050 1426 2140 1459 »pro-

1184 1479 1307 1511 vinciae
1325 1479 1507 1521 magistram
1527 1478 1752 1519 venerabilem,
1777 1478 1906 1510 Africae
1922 1480 2049 1510 Musam
2069 1490 2139 1511 coe-

1183 1543 1309 1583 lestem,
1333 1544 1530 1576 Camoenam
1547 1548 1766 1584 togatorum«,
1791 1542 1925 1575 Solinus
1944 1548 2049 1574 autem
2066 1543 2139 1586 (27,

1186 1607 1247 1650 11)
1273 1607 1424 1638 »alterum
1442 1612 1518 1650 post
1540 1607 1651 1638 urbem
1672 1607 1808 1638 Romam
1830 1612 1985 1638 terrarum
2004 1606 2139 1644 decus«,

1183 1680 1288 1713 neque
1314 1668 1482 1700 Ausonius
1512 1669 1565 1712 (de
1597 1667 1691 1700 claris
1717 1668 1786 1699 urb.
1804 1667 1841 1711 2)
1861 1680 1932 1699 cum
1955 1667 2139 1700 Constanti-

1183 1732 1294 1776 nopoli
1313 1743 1383 1763 eam
1406 1743 1589 1775 comparare
1611 1737 1746 1762 recusat.
1773 1731 1858 1762 Mela
1882 1731 1933 1773 (1,
1962 1731 2012 1773 7):
2036 1743 2140 1763 »nunc

1182 1797 1293 1841 populi
1315 1795 1455 1828 Romani
1483 1795 1626 1834 colonia,
1655 1795 1731 1826 olim
1753 1794 1878 1839 imperii
1899 1794 1970 1836 ejus
1994 1793 2139 1838 pertinax

1182 1858 1326 1898 aemula3
1349 1857 1417 1899 jam
1442 1857 1569 1900 quidem
1596 1857 1711 1888 iterum
1737 1856 1903 1900 opulenta,
1935 1856 2031 1888 etiam
2055 1868 2140 1888 nnnc

1182 1926 1287 1952 tamen
1299 1919 1441 1963 priorum
1462 1918 1586 1951 excidio
1603 1929 1709 1949 rerum
1729 1930 1824 1961 quam
1845 1929 1905 1961 ope
1922 1917 2139 1961 praesentium

1182 1982 1324 2016 clariom
1377 1981 1496 2013 Felicis
1524 1991 1702 2021 cognomen
1730 1979 1764 2011 in
1796 1979 1901 2011 numis
1934 1978 2138 2019 etiam-gerit

1184 2043 1339 2088 (Bandur.
1370 2055 1456 2073 num.
1486 2041 1536 2081 11,
1568 2042 1648 2072 158.
1677 2041 1761 2072 629.
1793 2039 1912 2071 Occus.
1939 2045 1972 2071 et
1999 2038 2139 2072 Mediob.

1181 2120 1213 2152 p.
1236 2106 1319 2138 560.
1346 2105 1479 2146 Seguin.
1506 2115 1591 2135 num.
1615 2104 1674 2135 45.
1699 2104 1779 2134 146.
1807 2102 1978 2145 Spanhem.
2003 2113 2088 2132 num.
2111 2102 2137 2139 1,

1181 2183 1212 2215 p.
1232 2169 1304 2202 53ss
1325 2169 1346 2199 f.
1365 2168 1413 2207 Π,
1439 2180 1469 2211 p.
1487 2167 1573 2199 445.
1595 2166 1726 2198 Confer.
1740 2170 1772 2196 et
1787 2165 1904 2207 Cuper.
1923 2163 1963 2195 de
1979 2163 2138 2209 elephant.

1182 2234 1216 2266 in
1238 2231 1400 2273 Salengrii
1428 2232 1510 2263 thes.
1536 2241 1620 2261 novo
1641 2228 1705 2267 ΠΙ,
1732 2240 1762 2270 p.
1781 2227 1876 2270 166).

1257 2291 1409 2337 Messua]
1437 2291 1643 2324 Ptolemaeus
1665 2287 1991 2323 2‹'L'60va.Gno“r.—
2010 2288 2137 2320 Plinius

1183 2357 1313 2394 Mistea,
1344 2366 1438 2398 quam
1461 2353 1561 2397 ipsam
1584 2352 1754 2383 lectionem
1778 2350 1913 2382 Grotius
1944 2362 2072 2395 quoquc
2104 2352 2136 2383 in

1184 2416 1324 2458 margine
1359 2414 1517 2454 enotaxit,
1560 2412 1616 2444 scd
1650 2412 1809 2453 vulgatam
1847 2417 1977 2444 tuentur
2010 2413 2136 2446 codices

1181 2476 1447 2510 Darmstattcnsis
1474 2480 1506 2507 ct
1530 2473 1735 2507 Monacensis
1757 2474 1860 2518 prior,
1890 2485 1996 2519 neque
2020 2485 2134 2521 repug-

1179 2547 1235 2576 nat
1259 2542 1354 2582 alter,
1382 2539 1437 2584 qui
1460 2543 1607 2584 corrupte
1633 2538 1728 2571 hebet
1751 2537 1898 2583 Cat-pime
1922 2550 1994 2574 sua.
