2310 2860
252 166 340 207 6438
811 163 1011 204 Martiani
1048 162 1248 219 Capellae
1276 162 1350 204 lib.
1376 162 1474 205 VII.
1505 166 1534 215 ᾗ.
1558 163 1657 205 759.

255 270 483 326 plicationis
514 269 619 309 ratio
651 279 712 311 est
740 269 900 310 senioni
933 269 985 309 ad
1017 269 1273 320 ternionem,
1312 270 1528 311 octonario
1560 285 1744 311 numero
1779 271 1832 312 ad
1863 254 2209 327 quaternarium3

255 361 397 393 contra
432 350 712 405 replicationis
744 351 921 391 ternioni
954 350 1006 391 ad
1038 350 1276 401 senionem,
1315 352 1588 405 quaternario
1627 367 1810 392 numero
1848 353 1898 393 ad
1931 356 2205 397 octonarium.

254 432 552 474 Membrorum
592 446 694 472 vero
733 431 893 472 ratione
934 431 1062 472 vincit
1102 432 1134 472 is
1165 446 1396 484 numerus,
1444 433 1520 487 qui
1552 432 1685 473 solido
1717 434 1915 474 membro
1950 436 2207 477 membrisve

254 513 477 563 antecedit,
526 512 663 566 qualis
706 521 765 552 est
808 513 1066 553 novenarius
1107 511 1160 552 ad
1202 513 1442 564 senarium3
1498 515 1688 554 ternione
1734 514 1846 554 enim
1893 516 2043 566 vincit,
2098 531 2206 571 quae

253 593 401 634 eadem
435 594 560 634 bisin
596 596 760 636 senario
797 610 980 636 numero
1023 595 1262 647 invenitur3
1307 606 1539 649 contraque
1578 595 1875 636 membrorum
1918 596 2079 637 ratione
2117 598 2209 638 vin-

254 676 360 715 citur
397 676 586 716 senarius
636 691 657 716 a
697 677 944 717 novenario·
1014 679 1068 718 At
1100 677 1288 731 partium
1329 677 1491 717 ratione
1532 676 1680 727 vincit,
1729 679 1804 730 qui
1841 677 1882 717 in
1920 692 1964 717 se
1996 686 2034 717 et
2068 677 2205 732 ipsum

253 756 461 796 minorem
495 770 726 797 numerum
761 757 889 798 habet
916 767 954 798 et
983 759 1173 813 aliquam
1211 766 1373 812 partem
1407 757 1496 809 ejus
1533 766 1748 812 partesve,
1781 767 1826 798 ut
1856 758 1889 798 si
1919 767 2078 813 septem
2111 771 2208 798 cum

253 847 438 890 quatuor
462 838 755 890 conferantur3
796 838 1006 892 siquidem
1036 838 1077 878 in
1108 836 1345 893 septenario
1376 851 1558 877 numero
1591 846 1630 877 et
1658 847 1844 893 quatuor
1870 848 1967 879 sunt
1990 838 2209 880 ethorum

249 926 332 957 tres
372 927 530 972 partcs;
586 927 729 959 contra
770 933 867 973 crgo
906 918 1092 973 partium
1132 918 1294 957 ratione
1341 919 1570 958 vincuntur
1612 928 1798 973 quatuor
1839 934 1862 960 a
1907 928 2082 974 septem.
2155 919 2209 959 At

251 998 363 1039 idem
399 1014 606 1040 numerus
642 1010 681 1041 et
722 1000 1069 1055 multiplicatione
1108 1009 1146 1040 ct
1178 999 1476 1040 membrorum
1510 999 1671 1039 ratione
1703 999 1928 1050 antecedit,
1968 1009 2014 1040 ut
2045 1009 2146 1055 puta
2176 1000 2208 1040 si

252 1089 342 1121 octo
372 1082 609 1136 junguntur
639 1092 679 1123 et
706 1083 805 1135 tria;
844 1098 943 1123 nam
977 1092 1068 1123 octo
1103 1091 1143 1122 et
1174 1083 1236 1122 bis
1267 1092 1385 1123 terna
1417 1081 1596 1132 habent,
1640 1091 1679 1122 et
1710 1092 1928 1137 praeterea
1958 1084 2206 1124 membrum

252 1162 294 1201 in
330 1162 513 1206 duobus.
578 1164 632 1204 Et
669 1164 1018 1218 multiplicatione
1058 1179 1160 1205 vero
1201 1173 1240 1203 et
1279 1164 1463 1218 partium
1505 1164 1665 1203 ratione
1704 1164 1880 1204 vincunt
1919 1164 2133 1218 quinque,
2175 1164 2207 1203 si

253 1242 523 1284 conferantur
554 1259 650 1284 cum
685 1245 876 1297 duob-053
919 1261 1017 1286 nam
1051 1246 1091 1285 in
1124 1245 1317 1299 quinque
1349 1244 1411 1283 bis
1444 1244 1542 1284 bina
1573 1253 1670 1284 sunt
1700 1253 1739 1284 et
1769 1254 1986 1298 praeterea
2017 1244 2206 1284 duorum

254 1337 349 1376 pars
388 1338 486 1364 una.
550 1325 705 1365 Contra
751 1327 791 1365 in
836 1326 900 1365 his
935 1327 1032 1380 ipsis
1068 1328 1258 1365 numeris
1295 1326 1480 1366 minores
1523 1340 1544 1365 a
1586 1326 1821 1376 majoribus
1852 1325 1980 1365 simul
2012 1334 2052 1365 et
2080 1324 2208 1379 repli—

136 1424 148 1437 ,
195 1434 205 1442 1
251 1401 412 1441 catione
451 1403 681 1444 vincuntur
721 1414 759 1444 01
802 1414 874 1445 aut
914 1405 1212 1445 membrorum
1260 1406 1421 1446 ratione
1462 1415 1532 1446 aut
1570 1406 1769 1460 partium.
1846 1405 1927 1446 Sed
1973 1413 2019 1445 ut
2055 1419 2209 1460 genera

253 1482 465 1522 rationum
499 1487 605 1524 inter
636 1499 837 1525 numeros
869 1484 974 1525 haec
1003 1495 1119 1536 sunt,
1166 1487 1223 1526 sie
1253 1487 1411 1542 species
1442 1488 1484 1527 in
1515 1487 1687 1542 singulis
1720 1487 1874 1543 plures,
1934 1487 2048 1527 Nam
2080 1496 2127 1528 ut
2158 1486 2210 1528 ad

253 1562 643 1618 multiplicationem
678 1566 868 1620 primum
902 1567 1308 1622 replicationemque
1343 1569 1585 1619 veniamus,
1617 1569 1724 1609 inter
1755 1569 1832 1609 hos
1859 1577 1930 1608 aut
1954 1567 2073 1623 dupli
2104 1569 2207 1610 ratio

254 1654 313 1685 051
345 1656 416 1686 aut
451 1647 561 1702 tripli
605 1657 676 1687 ant
706 1648 966 1703 quadrupli,
1015 1664 1063 1690 ac
1102 1649 1333 1704 procedere
1376 1663 1550 1703 quoque
1589 1650 1698 1690 ultra
1730 1649 2023 1704 multiplicatio
2055 1657 2207 1703 potest,

254 1739 329 1779 per
358 1725 616 1780 eosdemque
643 1742 789 1768 rursus
820 1727 975 1782 gradus
1001 1728 1111 1769 idem
1141 1742 1347 1768 numerus
1371 1728 1612 1782 replicatur.
1671 1729 1784 1783 Ergo
1816 1729 2022 1768 rationem
2049 1727 2209 1768 habent

254 1805 385 1860 duplo
417 1808 625 1860 majorem
669 1809 754 1850 (luo
787 1810 837 1851 ad
870 1826 1031 1862 unum,
1063 1820 1248 1865 quatuor
1280 1807 1330 1848 ad
1363 1807 1472 1857 duo,
1513 1816 1604 1847 octo
1640 1806 1689 1847 ad
1724 1816 1931 1862 quatu01‘3
1963 1807 2094 1861 duplo
2127 1807 2207 1847 mi-

254 1899 400 1926 norem
441 1901 551 1929 unus
603 1889 655 1929 ad
704 1890 832 1941 duos,
885 1891 970 1931 duo
1011 1891 1063 1931 ad
1094 1900 1300 1945 quatuor,
1347 1898 1532 1942 quatuor
1563 1888 1614 1928 ad
1647 1897 1757 1928 octo.
1816 1889 1921 1929 Item
1954 1888 2079 1943 triplo
2114 1902 2206 1929 ma-

253 1966 389 2018 jorem
422 1977 504 2009 tres
536 1969 588 2010 ad
621 1985 778 2022 unum,
817 1987 974 2012 novem
1008 1972 1061 2013 ad
1091 1982 1195 2023 tres;
1246 1969 1369 2024 triplo
1403 1970 1612 2010 minorem
1650 1983 1761 2009 unus
1795 1969 1847 2009 ad
1877 1979 1981 2020 treS,
2027 1978 2109 2010 tres
2154 1968 2207 2010 ad

256 2063 437 2102 novem3
493 2051 736 2106 quadruplo
770 2054 976 2108 majorem
1010 2064 1197 2109 quatuor
1233 2051 1285 2093 ad
1316 2065 1474 2101 unum,
1518 2050 1701 2090 sedecim
1746 2049 1799 2090 ad
1838 2059 2045 2104 quatuor3
2097 2062 2206 2103 qua-

255 2169 293 2189 ex
323 2157 392 2201 ipso
422 2165 573 2190 contextu
607 2166 711 2203 patetg
746 2162 801 2192 sed
831 2174 871 2193 ne
896 2162 927 2193 in
952 2162 1052 2193 titulis
1079 2162 1207 2206 quidem
1331 2157 1471 2203 senario]
1499 2159 1565 2190 Pro
1592 2160 1715 2190 senarii
1737 2158 1770 2189 in
1794 2157 1886 2189 editis
1911 2156 2040 2200 reposui
2060 2156 2205 2191 codicum

255 2219 399 2252 codicum
425 2221 643 2252 auctoritatem
670 2222 817 2254 deserere
839 2224 935 2255 volui,
1256 2223 1520 2254 Darmstattcnsis
1548 2229 1579 2254 et
1604 2221 1808 2254 Monacensis
1830 2220 1887 2263 (C)
1905 2220 2102 2252 auctoritate.

327 2283 507 2329 posuerim]
548 2285 641 2316 Alios
679 2290 895 2329 proposuerim
930 2287 1036 2329 legere
1070 2288 1204 2320 Grotius
1330 2290 1395 2315 tres
1413 2282 1533 2328 pen-les]
1554 2284 1658 2324 Lego:
1675 2288 1724 2313 »et
1742 2283 1853 2312 horum
1875 2288 1979 2324 partes
1996 2287 2087 2313 tres«
2101 2281 2204 2314 Gno'r.

254 2346 387 2387 margini
411 2345 588 2389 adscripsit.
1255 2366 1302 2371 —
1322 2347 1511 2378 Necessaria
1536 2346 1662 2388 quidem
1683 2346 1761 2376 hacc
1779 2344 1933 2376 correctio
1958 2357 2023 2376 nou
2047 2349 2106 2376 est.

329 2409 388 2454 bis]
418 2411 454 2442 Iu
482 2411 574 2442 editis
605 2416 672 2442 crat
697 2413 744 2441 vis
770 2424 786 2442 ρ
812 2412 905 2443 Simili
932 2413 1093 2444 literarum
1120 2412 1149 2443 B
1171 2418 1202 2444 et
1328 2412 1364 2441 in
1385 2411 1434 2441 his
1456 2407 1544 2453 ipsis]
1573 2408 1848 2451 praepositionem
1872 2408 1968 2449 vulgo
1993 2407 2142 2439 omissam
2164 2419 2204 2439 ex

254 2473 286 2505 Υ
302 2475 563 2517 pronunciatione
581 2474 621 2518 (ἓ.
639 2475 697 2506 25.
717 2476 800 2505 582.
819 2477 914 2518 (31:23).
940 2477 1057 2507 Helius
1074 2477 1201 2508 codices
1253 2473 1415 2506 codicibus
1442 2472 1520 2503 meis
1547 2471 1703 2514 supplevi.

256 2537 465 2568 Benacenses
491 2536 546 2580 (Α.
565 2537 608 2579 C)
631 2542 663 2568 et
685 2537 966 2579 Darmstattensis,
998 2551 1080 2583 quos
1110 2551 1199 2572 sccu-
1327 2542 1466 2583 qualum·
1481 2536 1524 2566 ad
1536 2533 1616 2579 octo]
1632 2534 1688 2566 Sic
1701 2534 1822 2577 priores
1837 2534 2009 2573 edition053
2033 2533 2110 2564 mire
2121 2533 2203 2565 Gro-

257 2607 305 2631 tuS
333 2611 413 2633 sum.
1250 2597 1313 2629 tius
1332 2604 1465 2641 septem,
1496 2596 1571 2627 licet
1595 2602 1662 2627 oceo
1683 2595 1884 2627 scribendum
1907 2606 1977 2626 esse
2000 2593 2201 2625 intellexerit.
