2310 2860
727 119 928 164 Martiani
958 119 1157 177 Capellae
1187 117 1258 160 lib.
1282 117 1360 160 IX.
1392 119 1426 170 ᾗ.
1456 118 1556 160 989.

2037 119 2122 162 765

170 245 258 272 esse
295 230 514 272 dicuntur:
547 242 735 285 quorum
776 242 887 269 unus
925 241 1060 283 paeon
1091 228 1296 270 διπλάσιος
1331 226 1569 280 appellatur
1607 241 1660 265 ex
1690 225 1814 279 longa
1845 226 2048 280 positione
2083 236 2124 269 et

168 309 293 365 longa
333 310 530 361 elatione3
570 322 617 348 ac
657 308 761 348 alter
801 322 936 362 paeon
968 307 1166 362 epibatis,
1219 306 1262 348 id
1294 315 1353 346 est
1383 307 1425 346 in
1456 306 1560 346 thesi
1595 306 1755 362 duplici
1787 307 1991 361 positione
2022 323 2122 363 pro-

168 388 294 432 ducta
334 399 374 430 et
411 389 491 429 arsi
528 388 715 442 longiore
750 387 935 432 ducitur.

169 471 421 526 compositos
446 485 532 511 esse
557 469 860 525 praediximus.

168 565 311 605 neque
342 566 418 606 per
447 549 671 606 periodum
703 550 744 589 iu
775 550 853 590 isto
886 564 1038 603 genere
1069 548 1302 602 rhythmus
1334 546 1513 588 accedet.

168 629 303 670 dictus
344 639 424 681 est,
476 629 518 670 id
558 638 618 671 est
660 629 783 684 quasi
827 628 1014 682 duplicia
1056 628 1251 669 membra
1299 627 1527 679 discernat3

1006 388 1060 428 Hi
1097 398 1195 429 sunt
1237 387 1427 443 paeonici
1470 388 1631 441 generis
1680 387 1871 439 numeri,
1919 401 2025 441 quos
2057 387 2124 429 in—

920 470 1075 523 Neque
1105 484 1208 511 vero
1234 483 1308 524 per
1333 468 1697 520 conjunctionem,
1726 467 1806 507 hoc
1831 476 1890 507 est
1914 470 2122 517 συζυγίαν,

1574 547 1677 587 Inde
1708 549 1913 592 διπλάσιος
1947 547 2124 603 quidem

1587 628 1762 683 epibatis
1808 638 1973 681 autem,
2021 629 2125 684 quia

168 710 375 754 membris
405 710 535 755 veluti
566 719 685 752 utens
716 717 901 765 quatuor
932 718 971 750 et
1001 708 1170 750 duabus
1200 707 1513 750 diversitatibus
1548 707 1786 764 copulatur.

750 891 830 933 DE
858 890 1179 933 PERMIXTIS
1210 890 1553 932 GENERIBUS.

297 998 463 1041 Verum
489 997 596 1039 haec
619 1011 774 1053 genera
799 1011 935 1051 quum
962 996 1174 1052 permixta
1195 996 1352 1038 fuerint
1375 997 1596 1053 speciebus
1618 1011 1925 1048 numerorum,
1956 997 2121 1053 primae
2150 1001 2242 1045 990

166 1079 324 1135 species
372 1087 502 1119 erunt.
537 1078 659 1128 istae,
705 1092 815 1131 quae
862 1076 1132 1118 dochiminae
1179 1077 1469 1121 nominantur.

1537 1077 1602 1118 Ex
1644 1077 1801 1132 quibus
1829 1077 1959 1138 'prius
2008 1078 2127 1133 quod

165 1160 313 1211 fuerit,
358 1158 438 1199 hac
468 1158 559 1212 lege
598 1158 891 1212 componitur,
930 1166 977 1197 ut
1006 1157 1057 1197 sit
1090 1172 1141 1197 ex
1174 1156 1317 1196 iambo
1346 1166 1385 1197 et
1409 1171 1592 1212 paeone,
1632 1159 1707 1212 qui
1738 1159 1898 1209 ὃιατόης
1926 1168 2127 1212 vocatur3

242 1302 378 1339 quorum
400 1288 505 1334 umes]
533 1288 561 1320 E
588 1289 836 1321 Darmstattcnsi
853 1290 914 1320 1100
937 1289 1046 1321 codice
1070 1301 1119 1321 re-

165 1353 246 1398 cepi,
269 1353 343 1396 quia
363 1364 435 1384 enni
452 1350 598 1394 sequenti
612 1352 695 1382 alter
714 1351 827 1382 melius
844 1351 1003 1391 convenit,
1026 1363 1121 1395 qnam

167 1418 250 1450 nlius
274 1416 307 1447 in
334 1415 437 1448 editis.

239 1478 392 1525 epibatis]
421 1478 557 1511 Aristidi
591 1478 638 1522 (p.
659 1478 707 1510 98
730 1475 845 1519 Meib.)
874 1473 895 1510 ὁ
927 1472 1120 1516 ἐπιβατὸς.

174 1545 340 1577 »Movetur
369 1543 485 1585 magis«
524 1542 627 1586 inquit
656 1542 771 1586 »dupla
804 1541 931 1584 quidem
961 1540 1122 1584 positione

167 1607 304 1639 animum
329 1606 539 1645 conturbans,
566 1604 713 1636 clationis
738 1615 812 1635 vero
841 1602 1055 1644 magnitudine
1082 1602 1121 1633 ad

167 1679 289 1700 summa
304 1673 440 1699 mentem
455 1667 626 1698 excitans.«
660 1666 819 1697 Constare
843 1670 948 1695 autem
966 1675 1121 1707 paeonem

166 1731 326 1775 epibatum
348 1730 391 1773 (p.
407 1729 469 1771 58)
495 1728 571 1759 dicit
595 1739 654 1759 »ex
677 1727 772 1769 longa
794 1726 953 1770 positione
974 1732 1005 1757 et
1026 1726 1122 1766 longa

166 1794 303 1826 clatione
325 1799 357 1825 et
375 1793 498 1824 duabus
516 1791 622 1833 longis
644 1790 857 1835 positionibus
883 1802 918 1822 ac
936 1790 1031 1830 longa
1058 1788 1122 1820 ela-

166 1858 252 1889 tione
271 1876 318 1881 —-
339 1857 489 1901 quoniam
520 1861 625 1887 autem
658 1861 796 1898 quatuor
824 1858 930 1884 utatur
961 1853 1121 1896 partibus,

166 1919 233 1951 fici-i
267 1931 338 1950 eum
371 1918 493 1949 duabus
535 1916 727 1947 elationibus
761 1920 793 1946 et
829 1914 952 1945 duabus
986 1913 1120 1944 diversis

165 1982 406 2027 positionibus«
440 1980 596 2023 Ejusdem
609 1978 751 2010 meminit
764 1978 957 2010 Plutarchus
971 1977 1024 2021 (de
1040 1988 1120 2008 mus.

165 2057 196 2089 p.
212 2043 331 2086 1141).

241 2101 379 2148 ‹luabus]
406 2102 495 2134 Editi
515 2101 597 2133 male
622 2103 700 2133 tria:
720 2106 862 2133 nostram
886 2105 990 2132 autem
1009 2099 1119 2132 lectio-

164 2177 238 2199 nem
259 2179 325 2199 non
348 2165 451 2197 solum
475 2164 602 2197 codices
620 2163 824 2195 Monacensis
844 2162 916 2207 (C),
942 2162 1120 2193 Darmstat-

165 2228 281 2269 tensis,
314 2226 604 2266 Reichenauensis‚
635 2231 667 2256 et
692 2224 868 2257 Grotianus
899 2229 1026 2265 tenent5
1062 2224 1119 2255 sed

165 2291 328 2325 Aristides
353 2291 447 2322 etiam
476 2290 526 2333 (p.
544 2289 628 2332 59),
655 2301 672 2320 e
697 2300 761 2332 quo
789 2295 846 2319 sua
868 2294 979 2320 noster
1003 2287 1119 2327 hausit,

165 2356 339 2390 confirmat.
374 2353 568 2396 Quanquam
591 2352 677 2384 hand
702 2352 768 2384 scio
792 2364 832 2383 an
857 2351 951 2383 altius
968 2352 1118 2383 mendum

164 2418 263 2452 lateat
299 2423 332 2449 et
367 2429 426 2460 per
452 2416 735 2447 homoeoteleuton
765 2416 900 2447 fortasse
926 2415 1118 2455 exciderint,

167 2495 248 2527 quae
279 2481 318 2513 ad
350 2481 513 2523 epitritum
543 2479 719 2522 pei-tinent,
752 2490 847 2523 quem
874 2478 995 2512 ratione
1021 2480 1117 2512 trium

167 2544 208 2577 ad
236 2548 375 2591 quatuor
399 2541 457 2574 niti
478 2545 613 2574 constat.

1245 1286 1463 1333 docliimi'nae]
1490 1287 1547 1320 Sic
1572 1288 1649 1321 editi
1680 1294 1711 1321 et
1737 1289 1846 1334 scripti
1869 1302 1980 1323 omnes
2009 1297 2041 1323 et
2075 1303 2128 1323 an·

1171 1351 1294 1395 tiqunm
1320 1351 1469 1382 mendum
1497 1363 1568 1383 esse
1598 1352 1692 1383 etiam
1718 1353 1825 1394 glossa
1852 1354 1995 1397 quamvis
2020 1355 2130 1399 inepta

1171 1412 1205 1444 in
1231 1412 1339 1444 codice
1370 1413 1619 1444 Darmstattcnsi
1646 1413 1757 1453 docet,
1796 1426 1877 1457 quae
1905 1417 2129 1458 approbativas

1172 1476 1326 1519 explicat,
1359 1475 1450 1519 quasi
1477 1488 1494 1506 a
1521 1475 1647 1508 Graeco
1672 1472 1828 1519 δόκιμος
1853 1477 2035 1510 descendat.
2062 1479 2128 1511 Ve-

1172 1549 1238 1568 rani
1278 1542 1310 1568 ct
1344 1536 1503 1568 scribendi
1537 1542 1569 1567 et
1605 1537 1768 1568 derivandi
1800 1538 1955 1569 rationem
1987 1539 2130 1572 ostendit

1171 1598 1334 1630 Aristides
1360 1600 1411 1642 (p.
1429 1601 1476 1631 53
1502 1599 1633 1642 Meib.):
1650 1595 1807 1644 ὃόχμιοι
1829 1599 1868 1635 δὲ
1895 1601 2127 1646 ἐκαλοῦντο,

1172 1658 1234 1694 διὰ
1258 1657 1303 1694 τὸ
1328 1659 1509 1694 ποικίλον
1536 1658 1600 1693 καὶ
1633 1656 1834 1704 ἀνόμοιον,
1877 1660 1942 1697 καὶ
1970 1661 2019 1708 μή
2047 1665 2130 1698 κατ’

1173 1720 1274 1758 εὐθύ
1292 1724 1530 1769 θεωρεῖσθαι
1549 1722 1621 1767 τῆς
1639 1724 1921 1769 ῥυθμοποιίαςε
1945 1726 2002 1757 sed
2019 1738 2128 1770 quam·

1172 1785 1220 1816 vis
1244 1784 1313 1827 ipse
1343 1784 1490 1827 superius
1520 1782 1561 1826 (ἓ.
1580 1784 1666 1825 519)
1700 1785 1877 1816 doc-lunium
1901 1798 1958 1829 pro
1987 1787 2129 1819 dot-himo

1172 1847 1381 1885 restituerim,
1409 1846 1459 1878 liic
1482 1852 1586 1877 tamen
1606 1846 1778 1890 quithuam
1801 1854 1922 1880 mutare
1941 1849 2038 1881 nolui.
2066 1850 2127 1882 Ce-

1172 1916 1274 1941 terum
1298 1910 1337 1941 de
1360 1909 1551 1941 docluniacis
1568 1909 1713 1941 versibus
1733 1911 1903 1954 peculiaris
1921 1911 2003 1943 liber
2022 1918 2127 1945 exstat

1172 1973 1311 2006 Seidleri
1333 1973 1435 2016 (Lips.
1464 1972 1586 2016 1811).

1243 2037 1300 2082 qm*
1329 2029 1488 2078 ὃιατόης
1520 2032 1672 2078 vocatur]
1708 2033 1786 2066 MS.
1822 2035 1894 2078 »qui
1933 2032 2126 2083 ὃιατόηςις

1169 2100 1268 2130 forte:
1304 2092 1507 2139 ιὸιάτομος
1533 2114 1582 2121 —
1611 2098 1696 2128 hunc
1737 2093 1891 2131 λύκειον
1931 2099 2127 2142 posteriores

1171 2161 1289 2194 Graeci
1311 2159 1543 2192 numium-une«
1558 2160 1723 2192 GnoT.—-
1748 2159 1859 2191 Edidit
1875 2161 1958 2192 enim
1977 2161 2034 2193 ita:
2054 2162 2127 2206 »qui

1170 2222 1293 2259 διττοὶ
1308 2229 1483 2256 vocantur:
1496 2224 1582 2256 1111110
1600 2221 1785 2266 ὃιάτομον
1797 2223 1991 2266 posteriores
2008 2224 2125 2258 Graeci

1171 2286 1472 2327 cognominarunt«;
1513 2285 1574 2317 etsi
1604 2285 1670 2327 jam
1708 2284 1932 2317 antecedentes
1969 2285 2125 2318 editiones

1170 2344 1329 2394 ὃιατόης
1354 2349 1558 2392 praeberent,
1591 2347 1676 2391 quod
1699 2347 1842 2390 quamvis
1864 2354 2048 2392 corruptum
2075 2360 2123 2381 re-

1169 2412 1266 2450 tinui,
1294 2424 1334 2443 ne
1360 2411 1436 2455 quid
1465 2417 1581 2443 temere
1607 2416 1746 2442 mutasse
1772 2409 1913 2449 viderer,
1942 2423 2040 2454 quum
2064 2423 2124 2445 nec

1168 2475 1255 2518 quod
1271 2474 1432 2506 Aristides
1449 2475 1542 2507 habet
1558 2471 1718 2520 ὃιαγῦος
1732 2473 1861 2504 omnino
1875 2473 2027 2517 placeret.
2055 2475 2123 2508 Sed

1168 2538 1236 2572 siue
1268 2537 1481 2572 haesitatione
1514 2537 1621 2583 recepi
1654 2549 1693 2569 ex
1725 2536 1986 2570 Reichenauensi
2014 2539 2122 2573 codiee
