<?xml version="1.0" encoding="UTF-8"?>
<!DOCTYPE html PUBLIC "-//W3C//DTD XHTML 1.0 Transitional//EN"
    "http://www.w3.org/TR/xhtml1/DTD/xhtml1-transitional.dtd">
<html xmlns="http://www.w3.org/1999/xhtml" xml:lang="en" lang="en">
 <head>
  <title>
</title>
<meta http-equiv="Content-Type" content="text/html;charset=utf-8" />
  <meta name='ocr-system' content='tesseract 3.04.00' />
  <meta name='ocr-capabilities' content='ocr_page ocr_carea ocr_par ocr_line ocrx_word'/>
</head>
<body>
  <div class='ocr_page' id='page_1' title='image "./denuptiisphilolo00martuoft/denuptiisphilolo00martuoft_0366.png"; bbox 0 0 2310 2860; ppageno 0'>
   <div class='ocr_carea' id='block_1_1' title="bbox 211 124 305 168">
    <p class='ocr_par' dir='ltr' id='par_1_1' title="bbox 211 124 305 168">
     <span class='ocr_line' id='line_1_1' title="bbox 211 124 305 168; baseline -0.011 0"><span class='ocrx_word' id='word_1_1' title='bbox 211 124 305 168; x_wconf 85' lang='grc'>556</span> 
     </span>
    </p>
   </div>
   <div class='ocr_carea' id='block_1_2' title="bbox 786 119 1601 176">
    <p class='ocr_par' dir='ltr' id='par_1_2' title="bbox 786 119 1601 176">
     <span class='ocr_line' id='line_1_2' title="bbox 786 119 1601 176; baseline -0.002 -14"><span class='ocrx_word' id='word_1_2' title='bbox 786 120 985 164; x_wconf 88' lang='lat' dir='ltr'>Martiani</span> <span class='ocrx_word' id='word_1_3' title='bbox 1017 119 1217 176; x_wconf 80' lang='lat' dir='ltr'>Capellae</span> <span class='ocrx_word' id='word_1_4' title='bbox 1247 119 1319 161; x_wconf 90' lang='lat' dir='ltr'>lib.</span> <span class='ocrx_word' id='word_1_5' title='bbox 1342 119 1418 161; x_wconf 81' lang='lat' dir='ltr'>IV.</span> <span class='ocrx_word' id='word_1_6' title='bbox 1449 121 1479 170; x_wconf 58' lang='grc' dir='ltr'><strong>ᾗ.</strong></span> <span class='ocrx_word' id='word_1_7' title='bbox 1498 120 1601 162; x_wconf 84' lang='grc'><strong>559.</strong></span> 
     </span>
    </p>
   </div>
   <div class='ocr_carea' id='block_1_3' title="bbox 219 224 2169 287">
    <p class='ocr_par' dir='ltr' id='par_1_3' title="bbox 219 224 2169 287">
     <span class='ocr_line' id='line_1_3' title="bbox 219 224 2169 287; baseline -0.002 -15"><span class='ocrx_word' id='word_1_8' title='bbox 219 230 323 287; x_wconf 87' lang='lat' dir='ltr'>quid</span> <span class='ocrx_word' id='word_1_9' title='bbox 354 244 456 272; x_wconf 87' lang='lat' dir='ltr'>vero</span> <span class='ocrx_word' id='word_1_10' title='bbox 491 228 740 284; x_wconf 84' lang='lat' dir='ltr'>proprium,</span> <span class='ocrx_word' id='word_1_11' title='bbox 773 227 878 284; x_wconf 88' lang='lat' dir='ltr'>quid</span> <span class='ocrx_word' id='word_1_12' title='bbox 908 226 1116 278; x_wconf 86' lang='lat' dir='ltr'>definitio,</span> <span class='ocrx_word' id='word_1_13' title='bbox 1147 224 1253 282; x_wconf 90' lang='lat' dir='ltr'>quid</span> <span class='ocrx_word' id='word_1_14' title='bbox 1288 234 1447 277; x_wconf 86' lang='lat' dir='ltr'>totum,</span> <span class='ocrx_word' id='word_1_15' title='bbox 1478 225 1584 281; x_wconf 89' lang='lat' dir='ltr'>quid</span> <span class='ocrx_word' id='word_1_16' title='bbox 1614 239 1733 282; x_wconf 90' lang='lat' dir='ltr'>pars,</span> <span class='ocrx_word' id='word_1_17' title='bbox 1765 227 1839 281; x_wconf 89' lang='lat' dir='ltr'>qui</span> <span class='ocrx_word' id='word_1_18' title='bbox 1868 227 1911 268; x_wconf 92' lang='lat' dir='ltr'>in</span> <span class='ocrx_word' id='word_1_19' title='bbox 1941 226 2169 269; x_wconf 88' lang='lat' dir='ltr'>dividendo</span> 
     </span>
    </p>
   </div>
   <div class='ocr_carea' id='block_1_4' title="bbox 217 306 2171 365">
    <p class='ocr_par' dir='ltr' id='par_1_4' title="bbox 217 306 2171 365">
     <span class='ocr_line' id='line_1_4' title="bbox 217 306 2171 365; baseline -0.003 -10"><span class='ocrx_word' id='word_1_20' title='bbox 217 310 394 361; x_wconf 85' lang='lat' dir='ltr'>modus,</span> <span class='ocrx_word' id='word_1_21' title='bbox 445 309 520 364; x_wconf 90' lang='lat' dir='ltr'>qui</span> <span class='ocrx_word' id='word_1_22' title='bbox 558 309 599 349; x_wconf 90' lang='lat' dir='ltr'>in</span> <span class='ocrx_word' id='word_1_23' title='bbox 643 308 883 365; x_wconf 87' lang='lat' dir='ltr'>partiendo,</span> <span class='ocrx_word' id='word_1_24' title='bbox 927 307 1033 364; x_wconf 92' lang='lat' dir='ltr'>quid</span> <span class='ocrx_word' id='word_1_25' title='bbox 1062 308 1113 349; x_wconf 89' lang='lat' dir='ltr'>sit</span> <span class='ocrx_word' id='word_1_26' title='bbox 1151 306 1462 362; x_wconf 88' lang='lat' dir='ltr'>aequivocum,</span> <span class='ocrx_word' id='word_1_27' title='bbox 1509 306 1613 362; x_wconf 89' lang='lat' dir='ltr'>quid</span> <span class='ocrx_word' id='word_1_28' title='bbox 1650 307 1908 360; x_wconf 82' lang='lat' dir='ltr'>univocum,</span> <span class='ocrx_word' id='word_1_29' title='bbox 1953 309 2079 364; x_wconf 88' lang='lat' dir='ltr'>quid,</span> <span class='ocrx_word' id='word_1_30' title='bbox 2124 318 2171 350; x_wconf 82' lang='lat' dir='ltr'>ut</span> 
     </span>
    </p>
   </div>
   <div class='ocr_carea' id='block_1_5' title="bbox 219 388 811 444">
    <p class='ocr_par' dir='ltr' id='par_1_5' title="bbox 219 388 811 444">
     <span class='ocr_line' id='line_1_5' title="bbox 219 388 811 444; baseline -0.007 -11"><span class='ocrx_word' id='word_1_31' title='bbox 219 393 274 433; x_wconf 89' lang='lat' dir='ltr'>ita</span> <span class='ocrx_word' id='word_1_32' title='bbox 312 389 474 440; x_wconf 85' lang='lat' dir='ltr'>dicam,</span> <span class='ocrx_word' id='word_1_33' title='bbox 522 388 811 444; x_wconf 85' lang='lat' dir='ltr'>plurivocum.</span> 
     </span>
    </p>
   </div>
   <div class='ocr_carea' id='block_1_6' title="bbox 100 469 1187 526">
    <p class='ocr_par' dir='ltr' id='par_1_6' title="bbox 100 469 1187 526">
     <span class='ocr_line' id='line_1_6' title="bbox 100 469 1187 526; baseline -0.005 -12"><span class='ocrx_word' id='word_1_34' title='bbox 100 475 192 518; x_wconf 77' lang='grc'>540</span> <span class='ocrx_word' id='word_1_35' title='bbox 222 472 400 526; x_wconf 86' lang='lat' dir='ltr'>Grajam</span> <span class='ocrx_word' id='word_1_36' title='bbox 423 470 645 512; x_wconf 76' lang='lat' dir='ltr'>dissertare</span> <span class='ocrx_word' id='word_1_37' title='bbox 668 470 883 511; x_wconf 75' lang='lat' dir='ltr'>Latialiter</span> <span class='ocrx_word' id='word_1_38' title='bbox 912 469 1187 525; x_wconf 89' lang='lat' dir='ltr'>compulistis.</span> 
     </span>
    </p>
   </div>
   <div class='ocr_carea' id='block_1_7' title="bbox 881 388 2171 446">
    <p class='ocr_par' dir='ltr' id='par_1_7' title="bbox 881 388 2171 446">
     <span class='ocr_line' id='line_1_7' title="bbox 881 388 2171 446; baseline 0.001 -16"><span class='ocrx_word' id='word_1_39' title='bbox 881 388 1054 430; x_wconf 89' lang='lat' dir='ltr'>Debetis</span> <span class='ocrx_word' id='word_1_40' title='bbox 1093 389 1253 445; x_wconf 91' lang='lat' dir='ltr'>quippe</span> <span class='ocrx_word' id='word_1_41' title='bbox 1291 389 1556 431; x_wconf 84' lang='lat' dir='ltr'>insolentiam</span> <span class='ocrx_word' id='word_1_42' title='bbox 1597 388 1789 445; x_wconf 89' lang='lat' dir='ltr'>perferre</span> <span class='ocrx_word' id='word_1_43' title='bbox 1826 392 2052 441; x_wconf 88' lang='lat' dir='ltr'>sermonis,</span> <span class='ocrx_word' id='word_1_44' title='bbox 2096 391 2171 446; x_wconf 87' lang='lat' dir='ltr'>qui</span> 
     </span>
    </p>
   </div>
   <div class='ocr_carea' id='block_1_8' title="bbox 1226 468 2172 527">
    <p class='ocr_par' dir='ltr' id='par_1_8' title="bbox 1226 468 2172 527">
     <span class='ocr_line' id='line_1_8' title="bbox 1226 468 2172 527; baseline 0.002 -18"><span class='ocrx_word' id='word_1_45' title='bbox 1226 468 1351 519; x_wconf 86' lang='lat' dir='ltr'>Quae</span> <span class='ocrx_word' id='word_1_46' title='bbox 1381 484 1479 524; x_wconf 79' lang='lat' dir='ltr'>crgo</span> <span class='ocrx_word' id='word_1_47' title='bbox 1502 468 1630 510; x_wconf 89' lang='lat' dir='ltr'>rebus</span> <span class='ocrx_word' id='word_1_48' title='bbox 1661 468 1795 511; x_wconf 85' lang='lat' dir='ltr'>verba</span> <span class='ocrx_word' id='word_1_49' title='bbox 1825 483 1902 510; x_wconf 86' lang='lat' dir='ltr'>sua</span> <span class='ocrx_word' id='word_1_50' title='bbox 1930 470 2030 522; x_wconf 83' lang='lat' dir='ltr'>sint,</span> <span class='ocrx_word' id='word_1_51' title='bbox 2061 485 2172 527; x_wconf 86' lang='lat' dir='ltr'>quae</span> 
     </span>
    </p>
   </div>
   <div class='ocr_carea' id='block_1_9' title="bbox 218 547 2172 606">
    <p class='ocr_par' dir='ltr' id='par_1_9' title="bbox 218 547 2172 606">
     <span class='ocr_line' id='line_1_9' title="bbox 218 547 2172 606; baseline 0 -13"><span class='ocrx_word' id='word_1_52' title='bbox 218 551 376 602; x_wconf 86' lang='lat' dir='ltr'>aliena,</span> <span class='ocrx_word' id='word_1_53' title='bbox 422 559 461 591; x_wconf 88' lang='lat' dir='ltr'>et</span> <span class='ocrx_word' id='word_1_54' title='bbox 500 558 605 605; x_wconf 90' lang='lat' dir='ltr'>quot</span> <span class='ocrx_word' id='word_1_55' title='bbox 634 549 771 591; x_wconf 87' lang='lat' dir='ltr'>modis</span> <span class='ocrx_word' id='word_1_56' title='bbox 811 549 946 590; x_wconf 88' lang='lat' dir='ltr'>aliena</span> <span class='ocrx_word' id='word_1_57' title='bbox 981 549 1081 600; x_wconf 87' lang='lat' dir='ltr'>sint,</span> <span class='ocrx_word' id='word_1_58' title='bbox 1127 548 1231 604; x_wconf 92' lang='lat' dir='ltr'>quid</span> <span class='ocrx_word' id='word_1_59' title='bbox 1265 549 1316 590; x_wconf 89' lang='lat' dir='ltr'>sit</span> <span class='ocrx_word' id='word_1_60' title='bbox 1358 547 1610 600; x_wconf 83' lang='lat' dir='ltr'>substantia,</span> <span class='ocrx_word' id='word_1_61' title='bbox 1666 548 1771 604; x_wconf 90' lang='lat' dir='ltr'>quid</span> <span class='ocrx_word' id='word_1_62' title='bbox 1810 549 2015 605; x_wconf 80' lang='lat' dir='ltr'>qualitas,</span> <span class='ocrx_word' id='word_1_63' title='bbox 2069 551 2172 606; x_wconf 91' lang='lat' dir='ltr'>quid</span> 
     </span>
    </p>
   </div>
   <div class='ocr_carea' id='block_1_10' title="bbox 218 628 2174 690">
    <p class='ocr_par' dir='ltr' id='par_1_10' title="bbox 218 628 2174 690">
     <span class='ocr_line' id='line_1_10' title="bbox 218 628 2174 690; baseline -0.002 -15"><span class='ocrx_word' id='word_1_64' title='bbox 218 633 453 690; x_wconf 82' lang='lat' dir='ltr'>quantitas,</span> <span class='ocrx_word' id='word_1_65' title='bbox 487 630 591 687; x_wconf 89' lang='lat' dir='ltr'>quid</span> <span class='ocrx_word' id='word_1_66' title='bbox 622 631 872 684; x_wconf 88' lang='lat' dir='ltr'>relativum,</span> <span class='ocrx_word' id='word_1_67' title='bbox 903 630 1009 687; x_wconf 89' lang='lat' dir='ltr'>quid</span> <span class='ocrx_word' id='word_1_68' title='bbox 1040 630 1141 683; x_wconf 87' lang='lat' dir='ltr'>loci,</span> <span class='ocrx_word' id='word_1_69' title='bbox 1172 628 1277 685; x_wconf 87' lang='lat' dir='ltr'>quid</span> <span class='ocrx_word' id='word_1_70' title='bbox 1307 629 1530 685; x_wconf 85' lang='lat' dir='ltr'>temporis,</span> <span class='ocrx_word' id='word_1_71' title='bbox 1563 628 1668 685; x_wconf 87' lang='lat' dir='ltr'>quid</span> <span class='ocrx_word' id='word_1_72' title='bbox 1699 630 1824 681; x_wconf 87' lang='lat' dir='ltr'>situs,</span> <span class='ocrx_word' id='word_1_73' title='bbox 1856 629 1961 686; x_wconf 89' lang='lat' dir='ltr'>quid</span> <span class='ocrx_word' id='word_1_74' title='bbox 1991 629 2174 682; x_wconf 88' lang='lat' dir='ltr'>habitus,</span> 
     </span>
    </p>
   </div>
   <div class='ocr_carea' id='block_1_11' title="bbox 217 709 2174 769">
    <p class='ocr_par' dir='ltr' id='par_1_11' title="bbox 217 709 2174 769">
     <span class='ocr_line' id='line_1_11' title="bbox 217 709 2174 769; baseline -0.001 -16"><span class='ocrx_word' id='word_1_75' title='bbox 217 711 324 769; x_wconf 90' lang='lat' dir='ltr'>quid</span> <span class='ocrx_word' id='word_1_76' title='bbox 362 712 523 763; x_wconf 85' lang='lat' dir='ltr'>facere,</span> <span class='ocrx_word' id='word_1_77' title='bbox 568 710 673 766; x_wconf 89' lang='lat' dir='ltr'>quid</span> <span class='ocrx_word' id='word_1_78' title='bbox 710 712 816 767; x_wconf 88' lang='lat' dir='ltr'>pati,</span> <span class='ocrx_word' id='word_1_79' title='bbox 860 725 973 767; x_wconf 87' lang='lat' dir='ltr'>quae</span> <span class='ocrx_word' id='word_1_80' title='bbox 1012 711 1090 752; x_wconf 84' lang='lat' dir='ltr'>sibi</span> <span class='ocrx_word' id='word_1_81' title='bbox 1130 709 1341 765; x_wconf 84' lang='lat' dir='ltr'>opposita,</span> <span class='ocrx_word' id='word_1_82' title='bbox 1387 718 1427 749; x_wconf 87' lang='lat' dir='ltr'>et</span> <span class='ocrx_word' id='word_1_83' title='bbox 1466 718 1572 764; x_wconf 87' lang='lat' dir='ltr'>quot</span> <span class='ocrx_word' id='word_1_84' title='bbox 1611 709 1748 751; x_wconf 86' lang='lat' dir='ltr'>modis</span> <span class='ocrx_word' id='word_1_85' title='bbox 1782 710 1861 751; x_wconf 87' lang='lat' dir='ltr'>sibi</span> <span class='ocrx_word' id='word_1_86' title='bbox 1891 718 2174 766; x_wconf 85' lang='lat' dir='ltr'>opponantur,</span> 
     </span>
    </p>
   </div>
   <div class='ocr_carea' id='block_1_12' title="bbox 219 874 1179 932">
    <p class='ocr_par' dir='ltr' id='par_1_12' title="bbox 219 874 1179 932">
     <span class='ocr_line' id='line_1_12' title="bbox 219 874 1179 932; baseline -0.003 -14"><span class='ocrx_word' id='word_1_87' title='bbox 219 875 431 927; x_wconf 79' lang='lat' dir='ltr'><strong>diximus,</strong></span> <span class='ocrx_word' id='word_1_88' title='bbox 473 875 718 932; x_wconf 85' lang='lat' dir='ltr'>quaeritur,</span> <span class='ocrx_word' id='word_1_89' title='bbox 762 874 867 932; x_wconf 89' lang='lat' dir='ltr'>quid</span> <span class='ocrx_word' id='word_1_90' title='bbox 910 875 962 916; x_wconf 89' lang='lat' dir='ltr'>sit</span> <span class='ocrx_word' id='word_1_91' title='bbox 998 889 1179 925; x_wconf 90' lang='lat' dir='ltr'>nomen,</span> 
     </span>
    </p>
   </div>
   <div class='ocr_carea' id='block_1_13' title="bbox 105 788 2178 849">
    <p class='ocr_par' dir='ltr' id='par_1_13' title="bbox 105 788 2178 849">
     <span class='ocr_line' id='line_1_13' title="bbox 105 788 2178 849; baseline -0.001 -17"><span class='ocrx_word' id='word_1_92' title='bbox 105 791 193 834; x_wconf 69' lang='lat'>541</span> <span class='ocrx_word' id='word_1_93' title='bbox 225 794 331 835; x_wconf 82' lang='lat' dir='ltr'>haec</span> <span class='ocrx_word' id='word_1_94' title='bbox 362 793 406 834; x_wconf 88' lang='lat' dir='ltr'>iu</span> <span class='ocrx_word' id='word_1_95' title='bbox 436 793 576 849; x_wconf 87' lang='lat' dir='ltr'>prima</span> <span class='ocrx_word' id='word_1_96' title='bbox 606 793 738 834; x_wconf 86' lang='lat' dir='ltr'>nostri</span> <span class='ocrx_word' id='word_1_97' title='bbox 768 802 887 849; x_wconf 88' lang='lat' dir='ltr'>parte</span> <span class='ocrx_word' id='word_1_98' title='bbox 927 801 1165 835; x_wconf 81' lang='lat' dir='ltr'><strong>censentur.</strong></span> <span class='ocrx_word' id='word_1_99' title='bbox 1221 790 1270 832; x_wconf 94' lang='lat' dir='ltr'>In</span> <span class='ocrx_word' id='word_1_100' title='bbox 1299 788 1488 831; x_wconf 86' lang='lat' dir='ltr'>secunda</span> <span class='ocrx_word' id='word_1_101' title='bbox 1519 804 1645 842; x_wconf 88' lang='lat' dir='ltr'>vero,</span> <span class='ocrx_word' id='word_1_102' title='bbox 1689 805 1823 845; x_wconf 87' lang='lat' dir='ltr'>quam</span> <span class='ocrx_word' id='word_1_103' title='bbox 1854 789 1908 831; x_wconf 87' lang='lat' dir='ltr'>de</span> <span class='ocrx_word' id='word_1_104' title='bbox 1937 789 2178 847; x_wconf 85' lang='lat' dir='ltr'>eloquendo</span> 
     </span>
    </p>
   </div>
   <div class='ocr_carea' id='block_1_14' title="bbox 1225 871 2176 928">
    <p class='ocr_par' dir='ltr' id='par_1_14' title="bbox 1225 871 2176 928">
     <span class='ocr_line' id='line_1_14' title="bbox 1225 871 2176 928; baseline 0 -15"><span class='ocrx_word' id='word_1_105' title='bbox 1225 871 1331 928; x_wconf 87' lang='lat' dir='ltr'>quid</span> <span class='ocrx_word' id='word_1_106' title='bbox 1364 871 1578 922; x_wconf 85' lang='lat' dir='ltr'>verbum,</span> <span class='ocrx_word' id='word_1_107' title='bbox 1624 871 1729 928; x_wconf 86' lang='lat' dir='ltr'>quid</span> <span class='ocrx_word' id='word_1_108' title='bbox 1769 887 1822 914; x_wconf 78' lang='lat' dir='ltr'>ex</span> <span class='ocrx_word' id='word_1_109' title='bbox 1859 872 1925 914; x_wconf 88' lang='lat' dir='ltr'>his</span> <span class='ocrx_word' id='word_1_110' title='bbox 1966 873 2176 928; x_wconf 78' lang='lat' dir='ltr'>junctum,</span> 
     </span>
    </p>
   </div>
   <div class='ocr_carea' id='block_1_15' title="bbox 220 953 2178 1014">
    <p class='ocr_par' dir='ltr' id='par_1_15' title="bbox 220 953 2178 1014">
     <span class='ocr_line' id='line_1_15' title="bbox 220 953 2178 1014; baseline -0.002 -15"><span class='ocrx_word' id='word_1_111' title='bbox 220 971 334 1014; x_wconf 88' lang='lat' dir='ltr'>quae</span> <span class='ocrx_word' id='word_1_112' title='bbox 369 971 420 998; x_wconf 77' lang='lat' dir='ltr'>ex</span> <span class='ocrx_word' id='word_1_113' title='bbox 458 956 523 997; x_wconf 87' lang='lat' dir='ltr'>his</span> <span class='ocrx_word' id='word_1_114' title='bbox 560 957 795 1011; x_wconf 81' lang='lat' dir='ltr'>subjectiva</span> <span class='ocrx_word' id='word_1_115' title='bbox 835 972 934 1012; x_wconf 88' lang='lat' dir='ltr'>pars</span> <span class='ocrx_word' id='word_1_116' title='bbox 971 956 1202 999; x_wconf 86' lang='lat' dir='ltr'>sententiae</span> <span class='ocrx_word' id='word_1_117' title='bbox 1240 954 1312 1005; x_wconf 82' lang='lat' dir='ltr'>sit,</span> <span class='ocrx_word' id='word_1_118' title='bbox 1352 968 1464 1010; x_wconf 86' lang='lat' dir='ltr'>quae</span> <span class='ocrx_word' id='word_1_119' title='bbox 1495 953 1775 1008; x_wconf 86' lang='lat' dir='ltr'>declarativa,</span> <span class='ocrx_word' id='word_1_120' title='bbox 1814 955 1890 1011; x_wconf 88' lang='lat' dir='ltr'>qui</span> <span class='ocrx_word' id='word_1_121' title='bbox 1919 955 2178 1010; x_wconf 83' lang='lat' dir='ltr'>subjectivae</span> 
     </span>
    </p>
   </div>
   <div class='ocr_carea' id='block_1_16' title="bbox 220 1036 2178 1095">
    <p class='ocr_par' dir='ltr' id='par_1_16' title="bbox 220 1036 2178 1095">
     <span class='ocr_line' id='line_1_16' title="bbox 220 1036 2178 1095; baseline -0.003 -13"><span class='ocrx_word' id='word_1_122' title='bbox 220 1039 376 1082; x_wconf 87' lang='lat' dir='ltr'>modus</span> <span class='ocrx_word' id='word_1_123' title='bbox 419 1039 491 1090; x_wconf 91' lang='lat' dir='ltr'>sit,</span> <span class='ocrx_word' id='word_1_124' title='bbox 537 1039 613 1094; x_wconf 88' lang='lat' dir='ltr'>qui</span> <span class='ocrx_word' id='word_1_125' title='bbox 643 1038 948 1092; x_wconf 88' lang='lat' dir='ltr'>declarativae,</span> <span class='ocrx_word' id='word_1_126' title='bbox 994 1049 1206 1095; x_wconf 88' lang='lat' dir='ltr'>quatenus</span> <span class='ocrx_word' id='word_1_127' title='bbox 1239 1050 1397 1078; x_wconf 86' lang='lat' dir='ltr'>nomen</span> <span class='ocrx_word' id='word_1_128' title='bbox 1429 1037 1682 1092; x_wconf 81' lang='lat' dir='ltr'>accipiatur,</span> <span class='ocrx_word' id='word_1_129' title='bbox 1731 1046 1942 1092; x_wconf 88' lang='lat' dir='ltr'>quatenus</span> <span class='ocrx_word' id='word_1_130' title='bbox 1972 1036 2178 1087; x_wconf 84' lang='lat' dir='ltr'>verbum,</span> 
     </span>
    </p>
   </div>
   <div class='ocr_carea' id='block_1_17' title="bbox 221 1200 781 1256">
    <p class='ocr_par' dir='ltr' id='par_1_17' title="bbox 221 1200 781 1256">
     <span class='ocr_line' id='line_1_17' title="bbox 221 1200 781 1256; baseline -0.005 -12"><span class='ocrx_word' id='word_1_131' title='bbox 221 1204 343 1245; x_wconf 85' lang='lat' dir='ltr'>tertia</span> <span class='ocrx_word' id='word_1_132' title='bbox 381 1201 432 1242; x_wconf 87' lang='lat' dir='ltr'>de</span> <span class='ocrx_word' id='word_1_133' title='bbox 471 1200 781 1256; x_wconf 80' lang='lat' dir='ltr'>proloquendo.</span> 
     </span>
    </p>
   </div>
   <div class='ocr_carea' id='block_1_18' title="bbox 97 1115 2176 1177">
    <p class='ocr_par' dir='ltr' id='par_1_18' title="bbox 97 1115 2176 1177">
     <span class='ocr_line' id='line_1_18' title="bbox 97 1115 2176 1177; baseline -0.003 -13"><span class='ocrx_word' id='word_1_134' title='bbox 97 1121 191 1164; x_wconf 65' lang='lat'>342</span> <span class='ocrx_word' id='word_1_135' title='bbox 224 1132 435 1177; x_wconf 87' lang='lat' dir='ltr'>quatenus</span> <span class='ocrx_word' id='word_1_136' title='bbox 465 1120 516 1160; x_wconf 88' lang='lat' dir='ltr'>sit</span> <span class='ocrx_word' id='word_1_137' title='bbox 545 1120 733 1175; x_wconf 80' lang='lat' dir='ltr'>perfecta</span> <span class='ocrx_word' id='word_1_138' title='bbox 763 1121 988 1172; x_wconf 86' lang='lat' dir='ltr'>sententia,</span> <span class='ocrx_word' id='word_1_139' title='bbox 1028 1128 1077 1160; x_wconf 91' lang='lat' dir='ltr'>ut</span> <span class='ocrx_word' id='word_1_140' title='bbox 1104 1117 1232 1174; x_wconf 88' lang='lat' dir='ltr'>possit</span> <span class='ocrx_word' id='word_1_141' title='bbox 1261 1130 1349 1157; x_wconf 88' lang='lat' dir='ltr'>esse</span> <span class='ocrx_word' id='word_1_142' title='bbox 1384 1115 1676 1171; x_wconf 84' lang='lat' dir='ltr'>proloquium.</span> <span class='ocrx_word' id='word_1_143' title='bbox 1735 1116 1910 1172; x_wconf 76' lang='lat' dir='ltr'>Excipit</span> <span class='ocrx_word' id='word_1_144' title='bbox 1938 1115 2051 1157; x_wconf 89' lang='lat' dir='ltr'>hanc</span> <span class='ocrx_word' id='word_1_145' title='bbox 2079 1130 2176 1172; x_wconf 88' lang='lat' dir='ltr'>pars</span> 
     </span>
    </p>
   </div>
   <div class='ocr_carea' id='block_1_19' title="bbox 848 1197 2178 1255">
    <p class='ocr_par' dir='ltr' id='par_1_19' title="bbox 848 1197 2178 1255">
     <span class='ocr_line' id='line_1_19' title="bbox 848 1197 2178 1255; baseline -0.002 -13"><span class='ocrx_word' id='word_1_146' title='bbox 848 1199 899 1242; x_wconf 92' lang='lat' dir='ltr'>In</span> <span class='ocrx_word' id='word_1_147' title='bbox 946 1214 995 1241; x_wconf 89' lang='lat' dir='ltr'>ea</span> <span class='ocrx_word' id='word_1_148' title='bbox 1026 1198 1270 1255; x_wconf 89' lang='lat' dir='ltr'>quaeritur,</span> <span class='ocrx_word' id='word_1_149' title='bbox 1320 1206 1533 1253; x_wconf 88' lang='lat' dir='ltr'>quantum</span> <span class='ocrx_word' id='word_1_150' title='bbox 1565 1197 1619 1239; x_wconf 89' lang='lat' dir='ltr'>ad</span> <span class='ocrx_word' id='word_1_151' title='bbox 1649 1198 1918 1254; x_wconf 88' lang='lat' dir='ltr'>propositum</span> <span class='ocrx_word' id='word_1_152' title='bbox 1948 1198 2178 1240; x_wconf 79' lang='lat' dir='ltr'>hodiernae</span> 
     </span>
    </p>
   </div>
   <div class='ocr_carea' id='block_1_20' title="bbox 222 1278 2180 1336">
    <p class='ocr_par' dir='ltr' id='par_1_20' title="bbox 222 1278 2180 1336">
     <span class='ocr_line' id='line_1_20' title="bbox 222 1278 2180 1336; baseline -0.002 -14"><span class='ocrx_word' id='word_1_153' title='bbox 222 1280 403 1323; x_wconf 82' lang='lat' dir='ltr'>sufficiat</span> <span class='ocrx_word' id='word_1_154' title='bbox 432 1280 671 1332; x_wconf 81' lang='lat' dir='ltr'>brevitatis,</span> <span class='ocrx_word' id='word_1_155' title='bbox 717 1295 828 1336; x_wconf 88' lang='lat' dir='ltr'>quae</span> <span class='ocrx_word' id='word_1_156' title='bbox 858 1281 940 1322; x_wconf 88' lang='lat' dir='ltr'>sint</span> <span class='ocrx_word' id='word_1_157' title='bbox 968 1279 1228 1322; x_wconf 86' lang='lat' dir='ltr'>differentiae</span> <span class='ocrx_word' id='word_1_158' title='bbox 1259 1278 1591 1335; x_wconf 83' lang='lat' dir='ltr'>proloquiorum</span> <span class='ocrx_word' id='word_1_159' title='bbox 1624 1279 1667 1319; x_wconf 89' lang='lat' dir='ltr'>in</span> <span class='ocrx_word' id='word_1_160' title='bbox 1701 1280 1957 1333; x_wconf 87' lang='lat' dir='ltr'>quantitate,</span> <span class='ocrx_word' id='word_1_161' title='bbox 1995 1292 2108 1333; x_wconf 88' lang='lat' dir='ltr'>quae</span> <span class='ocrx_word' id='word_1_162' title='bbox 2138 1279 2180 1320; x_wconf 84' lang='lat' dir='ltr'>in</span> 
     </span>
    </p>
   </div>
   <div class='ocr_carea' id='block_1_21' title="bbox 225 1363 1018 1419">
    <p class='ocr_par' dir='ltr' id='par_1_21' title="bbox 225 1363 1018 1419">
     <span class='ocr_line' id='line_1_21' title="bbox 225 1363 1018 1419; baseline -0.001 -15"><span class='ocrx_word' id='word_1_163' title='bbox 225 1363 448 1419; x_wconf 88' lang='lat' dir='ltr'>qualitate,</span> <span class='ocrx_word' id='word_1_164' title='bbox 500 1363 606 1418; x_wconf 89' lang='lat' dir='ltr'>quid</span> <span class='ocrx_word' id='word_1_165' title='bbox 659 1363 902 1405; x_wconf 87' lang='lat' dir='ltr'>universale</span> <span class='ocrx_word' id='word_1_166' title='bbox 946 1363 1018 1414; x_wconf 86' lang='lat' dir='ltr'>sit,</span> 
     </span>
    </p>
   </div>
   <div class='ocr_carea' id='block_1_22' title="bbox 1085 1358 2183 1417">
    <p class='ocr_par' dir='ltr' id='par_1_22' title="bbox 1085 1358 2183 1417">
     <span class='ocr_line' id='line_1_22' title="bbox 1085 1358 2183 1417; baseline -0.002 -15"><span class='ocrx_word' id='word_1_167' title='bbox 1085 1361 1190 1417; x_wconf 89' lang='lat' dir='ltr'>quid</span> <span class='ocrx_word' id='word_1_168' title='bbox 1235 1358 1514 1414; x_wconf 85' lang='lat' dir='ltr'>particulare,</span> <span class='ocrx_word' id='word_1_169' title='bbox 1564 1358 1670 1414; x_wconf 90' lang='lat' dir='ltr'>quid</span> <span class='ocrx_word' id='word_1_170' title='bbox 1722 1358 2014 1411; x_wconf 83' lang='lat' dir='ltr'>indefinitum,</span> <span class='ocrx_word' id='word_1_171' title='bbox 2071 1373 2183 1415; x_wconf 88' lang='lat' dir='ltr'>quae</span> 
     </span>
    </p>
   </div>
   <div class='ocr_carea' id='block_1_23' title="bbox 222 1438 2180 1498">
    <p class='ocr_par' dir='ltr' id='par_1_23' title="bbox 222 1438 2180 1498">
     <span class='ocr_line' id='line_1_23' title="bbox 222 1438 2180 1498; baseline -0.001 -15"><span class='ocrx_word' id='word_1_172' title='bbox 222 1442 304 1484; x_wconf 88' lang='lat' dir='ltr'>sint</span> <span class='ocrx_word' id='word_1_173' title='bbox 341 1443 515 1497; x_wconf 84' lang='lat' dir='ltr'>ajentia‚</span> <span class='ocrx_word' id='word_1_174' title='bbox 560 1456 672 1498; x_wconf 89' lang='lat' dir='ltr'>quae</span> <span class='ocrx_word' id='word_1_175' title='bbox 707 1442 924 1498; x_wconf 81' lang='lat' dir='ltr'>negantia,</span> <span class='ocrx_word' id='word_1_176' title='bbox 969 1455 1104 1498; x_wconf 87' lang='lat' dir='ltr'>quam</span> <span class='ocrx_word' id='word_1_177' title='bbox 1143 1440 1230 1484; x_wconf 85' lang='lat' dir='ltr'>vim</span> <span class='ocrx_word' id='word_1_178' title='bbox 1272 1438 1459 1480; x_wconf 84' lang='lat' dir='ltr'>habeant</span> <span class='ocrx_word' id='word_1_179' title='bbox 1496 1439 1683 1495; x_wconf 80' lang='lat' dir='ltr'>singula,</span> <span class='ocrx_word' id='word_1_180' title='bbox 1732 1449 1772 1482; x_wconf 91' lang='lat' dir='ltr'>et</span> <span class='ocrx_word' id='word_1_181' title='bbox 1811 1439 2180 1497; x_wconf 88' lang='lat' dir='ltr'>quemadmodum</span> 
     </span>
    </p>
   </div>
   <div class='ocr_carea' id='block_1_24' title="bbox 223 1549 1190 2593">
    <p class='ocr_par' dir='ltr' id='par_1_24' title="bbox 223 1549 1181 1656">
     <span class='ocr_line' id='line_1_24' title="bbox 223 1549 1181 1597; baseline 0.002 -16"><span class='ocrx_word' id='word_1_182' title='bbox 223 1550 370 1594; x_wconf 75' lang='lat' dir='ltr'>phyrium</span> <span class='ocrx_word' id='word_1_183' title='bbox 391 1551 424 1582; x_wconf 87' lang='lat' dir='ltr'>in</span> <span class='ocrx_word' id='word_1_184' title='bbox 450 1551 585 1594; x_wconf 79' lang='lat' dir='ltr'>Isagoge</span> <span class='ocrx_word' id='word_1_185' title='bbox 611 1551 651 1584; x_wconf 87' lang='lat' dir='ltr'>de</span> <span class='ocrx_word' id='word_1_186' title='bbox 676 1552 818 1597; x_wconf 84' lang='lat' dir='ltr'>quinque</span> <span class='ocrx_word' id='word_1_187' title='bbox 840 1551 991 1593; x_wconf 64' lang='lat' dir='ltr'>vocilius,</span> <span class='ocrx_word' id='word_1_188' title='bbox 1019 1550 1072 1585; x_wconf 76' lang='lat' dir='ltr'>vel</span> <span class='ocrx_word' id='word_1_189' title='bbox 1095 1549 1181 1597; x_wconf 75' lang='lat' dir='ltr'>apud</span> 
     </span>
     <span class='ocr_line' id='line_1_25' title="bbox 224 1610 871 1656; baseline 0.005 -13"><span class='ocrx_word' id='word_1_190' title='bbox 224 1610 435 1644; x_wconf 84' lang='lat' dir='ltr'>Aristotelem</span> <span class='ocrx_word' id='word_1_191' title='bbox 455 1613 487 1645; x_wconf 88' lang='lat' dir='ltr'>in</span> <span class='ocrx_word' id='word_1_192' title='bbox 510 1613 691 1655; x_wconf 82' lang='lat' dir='ltr'>Categoriis</span> <span class='ocrx_word' id='word_1_193' title='bbox 710 1614 871 1656; x_wconf 81' lang='lat' dir='ltr'>leguntur.</span> 
     </span>
    </p>

    <p class='ocr_par' dir='ltr' id='par_1_25' title="bbox 225 1673 1186 2464">
     <span class='ocr_line' id='line_1_26' title="bbox 303 1673 1180 1719; baseline 0.001 -15"><span class='ocrx_word' id='word_1_194' title='bbox 303 1673 464 1719; x_wconf 81' lang='lat' dir='ltr'>definitio]</span> <span class='ocrx_word' id='word_1_195' title='bbox 498 1673 635 1718; x_wconf 88' lang='lat' dir='ltr'>Semper</span> <span class='ocrx_word' id='word_1_196' title='bbox 672 1675 739 1706; x_wconf 85' lang='lat' dir='ltr'>fere</span> <span class='ocrx_word' id='word_1_197' title='bbox 775 1675 809 1707; x_wconf 88' lang='lat' dir='ltr'>in</span> <span class='ocrx_word' id='word_1_198' title='bbox 847 1674 1002 1708; x_wconf 76' lang='lat' dir='ltr'>Grotiana</span> <span class='ocrx_word' id='word_1_199' title='bbox 1039 1673 1180 1706; x_wconf 78' lang='lat' dir='ltr'>editione</span> 
     </span>
     <span class='ocr_line' id='line_1_27' title="bbox 225 1732 1179 1777; baseline 0.001 -12"><span class='ocrx_word' id='word_1_200' title='bbox 225 1732 270 1777; x_wconf 65' lang='grc' dir='ltr'>(ἓ.</span> <span class='ocrx_word' id='word_1_201' title='bbox 293 1735 376 1766; x_wconf 80' lang='grc'><strong>549.</strong></span> <span class='ocrx_word' id='word_1_202' title='bbox 404 1736 490 1769; x_wconf 86' lang='grc'><strong>550.</strong></span> <span class='ocrx_word' id='word_1_203' title='bbox 521 1736 604 1768; x_wconf 80' lang='lat'>554.</span> <span class='ocrx_word' id='word_1_204' title='bbox 635 1737 720 1769; x_wconf 86' lang='grc'><strong>555.</strong></span> <span class='ocrx_word' id='word_1_205' title='bbox 747 1738 834 1771; x_wconf 79' lang='grc'><strong>556.</strong></span> <span class='ocrx_word' id='word_1_206' title='bbox 867 1738 951 1769; x_wconf 78' lang='grc'><strong>561.</strong></span> <span class='ocrx_word' id='word_1_207' title='bbox 981 1737 1065 1769; x_wconf 82' lang='grc'><strong>565.</strong></span> <span class='ocrx_word' id='word_1_208' title='bbox 1095 1736 1179 1768; x_wconf 84' lang='grc'><strong>578.</strong></span> 
     </span>
     <span class='ocr_line' id='line_1_28' title="bbox 226 1795 1179 1842; baseline 0.002 -14"><span class='ocrx_word' id='word_1_209' title='bbox 226 1795 312 1828; x_wconf 75' lang='grc'><strong>414.</strong></span> <span class='ocrx_word' id='word_1_210' title='bbox 340 1796 424 1828; x_wconf 78' lang='grc'><strong>465.</strong></span> <span class='ocrx_word' id='word_1_211' title='bbox 447 1797 532 1829; x_wconf 83' lang='grc'><strong>475.</strong></span> <span class='ocrx_word' id='word_1_212' title='bbox 559 1798 644 1840; x_wconf 84' lang='lat'>710)</span> <span class='ocrx_word' id='word_1_213' title='bbox 672 1798 820 1830; x_wconf 83' lang='lat' dir='ltr'>scribitur</span> <span class='ocrx_word' id='word_1_214' title='bbox 843 1799 1004 1842; x_wconf 70' lang='lat' dir='ltr'>diffinitio,</span> <span class='ocrx_word' id='word_1_215' title='bbox 1039 1799 1101 1830; x_wconf 85' lang='lat' dir='ltr'>hoc</span> <span class='ocrx_word' id='word_1_216' title='bbox 1126 1809 1179 1829; x_wconf 83' lang='lat' dir='ltr'>au-</span> 
     </span>
     <span class='ocr_line' id='line_1_29' title="bbox 226 1856 1180 1904; baseline 0.004 -16"><span class='ocrx_word' id='word_1_217' title='bbox 226 1863 292 1888; x_wconf 80' lang='lat' dir='ltr'>tem</span> <span class='ocrx_word' id='word_1_218' title='bbox 306 1856 379 1889; x_wconf 91' lang='lat' dir='ltr'>loco</span> <span class='ocrx_word' id='word_1_219' title='bbox 400 1862 433 1889; x_wconf 86' lang='lat' dir='ltr'>et</span> <span class='ocrx_word' id='word_1_220' title='bbox 451 1858 546 1902; x_wconf 80' lang='lat' dir='ltr'>paulo</span> <span class='ocrx_word' id='word_1_221' title='bbox 572 1858 703 1890; x_wconf 84' lang='lat' dir='ltr'>inferius</span> <span class='ocrx_word' id='word_1_222' title='bbox 724 1859 768 1904; x_wconf 62' lang='grc' dir='ltr'><strong>(ξ.</strong></span> <span class='ocrx_word' id='word_1_223' title='bbox 785 1861 872 1904; x_wconf 80' lang='grc'><strong>545)</strong></span> <span class='ocrx_word' id='word_1_224' title='bbox 888 1861 1006 1903; x_wconf 82' lang='lat' dir='ltr'>legitur</span> <span class='ocrx_word' id='word_1_225' title='bbox 1029 1860 1180 1904; x_wconf 82' lang='lat' dir='ltr'>definitio.</span> 
     </span>
     <span class='ocr_line' id='line_1_30' title="bbox 227 1919 1182 1968; baseline 0.005 -17"><span class='ocrx_word' id='word_1_226' title='bbox 227 1919 353 1952; x_wconf 80' lang='lat' dir='ltr'>Eodem</span> <span class='ocrx_word' id='word_1_227' title='bbox 372 1921 476 1953; x_wconf 88' lang='lat' dir='ltr'>redire</span> <span class='ocrx_word' id='word_1_228' title='bbox 494 1928 584 1965; x_wconf 85' lang='lat' dir='ltr'>putat</span> <span class='ocrx_word' id='word_1_229' title='bbox 598 1923 784 1967; x_wconf 79' lang='lat' dir='ltr'>Dausquius</span> <span class='ocrx_word' id='word_1_230' title='bbox 805 1924 849 1968; x_wconf 87' lang='lat' dir='ltr'>(p.</span> <span class='ocrx_word' id='word_1_231' title='bbox 863 1924 962 1968; x_wconf 77' lang='lat'>106)=</span> <span class='ocrx_word' id='word_1_232' title='bbox 983 1924 1182 1968; x_wconf 80' lang='lat' dir='ltr'>»definitio«,</span> 
     </span>
     <span class='ocr_line' id='line_1_31' title="bbox 230 1983 1182 2030; baseline 0.003 -14"><span class='ocrx_word' id='word_1_233' title='bbox 230 1983 349 2027; x_wconf 85' lang='lat' dir='ltr'>inquit,</span> <span class='ocrx_word' id='word_1_234' title='bbox 392 1985 585 2028; x_wconf 73' lang='lat' dir='ltr'>»antiquiusz</span> <span class='ocrx_word' id='word_1_235' title='bbox 612 1998 672 2018; x_wconf 88' lang='lat' dir='ltr'>nee</span> <span class='ocrx_word' id='word_1_236' title='bbox 693 1987 774 2019; x_wconf 81' lang='lat' dir='ltr'>male</span> <span class='ocrx_word' id='word_1_237' title='bbox 808 1986 958 2030; x_wconf 72' lang='lat' dir='ltr'>diffinitio</span> <span class='ocrx_word' id='word_1_238' title='bbox 988 1988 1098 2019; x_wconf 89' lang='lat' dir='ltr'>finium</span> <span class='ocrx_word' id='word_1_239' title='bbox 1127 1993 1182 2019; x_wconf 70' lang='lat' dir='ltr'>aut</span> 
     </span>
     <span class='ocr_line' id='line_1_32' title="bbox 230 2045 1183 2093; baseline 0.005 -17"><span class='ocrx_word' id='word_1_240' title='bbox 230 2057 337 2077; x_wconf 85' lang='lat' dir='ltr'>rerum</span> <span class='ocrx_word' id='word_1_241' title='bbox 351 2045 517 2088; x_wconf 76' lang='lat' dir='ltr'>finitarum</span> <span class='ocrx_word' id='word_1_242' title='bbox 541 2046 759 2092; x_wconf 80' lang='lat' dir='ltr'>disseparatiO.</span> <span class='ocrx_word' id='word_1_243' title='bbox 787 2048 973 2081; x_wconf 88' lang='lat' dir='ltr'>Ineonsulte</span> <span class='ocrx_word' id='word_1_244' title='bbox 998 2049 1183 2093; x_wconf 82' lang='lat' dir='ltr'>repudiatur</span> 
     </span>
     <span class='ocr_line' id='line_1_33' title="bbox 233 2109 1181 2157; baseline 0.006 -17"><span class='ocrx_word' id='word_1_245' title='bbox 233 2121 250 2140; x_wconf 81' lang='lat' dir='ltr'>a</span> <span class='ocrx_word' id='word_1_246' title='bbox 273 2109 446 2141; x_wconf 56' lang='lat' dir='ltr'>Manutiom</span> <span class='ocrx_word' id='word_1_247' title='bbox 493 2109 561 2142; x_wconf 85' lang='lat' dir='ltr'>Sed</span> <span class='ocrx_word' id='word_1_248' title='bbox 592 2111 644 2142; x_wconf 85' lang='lat' dir='ltr'>alii</span> <span class='ocrx_word' id='word_1_249' title='bbox 667 2111 880 2154; x_wconf 86' lang='lat' dir='ltr'>distinguunt,</span> <span class='ocrx_word' id='word_1_250' title='bbox 913 2119 949 2144; x_wconf 88' lang='lat' dir='ltr'>ut</span> <span class='ocrx_word' id='word_1_251' title='bbox 976 2113 1081 2146; x_wconf 65' lang='lat' dir='ltr'>Varro</span> <span class='ocrx_word' id='word_1_252' title='bbox 1109 2114 1181 2157; x_wconf 87' lang='lat' dir='ltr'>(ap.</span> 
     </span>
     <span class='ocr_line' id='line_1_34' title="bbox 233 2171 1182 2220; baseline 0.005 -17"><span class='ocrx_word' id='word_1_253' title='bbox 233 2171 383 2204; x_wconf 66' lang='lat' dir='ltr'>u&#39;idem.</span> <span class='ocrx_word' id='word_1_254' title='bbox 405 2173 444 2204; x_wconf 88' lang='lat' dir='ltr'>de</span> <span class='ocrx_word' id='word_1_255' title='bbox 466 2185 573 2217; x_wconf 84' lang='lat' dir='ltr'>propr.</span> <span class='ocrx_word' id='word_1_256' title='bbox 602 2186 695 2207; x_wconf 84' lang='lat' dir='ltr'>serm.</span> <span class='ocrx_word' id='word_1_257' title='bbox 721 2187 753 2219; x_wconf 89' lang='lat' dir='ltr'>p.</span> <span class='ocrx_word' id='word_1_258' title='bbox 772 2176 850 2219; x_wconf 83' lang='lat'>68):</span> <span class='ocrx_word' id='word_1_259' title='bbox 872 2176 1044 2219; x_wconf 74' lang='lat' dir='ltr'>»Definitio</span> <span class='ocrx_word' id='word_1_260' title='bbox 1063 2188 1080 2208; x_wconf 84' lang='lat' dir='ltr'>a</span> <span class='ocrx_word' id='word_1_261' title='bbox 1106 2177 1182 2220; x_wconf 76' lang='lat' dir='ltr'>diffi-</span> 
     </span>
     <span class='ocr_line' id='line_1_35' title="bbox 233 2234 1184 2282; baseline 0.004 -16"><span class='ocrx_word' id='word_1_262' title='bbox 233 2235 355 2266; x_wconf 73' lang='lat' dir='ltr'>uitione</span> <span class='ocrx_word' id='word_1_263' title='bbox 379 2234 498 2275; x_wconf 83' lang='lat' dir='ltr'>differt,</span> <span class='ocrx_word' id='word_1_264' title='bbox 527 2235 600 2278; x_wconf 85' lang='lat' dir='ltr'>quia</span> <span class='ocrx_word' id='word_1_265' title='bbox 625 2236 755 2278; x_wconf 81' lang='lat' dir='ltr'>definire</span> <span class='ocrx_word' id='word_1_266' title='bbox 780 2243 829 2268; x_wconf 86' lang='lat' dir='ltr'>est</span> <span class='ocrx_word' id='word_1_267' title='bbox 858 2237 949 2282; x_wconf 80' lang='lat' dir='ltr'>quasi</span> <span class='ocrx_word' id='word_1_268' title='bbox 972 2239 1066 2269; x_wconf 80' lang='lat' dir='ltr'>finem</span> <span class='ocrx_word' id='word_1_269' title='bbox 1090 2238 1184 2278; x_wconf 77' lang='lat' dir='ltr'>(lare3</span> 
     </span>
     <span class='ocr_line' id='line_1_36' title="bbox 234 2297 1185 2344; baseline 0.004 -17"><span class='ocrx_word' id='word_1_270' title='bbox 234 2297 370 2339; x_wconf 77' lang='lat' dir='ltr'>diffinire</span> <span class='ocrx_word' id='word_1_271' title='bbox 392 2308 468 2342; x_wconf 57' lang='lat' dir='ltr'>vero</span> <span class='ocrx_word' id='word_1_272' title='bbox 500 2298 561 2328; x_wconf 80' lang='lat' dir='ltr'>hoc</span> <span class='ocrx_word' id='word_1_273' title='bbox 586 2302 636 2328; x_wconf 82' lang='lat' dir='ltr'>est</span> <span class='ocrx_word' id='word_1_274' title='bbox 656 2298 695 2329; x_wconf 84' lang='lat' dir='ltr'>ab</span> <span class='ocrx_word' id='word_1_275' title='bbox 720 2298 775 2329; x_wconf 91' lang='lat' dir='ltr'>illo</span> <span class='ocrx_word' id='word_1_276' title='bbox 796 2299 936 2331; x_wconf 85' lang='lat' dir='ltr'>finieudo</span> <span class='ocrx_word' id='word_1_277' title='bbox 960 2311 996 2332; x_wconf 85' lang='lat' dir='ltr'>ac</span> <span class='ocrx_word' id='word_1_278' title='bbox 1016 2299 1185 2344; x_wconf 84' lang='lat' dir='ltr'>partiendo</span> 
     </span>
     <span class='ocr_line' id='line_1_37' title="bbox 234 2357 1186 2402; baseline 0.002 -11"><span class='ocrx_word' id='word_1_279' title='bbox 234 2358 457 2399; x_wconf 63' lang='lat' dir='ltr'>distinguerem</span> <span class='ocrx_word' id='word_1_280' title='bbox 498 2357 594 2390; x_wconf 82' lang='lat' dir='ltr'>Adde</span> <span class='ocrx_word' id='word_1_281' title='bbox 619 2371 700 2402; x_wconf 84' lang='lat' dir='ltr'>quae</span> <span class='ocrx_word' id='word_1_282' title='bbox 728 2360 768 2391; x_wconf 83' lang='lat' dir='ltr'>ad</span> <span class='ocrx_word' id='word_1_283' title='bbox 793 2359 956 2402; x_wconf 65' lang='lat' dir='ltr'>Vellejum</span> <span class='ocrx_word' id='word_1_284' title='bbox 978 2360 1186 2394; x_wconf 76' lang='lat' dir='ltr'>Paterculum</span> 
     </span>
     <span class='ocr_line' id='line_1_38' title="bbox 235 2419 1138 2464; baseline 0.007 -13"><span class='ocrx_word' id='word_1_285' title='bbox 235 2420 289 2463; x_wconf 82' lang='lat'>(1,</span> <span class='ocrx_word' id='word_1_286' title='bbox 319 2420 381 2460; x_wconf 83' lang='lat'>10,</span> <span class='ocrx_word' id='word_1_287' title='bbox 409 2419 442 2450; x_wconf 81' lang='lat'>2.</span> <span class='ocrx_word' id='word_1_288' title='bbox 465 2432 499 2464; x_wconf 86' lang='lat' dir='ltr'>p.</span> <span class='ocrx_word' id='word_1_289' title='bbox 518 2420 564 2452; x_wconf 80' lang='grc'>74</span> <span class='ocrx_word' id='word_1_290' title='bbox 593 2419 707 2464; x_wconf 88' lang='lat' dir='ltr'>Gron.)</span> <span class='ocrx_word' id='word_1_291' title='bbox 734 2421 942 2453; x_wconf 80' lang='lat' dir='ltr'>observarunt</span> <span class='ocrx_word' id='word_1_292' title='bbox 965 2423 1023 2454; x_wconf 82' lang='lat' dir='ltr'>viri</span> <span class='ocrx_word' id='word_1_293' title='bbox 1041 2422 1138 2457; x_wconf 85' lang='lat' dir='ltr'>docti.</span> 
     </span>
    </p>

    <p class='ocr_par' dir='ltr' id='par_1_26' title="bbox 237 2481 1190 2593">
     <span class='ocr_line' id='line_1_39' title="bbox 309 2481 1190 2531; baseline 0.005 -17"><span class='ocrx_word' id='word_1_294' title='bbox 309 2484 386 2531; x_wconf 80' lang='lat' dir='ltr'>quid</span> <span class='ocrx_word' id='word_1_295' title='bbox 407 2481 490 2529; x_wconf 82' lang='lat' dir='ltr'>pati]</span> <span class='ocrx_word' id='word_1_296' title='bbox 516 2483 555 2516; x_wconf 86' lang='lat' dir='ltr'>In</span> <span class='ocrx_word' id='word_1_297' title='bbox 575 2483 668 2516; x_wconf 79' lang='lat' dir='ltr'>editis</span> <span class='ocrx_word' id='word_1_298' title='bbox 692 2484 872 2527; x_wconf 80' lang='lat' dir='ltr'>legebatur:</span> <span class='ocrx_word' id='word_1_299' title='bbox 891 2486 985 2529; x_wconf 80' lang='lat' dir='ltr'>»quid</span> <span class='ocrx_word' id='word_1_300' title='bbox 1010 2486 1087 2530; x_wconf 84' lang='lat' dir='ltr'>pati,</span> <span class='ocrx_word' id='word_1_301' title='bbox 1112 2483 1190 2531; x_wconf 82' lang='lat' dir='ltr'>quid</span> 
     </span>
     <span class='ocr_line' id='line_1_40' title="bbox 237 2546 1188 2593; baseline 0.006 -15"><span class='ocrx_word' id='word_1_302' title='bbox 237 2546 404 2593; x_wconf 82' lang='lat' dir='ltr'>proloquia</span> <span class='ocrx_word' id='word_1_303' title='bbox 429 2552 462 2580; x_wconf 84' lang='lat' dir='ltr'>et</span> <span class='ocrx_word' id='word_1_304' title='bbox 484 2552 562 2593; x_wconf 83' lang='lat' dir='ltr'>quot</span> <span class='ocrx_word' id='word_1_305' title='bbox 587 2547 717 2581; x_wconf 58' lang='lat' dir='ltr'>modis-</span> <span class='ocrx_word' id='word_1_306' title='bbox 752 2548 880 2593; x_wconf 72' lang='lat' dir='ltr'>Quibus</span> <span class='ocrx_word' id='word_1_307' title='bbox 901 2560 919 2583; x_wconf 89' lang='lat' dir='ltr'>e</span> <span class='ocrx_word' id='word_1_308' title='bbox 941 2549 1103 2583; x_wconf 75' lang='lat' dir='ltr'>codicibus</span> <span class='ocrx_word' id='word_1_309' title='bbox 1120 2550 1188 2586; x_wconf 79' lang='grc' dir='ltr'>Μο-</span> 
     </span>
    </p>
   </div>
   <div class='ocr_carea' id='block_1_25' title="bbox 1231 1547 2183 1708">
    <p class='ocr_par' dir='ltr' id='par_1_27' title="bbox 1231 1547 2183 1708">
     <span class='ocr_line' id='line_1_41' title="bbox 1233 1547 2183 1592; baseline 0.001 -12"><span class='ocrx_word' id='word_1_310' title='bbox 1233 1548 1365 1580; x_wconf 85' lang='lat' dir='ltr'>nacensi</span> <span class='ocrx_word' id='word_1_311' title='bbox 1383 1547 1456 1592; x_wconf 91' lang='lat' dir='ltr'>(C),</span> <span class='ocrx_word' id='word_1_312' title='bbox 1482 1548 1747 1590; x_wconf 81' lang='lat' dir='ltr'>Darmstattensi,</span> <span class='ocrx_word' id='word_1_313' title='bbox 1775 1554 1808 1580; x_wconf 90' lang='lat' dir='ltr'>et</span> <span class='ocrx_word' id='word_1_314' title='bbox 1835 1548 1992 1581; x_wconf 79' lang='lat' dir='ltr'>Grotiauo</span> <span class='ocrx_word' id='word_1_315' title='bbox 2018 1548 2183 1582; x_wconf 81' lang='lat' dir='ltr'>meliorem</span> 
     </span>
     <span class='ocr_line' id='line_1_42' title="bbox 1232 1611 2182 1658; baseline 0.004 -16"><span class='ocrx_word' id='word_1_316' title='bbox 1232 1611 1384 1644; x_wconf 83' lang='lat' dir='ltr'>substitui</span> <span class='ocrx_word' id='word_1_317' title='bbox 1415 1611 1604 1653; x_wconf 84' lang='lat' dir='ltr'>lectionem,</span> <span class='ocrx_word' id='word_1_318' title='bbox 1651 1623 1732 1658; x_wconf 81' lang='lat' dir='ltr'>quae</span> <span class='ocrx_word' id='word_1_319' title='bbox 1760 1611 1841 1644; x_wconf 78' lang='lat' dir='ltr'>infra</span> <span class='ocrx_word' id='word_1_320' title='bbox 1879 1611 1926 1658; x_wconf 65' lang='grc' dir='ltr'><strong>(ἓ.</strong></span> <span class='ocrx_word' id='word_1_321' title='bbox 1947 1612 2043 1658; x_wconf 83' lang='grc'><strong>585)</strong></span> <span class='ocrx_word' id='word_1_322' title='bbox 2070 1613 2182 1646; x_wconf 80' lang='lat' dir='ltr'>conflr-</span> 
     </span>
     <span class='ocr_line' id='line_1_43' title="bbox 1231 1680 1347 1708; baseline 0.009 -1"><span class='ocrx_word' id='word_1_323' title='bbox 1231 1680 1347 1708; x_wconf 81' lang='lat' dir='ltr'>matur.</span> 
     </span>
    </p>
   </div>
   <div class='ocr_carea' id='block_1_26' title="bbox 1232 1749 2185 1862">
    <p class='ocr_par' dir='ltr' id='par_1_28' title="bbox 1232 1749 2185 1862">
     <span class='ocr_line' id='line_1_44' title="bbox 1301 1749 2183 1800; baseline 0.001 -17"><span class='ocrx_word' id='word_1_324' title='bbox 1301 1749 1498 1800; x_wconf 80' lang='lat' dir='ltr'>eloquendo]</span> <span class='ocrx_word' id='word_1_325' title='bbox 1535 1750 1626 1784; x_wconf 82' lang='lat' dir='ltr'>Haec</span> <span class='ocrx_word' id='word_1_326' title='bbox 1662 1752 1747 1797; x_wconf 82' lang='lat' dir='ltr'>apud</span> <span class='ocrx_word' id='word_1_327' title='bbox 1786 1750 1997 1785; x_wconf 75' lang='lat' dir='ltr'>Aristotelem</span> <span class='ocrx_word' id='word_1_328' title='bbox 2033 1752 2068 1785; x_wconf 90' lang='lat' dir='ltr'>in</span> <span class='ocrx_word' id='word_1_329' title='bbox 2101 1751 2183 1785; x_wconf 85' lang='lat' dir='ltr'>libro</span> 
     </span>
     <span class='ocr_line' id='line_1_45' title="bbox 1232 1810 2185 1862; baseline -0.005 -11"><span class='ocrx_word' id='word_1_330' title='bbox 1232 1812 1322 1862; x_wconf 79' lang='grc' dir='ltr'>περὶ</span> <span class='ocrx_word' id='word_1_331' title='bbox 1346 1810 1550 1861; x_wconf 73' lang='grc' dir='ltr'><em>ἑρμήνειας</em></span> <span class='ocrx_word' id='word_1_332' title='bbox 1568 1814 1752 1855; x_wconf 79' lang='lat' dir='ltr'>traduntur,</span> <span class='ocrx_word' id='word_1_333' title='bbox 1783 1827 1878 1860; x_wconf 86' lang='lat' dir='ltr'>quem</span> <span class='ocrx_word' id='word_1_334' title='bbox 1898 1815 1995 1858; x_wconf 79' lang='lat' dir='ltr'>vulgo</span> <span class='ocrx_word' id='word_1_335' title='bbox 2018 1826 2185 1861; x_wconf 73' lang='lat' dir='ltr'>perperam</span> 
     </span>
    </p>
   </div>
   <div class='ocr_carea' id='block_1_27' title="bbox 1232 1877 1772 1922">
    <p class='ocr_par' dir='ltr' id='par_1_29' title="bbox 1232 1877 1772 1922">
     <span class='ocr_line' id='line_1_46' title="bbox 1232 1877 1772 1922; baseline -0.004 -11"><span class='ocrx_word' id='word_1_336' title='bbox 1232 1883 1420 1922; x_wconf 80' lang='lat' dir='ltr'>nuncupant</span> <span class='ocrx_word' id='word_1_337' title='bbox 1437 1877 1475 1909; x_wconf 77' lang='lat' dir='ltr'>ele</span> <span class='ocrx_word' id='word_1_338' title='bbox 1498 1878 1772 1920; x_wconf 80' lang='lat' dir='ltr'>interpretatione.</span> 
     </span>
    </p>
   </div>
   <div class='ocr_carea' id='block_1_28' title="bbox 1231 1961 2190 2433">
    <p class='ocr_par' dir='ltr' id='par_1_30' title="bbox 1231 1961 2190 2433">
     <span class='ocr_line' id='line_1_47' title="bbox 1305 1961 2185 2012; baseline -0.003 -16"><span class='ocrx_word' id='word_1_339' title='bbox 1305 1961 1558 2012; x_wconf 75' lang='lat' dir='ltr'>proloquiorum]</span> <span class='ocrx_word' id='word_1_340' title='bbox 1584 1963 1761 2011; x_wconf 80' lang='lat' dir='ltr'>Proloquia</span> <span class='ocrx_word' id='word_1_341' title='bbox 1779 1968 1854 1995; x_wconf 86' lang='lat' dir='ltr'>sunt</span> <span class='ocrx_word' id='word_1_342' title='bbox 1875 1963 1931 2007; x_wconf 86' lang='lat' dir='ltr'>qui</span> <span class='ocrx_word' id='word_1_343' title='bbox 1950 1961 2120 1995; x_wconf 84' lang='lat' dir='ltr'>Aristoteli</span> <span class='ocrx_word' id='word_1_344' title='bbox 2133 1962 2185 2005; x_wconf 87' lang='lat' dir='ltr'>(de</span> 
     </span>
     <span class='ocr_line' id='line_1_48' title="bbox 1232 2022 2184 2073; baseline -0.007 -13"><span class='ocrx_word' id='word_1_345' title='bbox 1232 2027 1363 2071; x_wconf 82' lang='lat' dir='ltr'>interpr.</span> <span class='ocrx_word' id='word_1_346' title='bbox 1389 2027 1425 2070; x_wconf 94' lang='lat'>5)</span> <span class='ocrx_word' id='word_1_347' title='bbox 1447 2022 1713 2073; x_wconf 71' lang='grc' dir='ltr'><em>ἀποφαντικοὶ</em></span> <span class='ocrx_word' id='word_1_348' title='bbox 1738 2022 1864 2071; x_wconf 60' lang='grc' dir='ltr'><em>λόγοι,</em></span> <span class='ocrx_word' id='word_1_349' title='bbox 1890 2024 2062 2057; x_wconf 86' lang='lat' dir='ltr'>serioribus</span> <span class='ocrx_word' id='word_1_350' title='bbox 2088 2022 2184 2055; x_wconf 81' lang='lat' dir='ltr'>diale-</span> 
     </span>
     <span class='ocr_line' id='line_1_49' title="bbox 1234 2086 2185 2134; baseline -0.006 -10"><span class='ocrx_word' id='word_1_351' title='bbox 1234 2091 1322 2125; x_wconf 83' lang='lat' dir='ltr'>cticis</span> <span class='ocrx_word' id='word_1_352' title='bbox 1345 2086 1566 2133; x_wconf 66' lang='grc' dir='ltr'><em>ἀξιώματα,</em></span> <span class='ocrx_word' id='word_1_353' title='bbox 1597 2102 1678 2134; x_wconf 86' lang='lat' dir='ltr'>quae</span> <span class='ocrx_word' id='word_1_354' title='bbox 1698 2091 1743 2122; x_wconf 78' lang='lat' dir='ltr'>M.</span> <span class='ocrx_word' id='word_1_355' title='bbox 1761 2090 1941 2122; x_wconf 75' lang='lat' dir='ltr'>Varronem</span> <span class='ocrx_word' id='word_1_356' title='bbox 1959 2089 2036 2120; x_wconf 79' lang='lat' dir='ltr'>alias</span> <span class='ocrx_word' id='word_1_357' title='bbox 2058 2087 2185 2132; x_wconf 70' lang='lat' dir='ltr'>prosam</span> 
     </span>
     <span class='ocr_line' id='line_1_50' title="bbox 1234 2149 2185 2198; baseline -0.002 -14"><span class='ocrx_word' id='word_1_358' title='bbox 1234 2153 1311 2184; x_wconf 79' lang='lat' dir='ltr'>alias</span> <span class='ocrx_word' id='word_1_359' title='bbox 1332 2153 1500 2198; x_wconf 80' lang='lat' dir='ltr'>proloquia</span> <span class='ocrx_word' id='word_1_360' title='bbox 1524 2152 1703 2196; x_wconf 76' lang='lat' dir='ltr'>appellasse</span> <span class='ocrx_word' id='word_1_361' title='bbox 1725 2156 1859 2182; x_wconf 84' lang='lat' dir='ltr'>testatur</span> <span class='ocrx_word' id='word_1_362' title='bbox 1883 2149 2010 2182; x_wconf 83' lang='lat' dir='ltr'>Gellius</span> <span class='ocrx_word' id='word_1_363' title='bbox 2030 2150 2109 2193; x_wconf 81' lang='lat'>(16,</span> <span class='ocrx_word' id='word_1_364' title='bbox 2137 2150 2185 2193; x_wconf 83' lang='lat'>3).</span> 
     </span>
     <span class='ocr_line' id='line_1_51' title="bbox 1231 2207 2188 2257; baseline -0.004 -12"><span class='ocrx_word' id='word_1_365' title='bbox 1231 2211 1393 2257; x_wconf 72' lang='grc' dir='ltr'><em>Ἀξίωμα</em></span> <span class='ocrx_word' id='word_1_366' title='bbox 1420 2213 1503 2245; x_wconf 87' lang='lat' dir='ltr'>enim</span> <span class='ocrx_word' id='word_1_367' title='bbox 1523 2213 1636 2245; x_wconf 86' lang='lat' dir='ltr'>eodem</span> <span class='ocrx_word' id='word_1_368' title='bbox 1655 2217 1738 2243; x_wconf 82' lang='lat' dir='ltr'>teste</span> <span class='ocrx_word' id='word_1_369' title='bbox 1760 2217 1809 2243; x_wconf 87' lang='lat' dir='ltr'>est</span> <span class='ocrx_word' id='word_1_370' title='bbox 1829 2207 1963 2246; x_wconf 70' lang='grc' dir='ltr'><strong><em>λεκτὸν</em></strong></span> <span class='ocrx_word' id='word_1_371' title='bbox 1981 2207 2188 2252; x_wconf 72' lang='grc' dir='ltr'><em>αὐτοτελὲς</em></span> 
     </span>
     <span class='ocr_line' id='line_1_52' title="bbox 1235 2271 2190 2320; baseline -0.004 -11"><span class='ocrx_word' id='word_1_372' title='bbox 1235 2271 1470 2320; x_wconf 71' lang='grc' dir='ltr'><em>ἀποφαντὸν</em></span> <span class='ocrx_word' id='word_1_373' title='bbox 1499 2271 1592 2309; x_wconf 80' lang='grc' dir='ltr'><em>ὅσον</em></span> <span class='ocrx_word' id='word_1_374' title='bbox 1618 2272 1678 2320; x_wconf 79' lang='grc' dir='ltr'>ἐφ’</span> <span class='ocrx_word' id='word_1_375' title='bbox 1704 2271 1851 2319; x_wconf 76' lang='grc' dir='ltr'><em>ἑαυτῷ,</em></span> <span class='ocrx_word' id='word_1_376' title='bbox 1884 2273 1971 2317; x_wconf 86' lang='lat' dir='ltr'>quod</span> <span class='ocrx_word' id='word_1_377' title='bbox 1998 2272 2114 2305; x_wconf 82' lang='lat' dir='ltr'>Latine</span> <span class='ocrx_word' id='word_1_378' title='bbox 2144 2273 2190 2305; x_wconf 82' lang='lat' dir='ltr'>sic</span> 
     </span>
     <span class='ocr_line' id='line_1_53' title="bbox 1235 2336 2188 2382; baseline -0.003 -11"><span class='ocrx_word' id='word_1_379' title='bbox 1235 2338 1374 2371; x_wconf 83' lang='lat' dir='ltr'>reddidit</span> <span class='ocrx_word' id='word_1_380' title='bbox 1400 2338 1521 2370; x_wconf 74' lang='lat' dir='ltr'>Varro:</span> <span class='ocrx_word' id='word_1_381' title='bbox 1543 2336 1772 2381; x_wconf 72' lang='lat' dir='ltr'>»Proloquium</span> <span class='ocrx_word' id='word_1_382' title='bbox 1795 2342 1845 2370; x_wconf 88' lang='lat' dir='ltr'>est</span> <span class='ocrx_word' id='word_1_383' title='bbox 1867 2337 2041 2379; x_wconf 81' lang='lat' dir='ltr'>sententia,</span> <span class='ocrx_word' id='word_1_384' title='bbox 2069 2337 2103 2370; x_wconf 84' lang='lat' dir='ltr'>in</span> <span class='ocrx_word' id='word_1_385' title='bbox 2126 2349 2188 2382; x_wconf 82' lang='lat' dir='ltr'>qua</span> 
     </span>
     <span class='ocr_line' id='line_1_54' title="bbox 1237 2399 1563 2433; baseline -0.012 -1"><span class='ocrx_word' id='word_1_386' title='bbox 1237 2399 1316 2433; x_wconf 86' lang='lat' dir='ltr'>nihil</span> <span class='ocrx_word' id='word_1_387' title='bbox 1339 2399 1563 2431; x_wconf 66' lang='lat' dir='ltr'>desideratum</span> 
     </span>
    </p>
   </div>
   <div class='ocr_carea' id='block_1_29' title="bbox 1239 2482 2185 2595">
    <p class='ocr_par' dir='ltr' id='par_1_31' title="bbox 1239 2482 2185 2595">
     <span class='ocr_line' id='line_1_55' title="bbox 1311 2482 2185 2533; baseline -0.001 -15"><span class='ocrx_word' id='word_1_388' title='bbox 1311 2491 1342 2518; x_wconf 83' lang='lat' dir='ltr'>et</span> <span class='ocrx_word' id='word_1_389' title='bbox 1365 2482 1640 2533; x_wconf 77' lang='lat' dir='ltr'>quemadmodum]</span> <span class='ocrx_word' id='word_1_390' title='bbox 1669 2482 1831 2518; x_wconf 78' lang='lat' dir='ltr'>omissam</span> <span class='ocrx_word' id='word_1_391' title='bbox 1854 2484 2041 2532; x_wconf 78' lang='lat' dir='ltr'>particulam</span> <span class='ocrx_word' id='word_1_392' title='bbox 2065 2490 2097 2519; x_wconf 62' lang='lat' dir='ltr'>el</span> <span class='ocrx_word' id='word_1_393' title='bbox 2115 2496 2185 2530; x_wconf 85' lang='lat' dir='ltr'>sup—</span> 
     </span>
     <span class='ocr_line' id='line_1_56' title="bbox 1239 2546 1797 2595; baseline -0.004 -15"><span class='ocrx_word' id='word_1_394' title='bbox 1239 2547 1324 2595; x_wconf 66' lang='lat' dir='ltr'>plevi</span> <span class='ocrx_word' id='word_1_395' title='bbox 1346 2560 1362 2581; x_wconf 84' lang='lat' dir='ltr'>e</span> <span class='ocrx_word' id='word_1_396' title='bbox 1389 2547 1498 2581; x_wconf 81' lang='lat' dir='ltr'>codice</span> <span class='ocrx_word' id='word_1_397' title='bbox 1524 2546 1710 2581; x_wconf 66' lang='lat' dir='ltr'>monacensi</span> <span class='ocrx_word' id='word_1_398' title='bbox 1736 2547 1797 2592; x_wconf 82' lang='lat' dir='ltr'>(F).</span> 
     </span>
    </p>
   </div>
  </div>
 </body>
</html>
