2310 2860
704 121 903 164 Martiani
941 121 1140 180 Capellae
1180 123 1251 165 lib.
1277 123 1331 166 V.
1370 125 1400 177 §.
1426 124 1529 167 480.
2024 132 2113 173 425

899 303 979 346 DE
1023 301 1373 348 ACCIDENTE.

315 409 520 453 Accidens
551 420 632 464 est,
667 410 785 468 quod
814 412 856 453 in
889 411 1032 467 aliquo
1065 413 1248 468 positum
1279 428 1358 455 nee
1387 428 1485 471 pars
1514 415 1604 470 ejus
1639 425 1698 457 est
1728 431 1805 458 nec
1836 419 2023 475 separari
2055 418 2107 460 ab
2138 408 2228 451 43⁰

150 492 295 534 eodem
339 502 496 548 potest,
543 502 590 534 ut
634 508 710 549 per
757 508 800 535 se
837 494 965 550 possit
1010 494 1228 546 exsistere,
1283 503 1330 535 ut
1374 495 1488 537 color
1533 496 1575 537 in
1625 511 1820 552 corpore,
1875 498 1916 539 in
1965 499 2106 541 animo

147 574 381 631 disciplina.

748 705 1038 748 ARGUMEN
1046 706 1180 747 TUM
1224 708 1261 749 A
1306 708 1510 749 PARTE.

317 813 353 854 A
387 824 506 871 parte
539 828 642 857 vero
675 823 977 869 argumentum
1009 828 1094 854 non
1127 813 1179 853 ad
1218 821 1354 854 totum
1396 813 1669 869 probandum
1708 815 1904 867 ducitur,
1951 818 2022 859 scd
2054 819 2106 860 ad

146 896 270 936 aliam
317 906 482 952 partem
530 910 642 951 quae
688 895 870 936 continet
918 897 1224 951 quaestionem.
1303 897 1401 937 Non
1450 897 1562 938 enim
1611 898 1790 953 probata
1835 914 1931 954 pars
1969 910 2105 943 totum

143 977 315 1032 probat,
354 986 495 1032 utpote
525 976 559 1016 si
589 976 738 1016 oculus
770 975 907 1027 videt,
946 991 1031 1017 non
1063 977 1156 1017 ideo
1188 986 1327 1018 totum
1360 992 1514 1033 corpus
1545 977 1679 1029 videt,
1720 993 1860 1033 quum
1895 979 2104 1022 refutetur

140 1067 277 1098 totum
309 1057 459 1098 videre
490 1071 665 1112 corpus;
714 1056 788 1097 sed
818 1056 1061 1098 dialecticus
1104 1059 1177 1099 iste
1213 1068 1411 1101 tractatus
1444 1070 1514 1101 est.
1573 1061 1700 1102 Nune
1731 1063 2101 1116 quemadmodum

140 1146 441 1192 argumentum
474 1151 498 1178 a
528 1146 647 1192 parte
679 1137 731 1177 ad
762 1146 928 1191 partem
959 1148 1179 1189 sumatur,
1211 1140 1451 1180 ostendam:
1485 1140 1516 1180 si
1549 1140 1695 1196 pedes,
1727 1142 1760 1182 si
1788 1142 1962 1185 brachia
1995 1146 2104 1186 tueri

138 1219 366 1271 debemus,
400 1219 550 1273 utique
582 1218 726 1260 oeulos
759 1218 996 1275 diligentius
1029 1235 1259 1262 asservare.
1322 1220 1458 1274 Cujus
1491 1223 1731 1277 argumenti
1761 1223 1853 1265 loeo
1884 1225 2104 1267 incurrere

139 1299 369 1354 aliquando
409 1309 449 1340 et
488 1299 593 1339 alius
630 1309 782 1354 potest,
833 1301 910 1355 qui
949 1315 972 1341 a
1012 1301 1176 1342 minore
1217 1301 1270 1343 ad
1309 1303 1447 1356 majus
1481 1303 1677 1357 ducitur3
1723 1321 1801 1347 nec
1832 1317 1973 1350 tamen
2005 1309 2099 1350 ideo

138 1380 381 1436 principalis
421 1381 660 1435 argumenti
694 1381 798 1422 ratio
828 1383 1127 1436 perturbatur,
1169 1383 1271 1435 quia
1309 1384 1516 1436 geminari
1549 1385 1816 1440 aliquantum
1850 1399 2101 1445 argumenta

137 1469 291 1501 natura
329 1459 540 1515 permittit.
611 1460 703 1500 Hoe
740 1474 866 1516 saepe
908 1461 1146 1516 contingere
1188 1471 1226 1502 et
1256 1462 1298 1503 in
1329 1462 1474 1518 figuris
1505 1466 1628 1518 solet,
1675 1467 1727 1508 de
1769 1470 1926 1522 quibus
1958 1480 2101 1526 postea

136 1541 256 1581 nobis
289 1540 366 1581 erit
388 1539 632 1581 dicendum.
664 1541 730 1581 Fit
759 1556 1073 1596 nonnunquam
1107 1553 1145 1583 et
1175 1543 1216 1583 in
1251 1544 1331 1585 hoc
1362 1545 1490 1586 modo
1517 1561 1539 1587 a
1563 1548 1753 1602 partibus
1784 1561 2103 1605 argumentum,

137 1636 275 1677 quum
314 1620 486 1661 inducta
521 1620 744 1676 partitione
785 1630 825 1662 ct
854 1623 1076 1677 propositis
1106 1624 1298 1679 partibus
1328 1624 1548 1679 pluribus,
1584 1628 1729 1668 ceteris
1768 1630 1979 1683 refutatis,
2021 1632 2099 1673 ali-

136 1719 270 1759 quam
303 1703 599 1744 concludimus
631 1713 818 1760 partem,
857 1704 899 1745 in
933 1720 1019 1761 qua
1050 1705 1100 1747 sit
1132 1705 1322 1762 quaestio
1355 1706 1597 1758 constituta,
1631 1717 1676 1750 ut
1705 1708 1738 1749 si
1773 1709 1905 1752 dicas:
1933 1727 2098 1767 equum

134 1783 271 1836 hunc,
306 1800 437 1840 quem
469 1785 623 1837 habes,
670 1795 743 1827 aut
775 1786 910 1827 emisti
942 1797 1015 1828 aut
1044 1787 1156 1829 dono
1188 1789 1381 1845 accepisti
1413 1798 1485 1831 aut
1516 1799 1639 1832 natus
1675 1801 1735 1832 est
1765 1791 1882 1834 domi
1918 1804 1989 1836 aut
2030 1795 2101 1836 fu-

134 1873 251 1904 ratus
290 1880 356 1917 es3
402 1881 487 1907 non
526 1876 671 1908 autem
709 1866 868 1917 emisti,
906 1881 986 1907 nec
1024 1866 1136 1908 dono
1173 1867 1248 1911 tibi
1286 1869 1408 1912 datus
1449 1879 1509 1912 est
1546 1885 1688 1927 neque
1718 1881 1841 1915 natus
1873 1883 1933 1916 est
1962 1874 2099 1929 domi3

134 1945 300 1987 furatus
332 1961 374 1987 es
405 1947 545 2002 igitur.

207 2054 377 2101 tractatus]
406 2055 530 2100 Scripsi
551 2068 568 2087 e
584 2056 842 2089 Reichenauensi
861 2063 893 2090 et
910 2057 1089 2091 Darmstat-
1140 2060 1199 2106 qui
1221 2070 1238 2090 a
1257 2059 1376 2104 majore
1403 2059 1443 2091 ad
1465 2062 1571 2092 minms
1595 2062 1762 2102 ducitur«,
1796 2063 1853 2096 sed
1876 2063 1910 2097 in
1933 2065 2017 2097 notis
2044 2067 2097 2100 oh-

132 2119 231 2160 tensi‚
257 2119 344 2163 quod
368 2118 483 2152 Grotio
502 2119 570 2161 jam
592 2120 694 2152 visum
721 2126 804 2161 erat,
829 2132 887 2166 pro
912 2128 1034 2154 tractus
1054 2122 1088 2154 in
1140 2123 1292 2154 servavit:
1311 2123 1433 2165 »Legm
1453 2129 1484 2156 et
1505 2125 1588 2157 alius
1610 2132 1729 2170 potest,
1757 2126 1813 2171 qui
1835 2139 1853 2159 a
1872 2129 1993 2161 minore
2012 2136 2090 2163 ceta«

132 2182 234 2214 editis.
274 2183 402 2215 Pariter
427 2184 549 2215 Marius
576 2184 764 2216 Victorinus
790 2185 840 2229 (p.
867 2186 938 2217 172
966 2185 1087 2230 Pith.):
1138 2184 1288 2217 Viderint
1311 2185 1374 2218 alii.

138 2256 242 2276 »nune
268 2244 308 2277 de
331 2245 574 2278 ratiocinatione
601 2253 759 2279 tractatas
785 2252 861 2278 est.«
1211 2249 1416 2296 aliquantum
1436 2248 1640 2295 arqumenla]
1670 2249 1726 2283 Sic
1739 2250 1896 2285 editiones
1916 2259 1988 2286 ante
2011 2252 2093 2286 Gro-

204 2304 307 2351 alius]
344 2305 484 2339 Secutus
517 2320 588 2340 sum
621 2308 748 2341 codices
776 2309 1086 2351 Reielienauensem9
1137 2311 1233 2352 tium,
1255 2312 1312 2356 qui
1330 2312 1414 2344 unde
1432 2316 1615 2357 argumenti
1641 2314 1776 2346 ediderit
1793 2315 1918 2356 neseio,
1944 2317 2003 2348 hoc
2028 2316 2093 2348 scio

130 2367 435 2409 Dariustattcnsem,
473 2375 505 2401 et
531 2370 759 2403 monacensem
784 2371 868 2415 (C),
896 2371 972 2404 licet
993 2372 1086 2405 facile
1138 2381 1257 2408 temere
1285 2376 1403 2408 sactum
1434 2388 1522 2418 esse,
1558 2377 1645 2422 quod
1677 2377 1728 2410 vel
1749 2377 1821 2412 MS.
1839 2379 1934 2412 lectio
1965 2378 2094 2422 probat,

130 2431 303 2463 concedam
319 2431 425 2463 locum
440 2432 570 2464 dubium
587 2439 681 2478 atque
693 2440 878 2479 corruptum
896 2447 976 2467 esse.
992 2434 1086 2468 Anti-
1139 2453 1234 2485 quam
1253 2440 1322 2485 ipse
1350 2442 1457 2483 affert,
1488 2443 1665 2490 aliquanta.

130 2507 212 2538 quae
240 2495 397 2527 editiones
430 2496 563 2528 habent:
596 2504 646 2529 net
676 2500 766 2530 aliud
795 2505 920 2544 potest,
962 2501 1039 2547 quia
1066 2512 1083 2532 a
1208 2501 1338 2551 equum]
1364 2504 1557 2549 Exemplum
1580 2517 1597 2537 a
1620 2505 1776 2538 Cicerone
1798 2504 1931 2549 (invent.
1957 2505 1993 2545 1ἠ
2022 2505 2091 2549 49)

130 2558 251 2591 minore
267 2559 306 2591 ad
323 2561 424 2604 nangis
443 2561 597 2601 dicaam,-
623 2560 773 2596 Grotius:
790 2570 842 2597 »et
857 2565 947 2598 aliud
963 2570 1081 2610 potest,
1133 2567 1333 2613 propositum
1363 2569 1420 2602 sed
1444 2571 1680 2615 reprehensum.
1713 2568 1829 2602 Melius
1860 2573 1909 2600 est
1936 2567 2021 2613 qnod
2051 2570 2089 2603 de

2137 820 2222 861 481

2133 1554 2223 1603 482
