2310 2860
181 221 241 262 60

758 213 957 257 Martiaui
998 210 1196 267 Capellae
1235 210 1306 251 lib.
1330 210 1361 251 Ι.
1401 212 1430 261 ᾗ.
1454 208 1524 250 22.

521 323 770 378 Fluctigena
800 330 991 378 spec-tans
1023 317 1161 373 qualis
1191 317 1271 358 sub
1302 318 1465 372 gurgite
1494 317 1684 369 Nereus,

523 404 737 458 Quaeque
767 411 860 443 tuos
890 399 1001 441 norit
1029 398 1215 440 fratrum
1245 412 1322 453 per
1352 412 1483 453 regna
1512 412 1737 451 recursus;

517 483 702 539 Pervigil
733 481 965 523 immodico
997 489 1223 535 penetrans
1255 493 1410 521 arcana
1440 478 1609 529 labore,

522 564 646 614 Quae
677 563 808 620 possit
838 562 960 603 docta
988 570 1126 603 totum
1157 570 1430 616 praevertere
1460 575 1585 611 cura,

515 643 647 696 Quod.
676 643 840 699 superis
867 642 1078 697 praescire
1107 640 1257 682 datum
1268 656 1280 693 ;
1313 643 1419 696 quin
1449 641 1641 683 crebrius
1670 641 1715 682 iu
1744 656 1821 682 nos

512 724 588 767 Jus
618 725 747 766 habet
776 724 847 765 illa
878 724 1002 774 deos,
1032 736 1188 777 urgens
1217 722 1262 762 in
1291 722 1406 776 jussa
1437 730 1624 771 coactos,

514 806 570 847 Et
603 805 720 861 quod
750 805 869 845 nulla
903 812 1032 858 queat
1058 803 1266 858 superum
1297 811 1458 844 tentare
1490 811 1694 858 potestas,

176 891 392 934 conjecturam
417 889 557 922 omnium
579 889 733 920 librorum
754 887 935 920 auctoritati
948 898 1127 930 repugnan-

143 939 147 994 jv
174 958 239 984 tem
267 952 321 984 vix
347 952 571 996 proposuisset
600 951 648 982 vir
674 950 809 990 doctus,
843 950 870 980 si
905 954 1024 981 rectam
1057 959 1126 979 ver-

172 1016 287 1047 borum
308 1015 595 1049 construendoriml
616 1013 697 1046 viam
714 1013 879 1055 ingressus
905 1018 1000 1044 esset.
1031 1010 1127 1042 «Ful-

173 1079 259 1111 mina
284 1079 447 1111 rutilantia
475 1090 541 1110 non
566 1082 702 1122 possunt
728 1077 888 1109 occultare
913 1075 1007 1107 Joris
1045 1074 1126 1105 arbi-

171 1143 286 1174 trium«
309 1143 361 1174 vel
385 1142 585 1186 simpliciter:
612 1141 763 1172 »fulmina
783 1140 943 1172 deterrere
965 1150 1031 1170 non
1052 1149 1126 1182 pos-

172 1212 248 1238 sunt
276 1218 293 1237 a
314 1206 478 1238 noscendo
502 1205 623 1245 Jove«,
653 1205 703 1235 vel
738 1204 835 1247 paulo
867 1201 1034 1234 obscurius
1063 1201 1126 1242 sig-

171 1268 296 1299 nifieatz
318 1279 396 1299 »nce
418 1267 586 1298 fulminum
611 1270 759 1309 portenta
775 1276 873 1309 posse
896 1264 996 1296 latere
1014 1262 1125 1294 Philo-

170 1330 306 1373 logiam,
336 1331 414 1374 quin
436 1342 473 1362 ea
500 1330 664 1372 explicet.«

248 1395 353 1441 qualis
372 1392 444 1439 snb]
466 1392 736 1425 Rescribendum:
754 1391 840 1439 quod
857 1391 914 1422 alit
935 1391 1003 1422 sub.
1021 1390 1125 1430 Bene,

169 1461 259 1500 pute.
284 1456 366 1487 Nam
390 1461 422 1487 et
446 1455 555 1486 intima
578 1454 672 1485 maris
695 1458 862 1496 penetrare
885 1453 1054 1483 humanam
1072 1463 1125 1483 cu-

168 1517 347 1548 riositatem
367 1521 517 1548 autumat.
555 1514 654 1557 Quod
679 1520 711 1545 et
730 1514 836 1557 ipsum
858 1518 968 1545 eontra
993 1512 1125 1544 deorum

170 1578 369 1610 voluntatem
391 1576 461 1609 fieri
479 1576 685 1608 autumabant
707 1574 840 1619 antiqui.
872 1574 964 1606 Pedo
989 1572 1124 1606 Albino-

167 1652 330 1675 novanus:

226 1703 292 1734 „Di
305 1706 458 1734 revocant
466 1724 478 1739 ‚
501 1710 674 1746 rerumque
691 1703 803 1731 velant
827 1708 1014 1741 coynoseere
1029 1696 1127 1740 finem

218 1764 375 1796 illm-tales
402 1762 531 1800 oculos‚·
558 1761 664 1791 aliena
682 1761 761 1806 quid
781 1771 922 1806 aequora
945 1760 1042 1790 remis

216 1825 263 1857 Et
285 1836 396 1856 sacras
417 1824 584 1855 turbamus
608 1833 732 1869 aquas,
757 1822 931 1868 divumque
950 1822 1076 1867 quietas

221 1888 403 1920 Turbamus⁸
425 1887 515 1918 sedes
524 1886 557 1916 ?1‹
579 1902 627 1909 —-·

168 1948 294 1980 ΒΑΗ-ιιι.
328 1949 463 1992 (advers.
498 1960 531 1991 p.
558 1947 643 1979 955.
677 1944 797 1989 1242).
819 1963 866 1968 —-
915 1942 1125 1977 Cei-rectione

169 2018 257 2044 certe
282 2024 346 2044 non
379 2023 459 2055 opus
485 2017 553 2052 est,
580 2010 656 2042 lieet
682 2009 763 2041 duae
791 2009 854 2040 sint
879 2007 1052 2048 lectiones,
1082 2006 1125 2038 al-

165 2079 236 2105 tera
261 2075 350 2120 quali
373 2075 519 2118 (praeter
541 2071 633 2105 Grot.
652 2077 684 2104 et
702 2070 967 2104 Darmstattensis
993 2069 1125 2113 codex),

169 2135 271 2166 altera
297 2136 401 2182 qualis
432 2135 478 2179 (in
509 2134 688 2166 Drcsdensi
713 2132 806 2177 cod.).
833 2132 919 2164 Illud
941 2133 968 2164 si
993 2132 1121 2174 legeris,

168 2198 208 2230 de
232 2198 305 2230 loeo
335 2198 524 2242 explicabis,
563 2209 627 2241 quo
657 2197 753 2229 maris
779 2198 859 2228 deus
886 2196 996 2238 degat,
1029 2208 1124 2240 quem

167 2265 202 2292 et
222 2259 328 2304 ipsum
352 2271 484 2292 noscere
507 2259 691 2301 Philologia
715 2259 855 2300 fingitur.
896 2259 988 2290 Ilaec
1014 2265 1124 2291 contra

167 2323 198 2356 si
222 2334 298 2355 vera
326 2322 422 2354 lectio
449 2329 514 2363 est,
553 2323 593 2355 atl
628 2322 734 2366 ipsum
762 2334 846 2353 mare
878 2328 1018 2366 spectat3
1059 2322 1122 2354 Ne-

166 2398 258 2419 reum
281 2385 366 2417 enim
391 2397 478 2417 mare
506 2386 572 2418 sive
594 2397 715 2429 aequor
738 2386 916 2427 significare
934 2391 1034 2418 testes
1057 2387 1123 2418 scre

168 2458 280 2480 omnes
308 2452 384 2479 sunt
410 2452 535 2491 poetae.
568 2447 701 2490 »Qualis
725 2447 823 2489 igitur
847 2447 889 2479 sit
915 2448 974 2480 sub
999 2449 1123 2491 gurgite

166 2510 310 2542 Nereus«
341 2507 558 2550 Philologiam
588 2507 668 2540 scire
705 2521 803 2552 quum
835 2510 1022 2551 affirmatur,
1061 2511 1123 2543 hoc

168 2570 214 2602 ita
234 2569 457 2615 explicandum
481 2569 556 2601 eritz
571 2574 622 2601 »et
646 2568 871 2602 altissimorum
897 2571 931 2605 in
954 2572 1033 2605 mari
1049 2584 1121 2616 gur.

170 2631 268 2674 gitum
289 2637 432 2665 naturam
460 2631 499 2664 ab
523 2642 561 2663 ea
590 2641 662 2663 esse
686 2630 908 2675 exploratam..

1253 884 1409 930 '‘i-atrum]
1436 885 1566 916 Fratres
1597 890 1672 916 sunt
1697 884 1853 916 Planetae
1884 890 2033 929 astraque
2060 884 2133 916 reli-

1183 959 1264 990 qua3
1297 953 1367 987 aut,
1397 947 1484 991 quod
1507 946 1614 990 potius
1638 958 1730 986 reor,
1760 952 1825 978 tres
1855 947 1988 987 fratres,
2018 946 2133 991 ‹Iuppi-

1181 1014 1239 1049 ter,
1262 1009 1443 1053 Neptunus,
1466 1009 1538 1048 Dis,
1562 1021 1619 1053 per
1641 1021 1776 1053 quorum
1803 1021 1901 1051 regna
1924 1009 2026 1041 instar
2046 1020 2134 1041 vere·

1183 1070 1263 1102 darii
1295 1071 1437 1114 quotidie
1466 1082 1592 1102 sursum
1610 1076 1642 1102 et
1661 1071 1811 1102 deorsum
1835 1071 1933 1103 currit
1947 1070 2137 1104 Mercurius.

1181 1133 1308 1164 Ran.
1336 1132 1474 1177 (advers.
1488 1145 1518 1175 p.
1533 1132 1687 1175 955).-
1697 1132 1774 1165 Vox
1790 1139 1862 1165 tuos
1875 1145 1941 1165 non
1959 1133 1999 1164 ad
2012 1132 2136 1175 fratres

1181 1196 1336 1240 pertinet,
1363 1196 1421 1227 scd
1439 1196 1479 1227 ad
1501 1207 1670 1234 recursus,
1696 1196 1848 1228 Mercurii
1868 1196 2033 1237 nimirum,
2052 1197 2136 1229 male

1179 1258 1277 1300 igitur
1292 1258 1464 1289 Planetam
1478 1257 1671 1289 Mercurium
1687 1256 1837 1299 intelligit
1851 1258 2015 1297 BarthiuS,
2038 1271 2135 1302 quum

1182 1320 1222 1351 de
1254 1319 1351 1360 hujus
1385 1319 1437 1351 dei
1465 1318 1576 1363 nuntii¹
1603 1319 1798 1352 recurrentis
1828 1319 1930 1352 officio
1964 1331 2069 1351 sermo
2095 1319 2138 1352 sit

1181 1382 1223 1428 (ἓ.
1249 1384 1270 1414 5
1297 1382 1394 1425 not.).{

1256 1441 1434 1487 irmnode’co]
1463 1443 1502 1475 Iu
1517 1443 1600 1475 libro
1619 1448 1669 1475 est
1683 1444 1849 1484 indomito,
1871 1444 1958 1488 quod
1975 1456 2034 1487 ego
2050 1457 2135 1488 mag-

1181 1518 1300 1551 nopere
1329 1507 1549 1538 reducendum
1576 1518 1714 1548 ecnseo5
1753 1508 1917 1549 infatigato
1947 1509 2065 1553 quippe
2097 1521 2135 1541 ea

1180 1580 1244 1600 vox
1268 1568 1301 1600 in
1326 1569 1490 1600 meliorem
1516 1573 1639 1611 partem
1663 1568 1746 1600 bene
1767 1580 1861 1612 saepe
1885 1569 1924 1600 ah
1951 1570 2135 1602 auctoribus

1181 1628 1343 1671 accipitur.
1363 1629 1490 1659 Barim.
1515 1627 1653 1672 (advers.
1680 1641 1712 1673 p.
1731 1630 1803 1662 955
1825 1630 1868 1673 fi).
1886 1651 1933 1655 ——
1959 1631 2135 1674 Vulgarem
2158 1648 2167 1689 3
2193 1661 2210 1675 ae

1177 1693 1326 1736 equidem
1342 1692 1460 1724 retinui
1483 1692 1683 1736 scripturam.

1253 1753 1372 1799 labore]
1400 1755 1449 1787 Ita
1462 1756 1543 1786 infra
1561 1754 1604 1799 (ξ.
1618 1755 1680 1800 59)
1696 1755 1899 1798 Philologiae
1916 1757 2134 1790 »incessabilis

1176 1817 1285 1849 labor«
1308 1823 1511 1849 memoratur.
1539 1817 1661 1849 Confer
1676 1817 1772 1849 etiam
1789 1829 1871 1862 quae
1891 1818 1931 1850 ad
1951 1819 2047 1851 verba
2060 1831 2132 1862 per·

1175 1880 1287 1924 vigilia
1304 1879 1449 1910 laborata
1471 1877 1513 1922 (§.
1535 1878 1600 1922 57)
1623 1878 1840 1910 observamus.

1247 1940 1464 1987 praeuertere]
1484 1942 1558 1973 IIoe
1578 1946 1627 1973 est
1647 1943 1834 1986 arnicipaoe,
1854 1942 2007 1986 priusque
2030 1943 2131 1977 scien·

1176 2005 1220 2038 tia
1242 2006 1393 2051 adsequi,
1430 2017 1526 2050 quam
1549 2004 1596 2046 is,
1629 2004 1668 2037 de
1692 2017 1756 2050 quo
1783 2006 1952 2052 loquimur.
1981 2006 2038 2041 Sic
2064 2019 2130 2041 car·

1175 2069 1259 2102 mine
1285 2069 1452 2114 sequenti:

1225 2153 1274 2158 --
1296 2145 1392 2164 »uam
1413 2134 1526 2165 solitus
1546 2134 1629 2165 ciere
1648 2139 1780 2177 peetus,

1225 2196 1271 2228 Et
1290 2207 1461 2240 praeversa
1483 2197 1563 2240 viqil
1585 2209 1713 2229 monere
1730 2207 1854 2229 sensa«

1173 2259 1331 2303 Alioquin
1354 2265 1579 2303 praevertere,
1598 2271 1804 2304 praeponere.
1831 2257 2049 2290 Tertullianus
2074 2258 2128 2303 (de

1173 2320 1303 2366 pallio):
1329 2320 1403 2352 »An
1432 2321 1525 2352 aliter
1549 2319 1681 2352 mutavit
1710 2319 1908 2352 Anacharsis
1931 2332 2003 2353 eum
2027 2331 2127 2364 regno

1174 2382 1326 2426 Scythiae
1349 2381 1587 2428 philosophiam
1607 2382 1792 2426 praevertit.
1800 2395 1812 2410 «
1839 2381 1966 2415 ΒΑΜ-ιι.
1987 2381 2125 2426 (advers.

1172 2460 1204 2492 p.
1222 2445 1318 2489 954).

1245 2506 1383 2554 coactos]
1411 2507 1552 2541 Omnino
1575 2519 1692 2553 operae
1710 2508 1848 2553 pretium
1864 2507 1924 2541 erit
1943 2508 2125 2541 inferiorem

1172 2572 1277 2606 locum
1299 2570 1343 2617 (§.
1358 2573 1407 2604 57
1423 2571 1459 2616 f.)
1487 2584 1559 2604 eum
1577 2572 1639 2605 hoe
1664 2572 1826 2613 conferre,
1855 2571 1910 2603 ubi
1936 2571 1992 2604 illa
2013 2573 2125 2606 Philo-

1171 2634 1276 2678 logiae
1298 2634 1332 2667 iu
1355 2634 1432 2667 deos
1455 2638 1599 2679 potestas
1623 2633 1752 2667 uberius
1778 2633 1975 2680 explanatur.
