<?xml version="1.0" encoding="UTF-8"?>
<!DOCTYPE html PUBLIC "-//W3C//DTD XHTML 1.0 Transitional//EN"
    "http://www.w3.org/TR/xhtml1/DTD/xhtml1-transitional.dtd">
<html xmlns="http://www.w3.org/1999/xhtml" xml:lang="en" lang="en">
 <head>
  <title>
</title>
<meta http-equiv="Content-Type" content="text/html;charset=utf-8" />
  <meta name='ocr-system' content='tesseract 3.04.00' />
  <meta name='ocr-capabilities' content='ocr_page ocr_carea ocr_par ocr_line ocrx_word'/>
</head>
<body>
  <div class='ocr_page' id='page_1' title='image "./denuptiisphilolo00martuoft/denuptiisphilolo00martuoft_0663.png"; bbox 0 0 2310 2860; ppageno 0'>
   <div class='ocr_carea' id='block_1_1' title="bbox 642 133 1481 189">
    <p class='ocr_par' dir='ltr' id='par_1_1' title="bbox 642 133 1481 189">
     <span class='ocr_line' id='line_1_1' title="bbox 642 133 1481 189; baseline 0.001 -15"><span class='ocrx_word' id='word_1_1' title='bbox 642 133 842 174; x_wconf 87' lang='lat' dir='ltr'><strong>Martiani</strong></span> <span class='ocrx_word' id='word_1_2' title='bbox 872 133 1072 189; x_wconf 83' lang='lat' dir='ltr'>Capellae</span> <span class='ocrx_word' id='word_1_3' title='bbox 1102 134 1173 174; x_wconf 88' lang='lat' dir='ltr'><strong>lib.</strong></span> <span class='ocrx_word' id='word_1_4' title='bbox 1197 134 1239 175; x_wconf 88' lang='lat' dir='ltr'>V</span> <span class='ocrx_word' id='word_1_5' title='bbox 1242 133 1295 174; x_wconf 90' lang='lat' dir='ltr'><strong>II.</strong></span> <span class='ocrx_word' id='word_1_6' title='bbox 1325 136 1355 185; x_wconf 63' lang='grc' dir='ltr'><strong>ᾗ.</strong></span> <span class='ocrx_word' id='word_1_7' title='bbox 1381 135 1481 176; x_wconf 76' lang='grc'><strong>793.</strong></span> 
     </span>
    </p>
   </div>
   <div class='ocr_carea' id='block_1_2' title="bbox 1948 136 2035 178">
    <p class='ocr_par' dir='ltr' id='par_1_2' title="bbox 1948 136 2035 178">
     <span class='ocr_line' id='line_1_2' title="bbox 1948 136 2035 178; baseline 0 -1"><span class='ocrx_word' id='word_1_8' title='bbox 1948 136 2035 178; x_wconf 74' lang='lat'><strong>627</strong></span> 
     </span>
    </p>
   </div>
   <div class='ocr_carea' id='block_1_3' title="bbox 81 237 2037 296">
    <p class='ocr_par' dir='ltr' id='par_1_3' title="bbox 81 237 2037 296">
     <span class='ocr_line' id='line_1_3' title="bbox 81 237 2037 296; baseline 0.002 -17"><span class='ocrx_word' id='word_1_9' title='bbox 81 241 256 285; x_wconf 78' lang='lat' dir='ltr'><strong>tiuntur.</strong></span> <span class='ocrx_word' id='word_1_10' title='bbox 285 238 340 279; x_wconf 90' lang='lat' dir='ltr'><strong>At</strong></span> <span class='ocrx_word' id='word_1_11' title='bbox 355 238 434 279; x_wconf 88' lang='lat' dir='ltr'><strong>sint</strong></span> <span class='ocrx_word' id='word_1_12' title='bbox 457 237 682 279; x_wconf 80' lang='lat' dir='ltr'><strong>duodecies</strong></span> <span class='ocrx_word' id='word_1_13' title='bbox 707 248 877 279; x_wconf 87' lang='lat' dir='ltr'><strong>centum</strong></span> <span class='ocrx_word' id='word_1_14' title='bbox 901 238 1180 293; x_wconf 83' lang='lat' dir='ltr'><strong>quadraginta</strong></span> <span class='ocrx_word' id='word_1_15' title='bbox 1204 249 1389 294; x_wconf 83' lang='lat' dir='ltr'><strong>quatuor</strong></span> <span class='ocrx_word' id='word_1_16' title='bbox 1413 241 1454 280; x_wconf 87' lang='lat' dir='ltr'><strong>in</strong></span> <span class='ocrx_word' id='word_1_17' title='bbox 1473 240 1587 281; x_wconf 90' lang='lat' dir='ltr'><strong>mille</strong></span> <span class='ocrx_word' id='word_1_18' title='bbox 1607 242 1872 296; x_wconf 82' lang='lat' dir='ltr'><strong>septingentis</strong></span> <span class='ocrx_word' id='word_1_19' title='bbox 1891 243 2037 296; x_wconf 81' lang='lat' dir='ltr'><strong>viginti</strong></span> 
     </span>
    </p>
   </div>
   <div class='ocr_carea' id='block_1_4' title="bbox 81 317 2037 377">
    <p class='ocr_par' dir='ltr' id='par_1_4' title="bbox 81 317 2037 377">
     <span class='ocr_line' id='line_1_4' title="bbox 81 317 2037 377; baseline 0.002 -18"><span class='ocrx_word' id='word_1_20' title='bbox 81 328 188 359; x_wconf 85' lang='lat' dir='ltr'><strong>octe.</strong></span> <span class='ocrx_word' id='word_1_21' title='bbox 248 320 355 359; x_wconf 89' lang='lat' dir='ltr'><strong>Sunt</strong></span> <span class='ocrx_word' id='word_1_22' title='bbox 383 334 459 374; x_wconf 86' lang='lat' dir='ltr'><strong>per</strong></span> <span class='ocrx_word' id='word_1_23' title='bbox 489 334 531 359; x_wconf 91' lang='lat' dir='ltr'><strong>se</strong></span> <span class='ocrx_word' id='word_1_24' title='bbox 569 319 832 374; x_wconf 87' lang='lat' dir='ltr'><strong>incompositi</strong></span> <span class='ocrx_word' id='word_1_25' title='bbox 864 319 1035 359; x_wconf 87' lang='lat' dir='ltr'><strong>numeri</strong></span> <span class='ocrx_word' id='word_1_26' title='bbox 1064 317 1150 358; x_wconf 88' lang='lat' dir='ltr'><strong>duo</strong></span> <span class='ocrx_word' id='word_1_27' title='bbox 1181 329 1286 369; x_wconf 87' lang='lat' dir='ltr'><strong>tres,</strong></span> <span class='ocrx_word' id='word_1_28' title='bbox 1328 320 1429 373; x_wconf 86' lang='lat' dir='ltr'><strong>quia</strong></span> <span class='ocrx_word' id='word_1_29' title='bbox 1460 320 1523 360; x_wconf 87' lang='lat' dir='ltr'><strong>bis</strong></span> <span class='ocrx_word' id='word_1_30' title='bbox 1555 321 1787 375; x_wconf 78' lang='lat' dir='ltr'><strong>octingenta</strong></span> <span class='ocrx_word' id='word_1_31' title='bbox 1822 322 2037 377; x_wconf 77' lang='lat' dir='ltr'><strong>sexaginta</strong></span> 
     </span>
    </p>
   </div>
   <div class='ocr_carea' id='block_1_5' title="bbox 81 398 2034 456">
    <p class='ocr_par' dir='ltr' id='par_1_5' title="bbox 81 398 2034 456">
     <span class='ocr_line' id='line_1_5' title="bbox 81 398 2034 456; baseline 0.003 -18"><span class='ocrx_word' id='word_1_32' title='bbox 81 407 268 453; x_wconf 87' lang='lat' dir='ltr'><strong>quatuor</strong></span> <span class='ocrx_word' id='word_1_33' title='bbox 296 399 338 439; x_wconf 92' lang='lat' dir='ltr'><strong>in</strong></span> <span class='ocrx_word' id='word_1_34' title='bbox 368 398 580 439; x_wconf 86' lang='lat' dir='ltr'>MDCLX</span> <span class='ocrx_word' id='word_1_35' title='bbox 605 408 723 450; x_wconf 69' lang='lat' dir='ltr'><strong>sunt,</strong></span> <span class='ocrx_word' id='word_1_36' title='bbox 764 400 952 453; x_wconf 88' lang='lat' dir='ltr'><strong>itemque</strong></span> <span class='ocrx_word' id='word_1_37' title='bbox 972 408 1034 439; x_wconf 86' lang='lat' dir='ltr'><strong>ter</strong></span> <span class='ocrx_word' id='word_1_38' title='bbox 1058 399 1286 454; x_wconf 80' lang='lat' dir='ltr'><strong>quingenta</strong></span> <span class='ocrx_word' id='word_1_39' title='bbox 1318 411 1574 455; x_wconf 80' lang='lat' dir='ltr'><strong>septuagena</strong></span> <span class='ocrx_word' id='word_1_40' title='bbox 1600 403 1721 454; x_wconf 89' lang='lat' dir='ltr'><strong>utile;</strong></span> <span class='ocrx_word' id='word_1_41' title='bbox 1754 403 1899 456; x_wconf 85' lang='lat' dir='ltr'><strong>atquin</strong></span> <span class='ocrx_word' id='word_1_42' title='bbox 1920 401 2034 443; x_wconf 83' lang='lat' dir='ltr'><strong>idem</strong></span> 
     </span>
    </p>
   </div>
   <div class='ocr_carea' id='block_1_6' title="bbox 80 479 2031 537">
    <p class='ocr_par' dir='ltr' id='par_1_6' title="bbox 80 479 2031 537">
     <span class='ocr_line' id='line_1_6' title="bbox 80 479 2031 537; baseline 0.001 -17"><span class='ocrx_word' id='word_1_43' title='bbox 80 479 166 521; x_wconf 90' lang='lat' dir='ltr'><strong>duo</strong></span> <span class='ocrx_word' id='word_1_44' title='bbox 190 490 230 521; x_wconf 88' lang='lat' dir='ltr'><strong>et</strong></span> <span class='ocrx_word' id='word_1_45' title='bbox 258 490 340 522; x_wconf 88' lang='lat' dir='ltr'><strong>tres</strong></span> <span class='ocrx_word' id='word_1_46' title='bbox 365 490 404 521; x_wconf 92' lang='lat' dir='ltr'><strong>et</strong></span> <span class='ocrx_word' id='word_1_47' title='bbox 434 479 658 521; x_wconf 88' lang='lat' dir='ltr'><strong>duodecim</strong></span> <span class='ocrx_word' id='word_1_48' title='bbox 691 493 886 535; x_wconf 88' lang='lat' dir='ltr'><strong>quoque,</strong></span> <span class='ocrx_word' id='word_1_49' title='bbox 920 480 994 534; x_wconf 90' lang='lat' dir='ltr'><strong>qui</strong></span> <span class='ocrx_word' id='word_1_50' title='bbox 1026 479 1077 520; x_wconf 87' lang='lat' dir='ltr'><strong>ab</strong></span> <span class='ocrx_word' id='word_1_51' title='bbox 1113 494 1198 520; x_wconf 90' lang='lat' dir='ltr'><strong>uno</strong></span> <span class='ocrx_word' id='word_1_52' title='bbox 1230 480 1416 534; x_wconf 83' lang='lat' dir='ltr'><strong>proximi</strong></span> <span class='ocrx_word' id='word_1_53' title='bbox 1446 490 1564 531; x_wconf 90' lang='lat' dir='ltr'><strong>sunt,</strong></span> <span class='ocrx_word' id='word_1_54' title='bbox 1597 482 1850 532; x_wconf 84' lang='lat' dir='ltr'><strong>metiuntur,</strong></span> <span class='ocrx_word' id='word_1_55' title='bbox 1891 496 2031 537; x_wconf 86' lang='lat' dir='ltr'><strong>quum</strong></span> 
     </span>
    </p>
   </div>
   <div class='ocr_carea' id='block_1_7' title="bbox 81 558 2155 617">
    <p class='ocr_par' dir='ltr' id='par_1_7' title="bbox 81 558 2155 617">
     <span class='ocr_line' id='line_1_7' title="bbox 81 558 2155 617; baseline 0.002 -18"><span class='ocrx_word' id='word_1_56' title='bbox 81 559 145 599; x_wconf 89' lang='lat' dir='ltr'><strong>bis</strong></span> <span class='ocrx_word' id='word_1_57' title='bbox 163 575 284 611; x_wconf 83' lang='lat' dir='ltr'><strong>sena,</strong></span> <span class='ocrx_word' id='word_1_58' title='bbox 315 570 354 600; x_wconf 91' lang='lat' dir='ltr'><strong>et</strong></span> <span class='ocrx_word' id='word_1_59' title='bbox 377 570 437 600; x_wconf 89' lang='lat' dir='ltr'><strong>ter</strong></span> <span class='ocrx_word' id='word_1_60' title='bbox 464 570 670 614; x_wconf 83' lang='lat' dir='ltr'><strong>quaterna</strong></span> <span class='ocrx_word' id='word_1_61' title='bbox 691 558 914 600; x_wconf 83' lang='lat' dir='ltr'><strong>duodecim</strong></span> <span class='ocrx_word' id='word_1_62' title='bbox 947 560 1039 599; x_wconf 87' lang='lat' dir='ltr'><strong>sint.</strong></span> <span class='ocrx_word' id='word_1_63' title='bbox 1071 560 1112 599; x_wconf 90' lang='lat' dir='ltr'><strong>Si</strong></span> <span class='ocrx_word' id='word_1_64' title='bbox 1137 560 1342 613; x_wconf 83' lang='lat' dir='ltr'><strong>quotlibet</strong></span> <span class='ocrx_word' id='word_1_65' title='bbox 1373 560 1424 600; x_wconf 90' lang='lat' dir='ltr'><strong>ab</strong></span> <span class='ocrx_word' id='word_1_66' title='bbox 1449 575 1534 601; x_wconf 88' lang='lat' dir='ltr'><strong>uno</strong></span> <span class='ocrx_word' id='word_1_67' title='bbox 1558 562 1728 602; x_wconf 88' lang='lat' dir='ltr'><strong>numeri</strong></span> <span class='ocrx_word' id='word_1_68' title='bbox 1758 563 2037 617; x_wconf 83' lang='lat' dir='ltr'><strong>proportionis</strong></span> <span class='ocrx_word' id='word_1_69' title='bbox 2066 564 2155 606; x_wconf 81' lang='grc'><strong>796</strong></span> 
     </span>
    </p>
   </div>
   <div class='ocr_carea' id='block_1_8' title="bbox 80 640 2035 698">
    <p class='ocr_par' dir='ltr' id='par_1_8' title="bbox 80 640 2035 698">
     <span class='ocr_line' id='line_1_8' title="bbox 80 640 2035 698; baseline 0.002 -18"><span class='ocrx_word' id='word_1_70' title='bbox 80 640 271 694; x_wconf 89' lang='lat' dir='ltr'><strong>ejusdem</strong></span> <span class='ocrx_word' id='word_1_71' title='bbox 303 650 418 692; x_wconf 88' lang='lat' dir='ltr'><strong>sunt,</strong></span> <span class='ocrx_word' id='word_1_72' title='bbox 449 642 590 682; x_wconf 90' lang='lat' dir='ltr'><strong>minor</strong></span> <span class='ocrx_word' id='word_1_73' title='bbox 618 654 824 681; x_wconf 86' lang='lat' dir='ltr'><strong>numerus</strong></span> <span class='ocrx_word' id='word_1_74' title='bbox 855 640 1063 692; x_wconf 82' lang='lat' dir='ltr'><strong>majorem</strong></span> <span class='ocrx_word' id='word_1_75' title='bbox 1099 655 1267 696; x_wconf 87' lang='lat' dir='ltr'><strong>semper</strong></span> <span class='ocrx_word' id='word_1_76' title='bbox 1295 657 1371 697; x_wconf 88' lang='lat' dir='ltr'><strong>per</strong></span> <span class='ocrx_word' id='word_1_77' title='bbox 1398 643 1584 696; x_wconf 84' lang='lat' dir='ltr'><strong>aliquem</strong></span> <span class='ocrx_word' id='word_1_78' title='bbox 1611 643 1817 695; x_wconf 81' lang='lat' dir='ltr'><strong>aliorum,</strong></span> <span class='ocrx_word' id='word_1_79' title='bbox 1849 645 1924 698; x_wconf 77' lang='lat' dir='ltr'><strong>qui</strong></span> <span class='ocrx_word' id='word_1_80' title='bbox 1955 644 2035 684; x_wconf 90' lang='lat' dir='ltr'><strong>sub</strong></span> 
     </span>
    </p>
   </div>
   <div class='ocr_carea' id='block_1_9' title="bbox 79 722 868 860">
    <p class='ocr_par' dir='ltr' id='par_1_9' title="bbox 79 722 868 860">
     <span class='ocr_line' id='line_1_9' title="bbox 82 722 825 772; baseline -0.001 -9"><span class='ocrx_word' id='word_1_81' title='bbox 82 723 231 763; x_wconf 88' lang='lat' dir='ltr'><strong>eadem</strong></span> <span class='ocrx_word' id='word_1_82' title='bbox 275 723 434 763; x_wconf 87' lang='lat' dir='ltr'><strong>ratione</strong></span> <span class='ocrx_word' id='word_1_83' title='bbox 479 732 596 772; x_wconf 88' lang='lat' dir='ltr'><strong>sunt,</strong></span> <span class='ocrx_word' id='word_1_84' title='bbox 642 722 825 762; x_wconf 87' lang='lat' dir='ltr'><strong>metitur.</strong></span> 
     </span>
     <span class='ocr_line' id='line_1_10' title="bbox 79 803 868 860; baseline -0.003 -15"><span class='ocrx_word' id='word_1_85' title='bbox 79 805 245 860; x_wconf 77' lang='lat' dir='ltr'><strong>triginta</strong></span> <span class='ocrx_word' id='word_1_86' title='bbox 277 804 385 854; x_wconf 88' lang='lat' dir='ltr'><strong>duo,</strong></span> <span class='ocrx_word' id='word_1_87' title='bbox 425 803 639 857; x_wconf 76' lang='lat' dir='ltr'><strong>sexaginta</strong></span> <span class='ocrx_word' id='word_1_88' title='bbox 671 812 868 856; x_wconf 85' lang='lat' dir='ltr'><strong>quatuor.</strong></span> 
     </span>
    </p>
   </div>
   <div class='ocr_carea' id='block_1_10' title="bbox 81 884 561 938">
    <p class='ocr_par' dir='ltr' id='par_1_10' title="bbox 81 884 561 938">
     <span class='ocr_line' id='line_1_11' title="bbox 81 884 561 938; baseline 0 -15"><span class='ocrx_word' id='word_1_89' title='bbox 81 898 152 923; x_wconf 91' lang='lat' dir='ltr'><strong>eos</strong></span> <span class='ocrx_word' id='word_1_90' title='bbox 188 884 264 938; x_wconf 87' lang='lat' dir='ltr'><strong>qui</strong></span> <span class='ocrx_word' id='word_1_91' title='bbox 314 893 404 923; x_wconf 92' lang='lat' dir='ltr'><strong>octo</strong></span> <span class='ocrx_word' id='word_1_92' title='bbox 444 893 561 933; x_wconf 86' lang='lat' dir='ltr'><strong>sunt,</strong></span> 
     </span>
    </p>
   </div>
   <div class='ocr_carea' id='block_1_11' title="bbox 80 961 1296 1017">
    <p class='ocr_par' dir='ltr' id='par_1_11' title="bbox 80 961 1296 1017">
     <span class='ocr_line' id='line_1_12' title="bbox 80 961 1296 1017; baseline 0 -14"><span class='ocrx_word' id='word_1_93' title='bbox 80 962 166 1003; x_wconf 89' lang='lat' dir='ltr'><strong>duo</strong></span> <span class='ocrx_word' id='word_1_94' title='bbox 200 972 318 1013; x_wconf 88' lang='lat' dir='ltr'><strong>sunt,</strong></span> <span class='ocrx_word' id='word_1_95' title='bbox 367 963 529 1016; x_wconf 78' lang='lat' dir='ltr'><strong>triginta</strong></span> <span class='ocrx_word' id='word_1_96' title='bbox 568 961 654 1002; x_wconf 89' lang='lat' dir='ltr'><strong>duo</strong></span> <span class='ocrx_word' id='word_1_97' title='bbox 692 977 760 1002; x_wconf 91' lang='lat' dir='ltr'><strong>eos</strong></span> <span class='ocrx_word' id='word_1_98' title='bbox 803 962 878 1015; x_wconf 90' lang='lat' dir='ltr'><strong>qui</strong></span> <span class='ocrx_word' id='word_1_99' title='bbox 916 963 1129 1017; x_wconf 71' lang='lat' dir='ltr'><strong>sexaginta</strong></span> <span class='ocrx_word' id='word_1_100' title='bbox 1178 973 1296 1014; x_wconf 89' lang='lat' dir='ltr'><strong>sunt,</strong></span> 
     </span>
    </p>
   </div>
   <div class='ocr_carea' id='block_1_12' title="bbox 892 722 1339 774">
    <p class='ocr_par' dir='ltr' id='par_1_12' title="bbox 892 722 1339 774">
     <span class='ocr_line' id='line_1_13' title="bbox 892 722 1339 774; baseline 0.004 -13"><span class='ocrx_word' id='word_1_101' title='bbox 892 722 981 761; x_wconf 88' lang='lat' dir='ltr'><strong>Sint</strong></span> <span class='ocrx_word' id='word_1_102' title='bbox 1020 736 1180 774; x_wconf 87' lang='lat' dir='ltr'><strong>unum,</strong></span> <span class='ocrx_word' id='word_1_103' title='bbox 1231 722 1339 773; x_wconf 87' lang='lat' dir='ltr'><strong>duo,</strong></span> 
     </span>
    </p>
   </div>
   <div class='ocr_carea' id='block_1_13' title="bbox 623 882 1338 936">
    <p class='ocr_par' dir='ltr' id='par_1_13' title="bbox 623 882 1338 936">
     <span class='ocr_line' id='line_1_14' title="bbox 623 882 1338 936; baseline 0 -13"><span class='ocrx_word' id='word_1_104' title='bbox 623 892 714 923; x_wconf 87' lang='lat' dir='ltr'><strong>octo</strong></span> <span class='ocrx_word' id='word_1_105' title='bbox 756 898 825 923; x_wconf 91' lang='lat' dir='ltr'><strong>eos</strong></span> <span class='ocrx_word' id='word_1_106' title='bbox 877 883 952 936; x_wconf 87' lang='lat' dir='ltr'><strong>qui</strong></span> <span class='ocrx_word' id='word_1_107' title='bbox 995 882 1178 922; x_wconf 86' lang='lat' dir='ltr'><strong>sedecim</strong></span> <span class='ocrx_word' id='word_1_108' title='bbox 1221 892 1338 933; x_wconf 90' lang='lat' dir='ltr'><strong>sunt,</strong></span> 
     </span>
    </p>
   </div>
   <div class='ocr_carea' id='block_1_14' title="bbox 1395 724 2034 777">
    <p class='ocr_par' dir='ltr' id='par_1_14' title="bbox 1395 724 2034 777">
     <span class='ocr_line' id='line_1_15' title="bbox 1395 724 2034 777; baseline 0.005 -15"><span class='ocrx_word' id='word_1_109' title='bbox 1395 733 1580 777; x_wconf 80' lang='lat' dir='ltr'><strong>quatuor</strong></span> <span class='ocrx_word' id='word_1_110' title='bbox 1591 756 1602 774; x_wconf 86' lang='lat'>‚</span> <span class='ocrx_word' id='word_1_111' title='bbox 1657 734 1748 764; x_wconf 85' lang='lat' dir='ltr'><strong>octo</strong></span> <span class='ocrx_word' id='word_1_112' title='bbox 1759 756 1771 774; x_wconf 89' lang='lat'><em>‚</em></span> <span class='ocrx_word' id='word_1_113' title='bbox 1829 724 2009 765; x_wconf 88' lang='lat' dir='ltr'><strong>sedecim</strong></span> <span class='ocrx_word' id='word_1_114' title='bbox 2022 756 2034 775; x_wconf 92' lang='lat'><strong>,</strong></span> 
     </span>
    </p>
   </div>
   <div class='ocr_carea' id='block_1_15' title="bbox 926 802 2037 859">
    <p class='ocr_par' dir='ltr' id='par_1_15' title="bbox 926 802 2037 859">
     <span class='ocr_line' id='line_1_16' title="bbox 926 802 2037 859; baseline 0.002 -16"><span class='ocrx_word' id='word_1_115' title='bbox 926 804 996 843; x_wconf 80' lang='lat' dir='ltr'><strong>Ex</strong></span> <span class='ocrx_word' id='word_1_116' title='bbox 1030 803 1093 843; x_wconf 88' lang='lat' dir='ltr'><strong>his</strong></span> <span class='ocrx_word' id='word_1_117' title='bbox 1124 802 1210 842; x_wconf 90' lang='lat' dir='ltr'><strong>duo</strong></span> <span class='ocrx_word' id='word_1_118' title='bbox 1243 816 1312 842; x_wconf 91' lang='lat' dir='ltr'><strong>eos</strong></span> <span class='ocrx_word' id='word_1_119' title='bbox 1348 803 1422 857; x_wconf 90' lang='lat' dir='ltr'><strong>qui</strong></span> <span class='ocrx_word' id='word_1_120' title='bbox 1457 813 1646 857; x_wconf 80' lang='lat' dir='ltr'><strong>quatuor</strong></span> <span class='ocrx_word' id='word_1_121' title='bbox 1681 813 1803 854; x_wconf 87' lang='lat' dir='ltr'><strong>sunt,</strong></span> <span class='ocrx_word' id='word_1_122' title='bbox 1849 815 2037 859; x_wconf 84' lang='lat' dir='ltr'><strong>quatuor</strong></span> 
     </span>
    </p>
   </div>
   <div class='ocr_carea' id='block_1_16' title="bbox 1398 882 2038 938">
    <p class='ocr_par' dir='ltr' id='par_1_16' title="bbox 1398 882 2038 938">
     <span class='ocr_line' id='line_1_17' title="bbox 1398 882 2038 938; baseline 0.003 -16"><span class='ocrx_word' id='word_1_123' title='bbox 1398 882 1581 922; x_wconf 85' lang='lat' dir='ltr'><strong>sedecim</strong></span> <span class='ocrx_word' id='word_1_124' title='bbox 1632 898 1701 923; x_wconf 90' lang='lat' dir='ltr'><strong>eos</strong></span> <span class='ocrx_word' id='word_1_125' title='bbox 1749 884 1825 938; x_wconf 89' lang='lat' dir='ltr'><strong>qui</strong></span> <span class='ocrx_word' id='word_1_126' title='bbox 1871 884 2038 938; x_wconf 81' lang='lat' dir='ltr'><strong>triginta</strong></span> 
     </span>
    </p>
   </div>
   <div class='ocr_carea' id='block_1_17' title="bbox 1353 962 2040 1018">
    <p class='ocr_par' dir='ltr' id='par_1_17' title="bbox 1353 962 2040 1018">
     <span class='ocr_line' id='line_1_18' title="bbox 1353 962 2040 1018; baseline 0 -15"><span class='ocrx_word' id='word_1_127' title='bbox 1353 962 1636 1018; x_wconf 79' lang='lat' dir='ltr'><strong>duplicatione</strong></span> <span class='ocrx_word' id='word_1_128' title='bbox 1674 963 1922 1003; x_wconf 87' lang='lat' dir='ltr'><strong>metiuntur.</strong></span> <span class='ocrx_word' id='word_1_129' title='bbox 1983 963 2040 1003; x_wconf 83' lang='lat' dir='ltr'><strong>At</strong></span> 
     </span>
    </p>
   </div>
   <div class='ocr_carea' id='block_1_18' title="bbox 79 1042 2037 1098">
    <p class='ocr_par' dir='ltr' id='par_1_18' title="bbox 79 1042 2037 1098">
     <span class='ocr_line' id='line_1_19' title="bbox 79 1042 2037 1098; baseline 0.001 -15"><span class='ocrx_word' id='word_1_130' title='bbox 79 1042 166 1084; x_wconf 91' lang='lat' dir='ltr'><strong>duo</strong></span> <span class='ocrx_word' id='word_1_131' title='bbox 207 1058 276 1083; x_wconf 90' lang='lat' dir='ltr'><strong>eos</strong></span> <span class='ocrx_word' id='word_1_132' title='bbox 321 1044 397 1098; x_wconf 90' lang='lat' dir='ltr'><strong>qui</strong></span> <span class='ocrx_word' id='word_1_133' title='bbox 437 1052 527 1083; x_wconf 86' lang='lat' dir='ltr'><strong>octo</strong></span> <span class='ocrx_word' id='word_1_134' title='bbox 566 1052 664 1084; x_wconf 90' lang='lat' dir='ltr'><strong>sunt</strong></span> <span class='ocrx_word' id='word_1_135' title='bbox 702 1042 1098 1098; x_wconf 79' lang='lat' dir='ltr'><strong>quadruplicatione</strong></span> <span class='ocrx_word' id='word_1_136' title='bbox 1143 1046 1399 1097; x_wconf 74' lang='lat' dir='ltr'><strong>metiuntur-3</strong></span> <span class='ocrx_word' id='word_1_137' title='bbox 1457 1044 1606 1085; x_wconf 86' lang='lat' dir='ltr'><strong>eadem</strong></span> <span class='ocrx_word' id='word_1_138' title='bbox 1638 1059 1707 1084; x_wconf 88' lang='lat' dir='ltr'><strong>eos</strong></span> <span class='ocrx_word' id='word_1_139' title='bbox 1747 1044 1823 1097; x_wconf 86' lang='lat' dir='ltr'><strong>qui</strong></span> <span class='ocrx_word' id='word_1_140' title='bbox 1852 1043 2037 1085; x_wconf 87' lang='lat' dir='ltr'><strong>sedecim</strong></span> 
     </span>
    </p>
   </div>
   <div class='ocr_carea' id='block_1_19' title="bbox 78 1246 1038 1792">
    <p class='ocr_par' dir='ltr' id='par_1_19' title="bbox 78 1246 1038 1792">
     <span class='ocr_line' id='line_1_20' title="bbox 152 1246 1036 1292; baseline 0.001 -15"><span class='ocrx_word' id='word_1_141' title='bbox 152 1246 329 1292; x_wconf 79' lang='lat' dir='ltr'><em>MDCLX]</em></span> <span class='ocrx_word' id='word_1_142' title='bbox 355 1247 478 1279; x_wconf 86' lang='lat' dir='ltr'><strong>Locum</strong></span> <span class='ocrx_word' id='word_1_143' title='bbox 506 1247 673 1288; x_wconf 81' lang='lat' dir='ltr'><strong>insigniter</strong></span> <span class='ocrx_word' id='word_1_144' title='bbox 694 1252 877 1290; x_wconf 89' lang='lat' dir='ltr'><strong>corruptum</strong></span> <span class='ocrx_word' id='word_1_145' title='bbox 904 1247 1036 1291; x_wconf 84' lang='lat' dir='ltr'><strong>reliqui,</strong></span> 
     </span>
     <span class='ocr_line' id='line_1_21' title="bbox 79 1307 1036 1350; baseline 0.002 -13"><span class='ocrx_word' id='word_1_146' title='bbox 79 1307 206 1349; x_wconf 81' lang='lat' dir='ltr'><strong>qualem</strong></span> <span class='ocrx_word' id='word_1_147' title='bbox 233 1307 366 1339; x_wconf 87' lang='lat' dir='ltr'><strong>Grotius</strong></span> <span class='ocrx_word' id='word_1_148' title='bbox 390 1308 548 1347; x_wconf 80' lang='lat' dir='ltr'><strong>ediderat,</strong></span> <span class='ocrx_word' id='word_1_149' title='bbox 583 1308 724 1350; x_wconf 85' lang='lat' dir='ltr'><strong>satisque</strong></span> <span class='ocrx_word' id='word_1_150' title='bbox 749 1309 851 1339; x_wconf 80' lang='lat' dir='ltr'><strong>liabeo</strong></span> <span class='ocrx_word' id='word_1_151' title='bbox 879 1309 1036 1339; x_wconf 71' lang='lat' dir='ltr'><strong>variantes</strong></span> 
     </span>
     <span class='ocr_line' id='line_1_22' title="bbox 80 1370 1037 1414; baseline 0 -13"><span class='ocrx_word' id='word_1_152' title='bbox 80 1370 226 1401; x_wconf 83' lang='lat' dir='ltr'><strong>codicum</strong></span> <span class='ocrx_word' id='word_1_153' title='bbox 258 1370 413 1401; x_wconf 85' lang='lat' dir='ltr'><strong>lectiones</strong></span> <span class='ocrx_word' id='word_1_154' title='bbox 448 1376 594 1410; x_wconf 86' lang='lat' dir='ltr'><strong>enotare,</strong></span> <span class='ocrx_word' id='word_1_155' title='bbox 629 1383 761 1413; x_wconf 84' lang='lat' dir='ltr'><strong>quarum</strong></span> <span class='ocrx_word' id='word_1_156' title='bbox 797 1371 949 1414; x_wconf 84' lang='lat' dir='ltr'><strong>plurimas</strong></span> <span class='ocrx_word' id='word_1_157' title='bbox 971 1372 1037 1411; x_wconf 84' lang='lat' dir='ltr'><strong>jam</strong></span> 
     </span>
     <span class='ocr_line' id='line_1_23' title="bbox 80 1433 1038 1477; baseline 0 -13"><span class='ocrx_word' id='word_1_158' title='bbox 80 1439 113 1470; x_wconf 77' lang='lat' dir='ltr'><strong>in</strong></span> <span class='ocrx_word' id='word_1_159' title='bbox 139 1433 246 1465; x_wconf 83' lang='lat' dir='ltr'><strong>Grotii</strong></span> <span class='ocrx_word' id='word_1_160' title='bbox 266 1434 406 1475; x_wconf 82' lang='lat' dir='ltr'><strong>margine</strong></span> <span class='ocrx_word' id='word_1_161' title='bbox 431 1434 547 1465; x_wconf 73' lang='lat' dir='ltr'><strong>inveni.</strong></span> <span class='ocrx_word' id='word_1_162' title='bbox 573 1433 624 1465; x_wconf 69' lang='lat' dir='ltr'><strong>Ac</strong></span> <span class='ocrx_word' id='word_1_163' title='bbox 646 1434 780 1477; x_wconf 84' lang='lat' dir='ltr'><strong>primum</strong></span> <span class='ocrx_word' id='word_1_164' title='bbox 802 1434 834 1465; x_wconf 92' lang='lat' dir='ltr'><strong>in</strong></span> <span class='ocrx_word' id='word_1_165' title='bbox 851 1434 1038 1465; x_wconf 79' lang='lat' dir='ltr'><strong>Monacensi</strong></span> 
     </span>
     <span class='ocr_line' id='line_1_24' title="bbox 81 1496 1038 1539; baseline -0.001 -11"><span class='ocrx_word' id='word_1_166' title='bbox 81 1496 138 1539; x_wconf 87' lang='lat' dir='ltr'><strong>(C)</strong></span> <span class='ocrx_word' id='word_1_167' title='bbox 167 1497 299 1538; x_wconf 84' lang='lat' dir='ltr'><strong>legitur:</strong></span> <span class='ocrx_word' id='word_1_168' title='bbox 325 1496 388 1527; x_wconf 80' lang='lat' dir='ltr'><strong>»At</strong></span> <span class='ocrx_word' id='word_1_169' title='bbox 412 1497 474 1528; x_wconf 90' lang='lat' dir='ltr'><strong>sint</strong></span> <span class='ocrx_word' id='word_1_170' title='bbox 498 1497 522 1528; x_wconf 91' lang='lat' dir='ltr'><strong>I.</strong></span> <span class='ocrx_word' id='word_1_171' title='bbox 543 1497 615 1528; x_wconf 76' lang='lat' dir='ltr'><strong>XII.</strong></span> <span class='ocrx_word' id='word_1_172' title='bbox 641 1496 740 1528; x_wconf 75' lang='lat' dir='ltr'>CXL.</span> <span class='ocrx_word' id='word_1_173' title='bbox 760 1497 940 1529; x_wconf 78' lang='lat' dir='ltr'><strong>MDCCIV</strong></span> <span class='ocrx_word' id='word_1_174' title='bbox 963 1503 1038 1528; x_wconf 89' lang='lat' dir='ltr'><strong>sunt</strong></span> 
     </span>
     <span class='ocr_line' id='line_1_25' title="bbox 78 1560 1035 1603; baseline 0.001 -13"><span class='ocrx_word' id='word_1_175' title='bbox 78 1571 136 1602; x_wconf 86' lang='lat' dir='ltr'><strong>per</strong></span> <span class='ocrx_word' id='word_1_176' title='bbox 163 1571 196 1590; x_wconf 89' lang='lat' dir='ltr'><strong>se</strong></span> <span class='ocrx_word' id='word_1_177' title='bbox 232 1560 436 1602; x_wconf 84' lang='lat' dir='ltr'><strong>incompositi</strong></span> <span class='ocrx_word' id='word_1_178' title='bbox 466 1560 588 1591; x_wconf 89' lang='lat' dir='ltr'><strong>numeri</strong></span> <span class='ocrx_word' id='word_1_179' title='bbox 618 1560 651 1591; x_wconf 93' lang='lat' dir='ltr'><strong>II</strong></span> <span class='ocrx_word' id='word_1_180' title='bbox 678 1566 709 1591; x_wconf 91' lang='lat' dir='ltr'><strong>et</strong></span> <span class='ocrx_word' id='word_1_181' title='bbox 742 1560 807 1599; x_wconf 80' lang='lat'><strong>111,</strong></span> <span class='ocrx_word' id='word_1_182' title='bbox 842 1560 897 1603; x_wconf 91' lang='lat' dir='ltr'><strong>qui</strong></span> <span class='ocrx_word' id='word_1_183' title='bbox 923 1560 962 1591; x_wconf 86' lang='lat' dir='ltr'><strong>ab</strong></span> <span class='ocrx_word' id='word_1_184' title='bbox 986 1560 1035 1591; x_wconf 88' lang='lat' dir='ltr'><strong>his</strong></span> 
     </span>
     <span class='ocr_line' id='line_1_26' title="bbox 79 1622 1034 1666; baseline 0 -13"><span class='ocrx_word' id='word_1_185' title='bbox 79 1622 261 1664; x_wconf 80' lang='lat' dir='ltr'><strong>octingenta</strong></span> <span class='ocrx_word' id='word_1_186' title='bbox 285 1623 312 1653; x_wconf 94' lang='lat' dir='ltr'>L</span> <span class='ocrx_word' id='word_1_187' title='bbox 337 1623 411 1654; x_wconf 85' lang='lat' dir='ltr'><strong>bina</strong></span> <span class='ocrx_word' id='word_1_188' title='bbox 435 1624 617 1656; x_wconf 80' lang='lat' dir='ltr'>MDCClv</span> <span class='ocrx_word' id='word_1_189' title='bbox 641 1630 724 1655; x_wconf 89' lang='lat' dir='ltr'><strong>sunt.</strong></span> <span class='ocrx_word' id='word_1_190' title='bbox 761 1623 907 1666; x_wconf 83' lang='lat' dir='ltr'><strong>Itemque</strong></span> <span class='ocrx_word' id='word_1_191' title='bbox 930 1628 980 1654; x_wconf 83' lang='lat' dir='ltr'><strong>ter</strong></span> <span class='ocrx_word' id='word_1_192' title='bbox 1003 1623 1034 1653; x_wconf 91' lang='lat' dir='ltr'>D</span> 
     </span>
     <span class='ocr_line' id='line_1_27' title="bbox 79 1684 1034 1728; baseline 0 -12"><span class='ocrx_word' id='word_1_193' title='bbox 79 1686 244 1727; x_wconf 81' lang='lat' dir='ltr'><strong>sexaginta</strong></span> <span class='ocrx_word' id='word_1_194' title='bbox 269 1685 381 1717; x_wconf 53' lang='lat' dir='ltr'><strong>VIIIa«</strong></span> <span class='ocrx_word' id='word_1_195' title='bbox 415 1686 453 1716; x_wconf 94' lang='lat' dir='ltr'><strong>In</strong></span> <span class='ocrx_word' id='word_1_196' title='bbox 478 1686 578 1717; x_wconf 82' lang='lat' dir='ltr'><strong>altero</strong></span> <span class='ocrx_word' id='word_1_197' title='bbox 602 1691 706 1717; x_wconf 81' lang='lat' dir='ltr'><strong>autem</strong></span> <span class='ocrx_word' id='word_1_198' title='bbox 725 1685 800 1728; x_wconf 79' lang='lat' dir='ltr'>(A):</span> <span class='ocrx_word' id='word_1_199' title='bbox 829 1684 895 1716; x_wconf 74' lang='lat' dir='ltr'><strong>»At</strong></span> <span class='ocrx_word' id='word_1_200' title='bbox 925 1685 988 1716; x_wconf 88' lang='lat' dir='ltr'><strong>sint</strong></span> <span class='ocrx_word' id='word_1_201' title='bbox 1009 1685 1034 1717; x_wconf 91' lang='lat' dir='ltr'><strong>I.</strong></span> 
     </span>
     <span class='ocr_line' id='line_1_28' title="bbox 79 1748 1034 1792; baseline 0.001 -13"><span class='ocrx_word' id='word_1_202' title='bbox 79 1748 153 1780; x_wconf 84' lang='lat' dir='ltr'><strong>XII.</strong></span> <span class='ocrx_word' id='word_1_203' title='bbox 180 1749 218 1781; x_wconf 89' lang='lat' dir='ltr'><strong>C.</strong></span> <span class='ocrx_word' id='word_1_204' title='bbox 241 1749 309 1780; x_wconf 82' lang='lat' dir='ltr'><strong>LX.</strong></span> <span class='ocrx_word' id='word_1_205' title='bbox 336 1749 369 1780; x_wconf 86' lang='lat' dir='ltr'><strong>II</strong></span> <span class='ocrx_word' id='word_1_206' title='bbox 393 1761 418 1780; x_wconf 85' lang='lat' dir='ltr'><strong>a.</strong></span> <span class='ocrx_word' id='word_1_207' title='bbox 442 1761 468 1780; x_wconf 83' lang='lat' dir='ltr'><strong>a.</strong></span> <span class='ocrx_word' id='word_1_208' title='bbox 492 1750 560 1781; x_wconf 89' lang='lat' dir='ltr'><strong>CC.</strong></span> <span class='ocrx_word' id='word_1_209' title='bbox 581 1750 649 1780; x_wconf 91' lang='lat' dir='ltr'><strong>IIII</strong></span> <span class='ocrx_word' id='word_1_210' title='bbox 675 1754 750 1780; x_wconf 86' lang='lat' dir='ltr'><strong>sunt</strong></span> <span class='ocrx_word' id='word_1_211' title='bbox 774 1761 832 1792; x_wconf 90' lang='lat' dir='ltr'><strong>per</strong></span> <span class='ocrx_word' id='word_1_212' title='bbox 853 1761 887 1780; x_wconf 88' lang='lat' dir='ltr'><strong>se</strong></span> <span class='ocrx_word' id='word_1_213' title='bbox 916 1749 1034 1780; x_wconf 89' lang='lat' dir='ltr'><strong>incom-</strong></span> 
     </span>
    </p>
   </div>
   <div class='ocr_carea' id='block_1_20' title="bbox 78 1809 1037 2481">
    <p class='ocr_par' dir='ltr' id='par_1_20' title="bbox 78 1809 1037 2481">
     <span class='ocr_line' id='line_1_29' title="bbox 79 1809 1035 1854; baseline 0.001 -14"><span class='ocrx_word' id='word_1_214' title='bbox 79 1809 176 1853; x_wconf 84' lang='lat' dir='ltr'><strong>positi</strong></span> <span class='ocrx_word' id='word_1_215' title='bbox 199 1810 322 1841; x_wconf 84' lang='lat' dir='ltr'><strong>numeri</strong></span> <span class='ocrx_word' id='word_1_216' title='bbox 340 1810 388 1849; x_wconf 90' lang='grc' dir='ltr'><strong>Π,</strong></span> <span class='ocrx_word' id='word_1_217' title='bbox 415 1810 489 1853; x_wconf 85' lang='lat' dir='ltr'><strong>quia</strong></span> <span class='ocrx_word' id='word_1_218' title='bbox 508 1810 559 1841; x_wconf 82' lang='lat' dir='ltr'><strong>bis</strong></span> <span class='ocrx_word' id='word_1_219' title='bbox 577 1811 701 1843; x_wconf 89' lang='lat' dir='ltr'>DCCC</span> <span class='ocrx_word' id='word_1_220' title='bbox 719 1810 944 1854; x_wconf 83' lang='lat' dir='ltr'><strong>quinquagena</strong></span> <span class='ocrx_word' id='word_1_221' title='bbox 961 1811 1035 1842; x_wconf 82' lang='lat' dir='ltr'><strong>bina</strong></span> 
     </span>
     <span class='ocr_line' id='line_1_30' title="bbox 79 1870 1034 1914; baseline 0.001 -13"><span class='ocrx_word' id='word_1_222' title='bbox 79 1870 123 1902; x_wconf 83' lang='lat' dir='ltr'><strong>M.</strong></span> <span class='ocrx_word' id='word_1_223' title='bbox 155 1870 258 1901; x_wconf 84' lang='lat' dir='ltr'>DCC.</span> <span class='ocrx_word' id='word_1_224' title='bbox 284 1871 334 1902; x_wconf 84' lang='lat' dir='ltr'><strong>IV</strong></span> <span class='ocrx_word' id='word_1_225' title='bbox 363 1876 446 1901; x_wconf 87' lang='lat' dir='ltr'><strong>sunt.</strong></span> <span class='ocrx_word' id='word_1_226' title='bbox 484 1871 630 1914; x_wconf 84' lang='lat' dir='ltr'><strong>Itemque</strong></span> <span class='ocrx_word' id='word_1_227' title='bbox 662 1876 712 1902; x_wconf 82' lang='lat' dir='ltr'><strong>ter</strong></span> <span class='ocrx_word' id='word_1_228' title='bbox 742 1872 916 1914; x_wconf 68' lang='lat' dir='ltr'><strong>quingenta</strong></span> <span class='ocrx_word' id='word_1_229' title='bbox 945 1882 1034 1902; x_wconf 85' lang='lat' dir='ltr'><strong>sexa-</strong></span> 
     </span>
     <span class='ocr_line' id='line_1_31' title="bbox 79 1932 1035 1975; baseline 0 -11"><span class='ocrx_word' id='word_1_230' title='bbox 79 1945 161 1975; x_wconf 84' lang='lat' dir='ltr'><strong>gena</strong></span> <span class='ocrx_word' id='word_1_231' title='bbox 184 1938 368 1973; x_wconf 83' lang='lat' dir='ltr'><strong>oetogeua.«</strong></span> <span class='ocrx_word' id='word_1_232' title='bbox 403 1934 506 1964; x_wconf 89' lang='lat' dir='ltr'><strong>Porro</strong></span> <span class='ocrx_word' id='word_1_233' title='bbox 528 1933 560 1963; x_wconf 90' lang='lat' dir='ltr'><strong>in</strong></span> <span class='ocrx_word' id='word_1_234' title='bbox 584 1933 857 1964; x_wconf 76' lang='lat' dir='ltr'><strong>Reielnenauensi:</strong></span> <span class='ocrx_word' id='word_1_235' title='bbox 883 1932 948 1964; x_wconf 80' lang='lat' dir='ltr'><strong>»At</strong></span> <span class='ocrx_word' id='word_1_236' title='bbox 972 1934 1035 1964; x_wconf 87' lang='lat' dir='ltr'><strong>sint</strong></span> 
     </span>
     <span class='ocr_line' id='line_1_32' title="bbox 79 1995 1036 2040; baseline 0 -12"><span class='ocrx_word' id='word_1_237' title='bbox 79 1996 104 2028; x_wconf 94' lang='grc' dir='ltr'><strong>Ῑ.</strong></span> <span class='ocrx_word' id='word_1_238' title='bbox 127 1996 201 2027; x_wconf 78' lang='lat' dir='ltr'><strong>XII.</strong></span> <span class='ocrx_word' id='word_1_239' title='bbox 224 1996 358 2028; x_wconf 76' lang='lat' dir='ltr'><strong>CXLII.</strong></span> <span class='ocrx_word' id='word_1_240' title='bbox 389 2008 406 2026; x_wconf 88' lang='lat' dir='ltr'><strong>a</strong></span> <span class='ocrx_word' id='word_1_241' title='bbox 435 1995 545 2028; x_wconf 84' lang='lat' dir='ltr'><strong>CCIV</strong></span> <span class='ocrx_word' id='word_1_242' title='bbox 577 2001 651 2027; x_wconf 83' lang='lat' dir='ltr'><strong>sunt</strong></span> <span class='ocrx_word' id='word_1_243' title='bbox 685 2008 743 2039; x_wconf 88' lang='lat' dir='ltr'><strong>per</strong></span> <span class='ocrx_word' id='word_1_244' title='bbox 769 2008 803 2027; x_wconf 90' lang='lat' dir='ltr'><strong>se</strong></span> <span class='ocrx_word' id='word_1_245' title='bbox 831 1996 1036 2040; x_wconf 84' lang='lat' dir='ltr'><strong>incompositi</strong></span> 
     </span>
     <span class='ocr_line' id='line_1_33' title="bbox 78 2059 1035 2104; baseline 0 -13"><span class='ocrx_word' id='word_1_246' title='bbox 78 2060 202 2091; x_wconf 87' lang='lat' dir='ltr'><strong>numeri</strong></span> <span class='ocrx_word' id='word_1_247' title='bbox 220 2059 262 2090; x_wconf 89' lang='lat'><strong>11.</strong></span> <span class='ocrx_word' id='word_1_248' title='bbox 281 2059 345 2098; x_wconf 58' lang='lat'>1113</span> <span class='ocrx_word' id='word_1_249' title='bbox 372 2059 446 2102; x_wconf 84' lang='lat' dir='ltr'><strong>quia</strong></span> <span class='ocrx_word' id='word_1_250' title='bbox 470 2059 508 2089; x_wconf 83' lang='lat' dir='ltr'><strong>ab</strong></span> <span class='ocrx_word' id='word_1_251' title='bbox 533 2059 582 2089; x_wconf 84' lang='lat' dir='ltr'><strong>his</strong></span> <span class='ocrx_word' id='word_1_252' title='bbox 608 2059 789 2101; x_wconf 83' lang='lat' dir='ltr'><strong>octingenta</strong></span> <span class='ocrx_word' id='word_1_253' title='bbox 811 2059 1035 2104; x_wconf 82' lang='lat' dir='ltr'><strong>quinquagena</strong></span> 
     </span>
     <span class='ocr_line' id='line_1_34' title="bbox 79 2120 1034 2165; baseline 0.001 -13"><span class='ocrx_word' id='word_1_254' title='bbox 79 2120 153 2152; x_wconf 81' lang='lat' dir='ltr'><strong>bina</strong></span> <span class='ocrx_word' id='word_1_255' title='bbox 169 2121 202 2152; x_wconf 91' lang='lat' dir='ltr'><strong>in</strong></span> <span class='ocrx_word' id='word_1_256' title='bbox 219 2120 417 2153; x_wconf 82' lang='lat' dir='ltr'>MDCClffl</span> <span class='ocrx_word' id='word_1_257' title='bbox 435 2125 518 2151; x_wconf 83' lang='lat' dir='ltr'><strong>sunt.</strong></span> <span class='ocrx_word' id='word_1_258' title='bbox 543 2120 687 2164; x_wconf 86' lang='lat' dir='ltr'><strong>Itemque</strong></span> <span class='ocrx_word' id='word_1_259' title='bbox 702 2126 751 2152; x_wconf 88' lang='lat' dir='ltr'><strong>ter</strong></span> <span class='ocrx_word' id='word_1_260' title='bbox 769 2122 941 2165; x_wconf 84' lang='lat' dir='ltr'><strong>quingenta</strong></span> <span class='ocrx_word' id='word_1_261' title='bbox 963 2133 1034 2165; x_wconf 87' lang='lat' dir='ltr'><strong>sep-</strong></span> 
     </span>
     <span class='ocr_line' id='line_1_35' title="bbox 80 2183 1035 2228; baseline 0.002 -14"><span class='ocrx_word' id='word_1_262' title='bbox 80 2189 217 2224; x_wconf 81' lang='lat' dir='ltr'><strong>tuagena</strong></span> <span class='ocrx_word' id='word_1_263' title='bbox 248 2185 354 2215; x_wconf 86' lang='lat' dir='ltr'><strong>utile.«</strong></span> <span class='ocrx_word' id='word_1_264' title='bbox 400 2183 588 2214; x_wconf 85' lang='lat' dir='ltr'><strong>Absurdum</strong></span> <span class='ocrx_word' id='word_1_265' title='bbox 624 2184 710 2215; x_wconf 92' lang='lat' dir='ltr'><strong>istud</strong></span> <span class='ocrx_word' id='word_1_266' title='bbox 749 2186 847 2224; x_wconf 76' lang='lat' dir='ltr'><strong>utile,</strong></span> <span class='ocrx_word' id='word_1_267' title='bbox 887 2185 974 2228; x_wconf 88' lang='lat' dir='ltr'><strong>quod</strong></span> <span class='ocrx_word' id='word_1_268' title='bbox 1004 2190 1035 2216; x_wconf 89' lang='lat' dir='ltr'><strong>ct</strong></span> 
     </span>
     <span class='ocr_line' id='line_1_36' title="bbox 83 2245 1036 2291; baseline 0.003 -15"><span class='ocrx_word' id='word_1_269' title='bbox 83 2245 216 2277; x_wconf 89' lang='lat' dir='ltr'><strong>Grotius</strong></span> <span class='ocrx_word' id='word_1_270' title='bbox 246 2247 360 2287; x_wconf 85' lang='lat' dir='ltr'><strong>edidit,</strong></span> <span class='ocrx_word' id='word_1_271' title='bbox 388 2259 446 2290; x_wconf 89' lang='lat' dir='ltr'><strong>pro</strong></span> <span class='ocrx_word' id='word_1_272' title='bbox 472 2259 510 2278; x_wconf 91' lang='lat' dir='ltr'><strong>eo</strong></span> <span class='ocrx_word' id='word_1_273' title='bbox 539 2248 625 2290; x_wconf 90' lang='lat' dir='ltr'><strong>quod</strong></span> <span class='ocrx_word' id='word_1_274' title='bbox 643 2248 857 2279; x_wconf 69' lang='lat' dir='ltr'><strong>verisimiliter</strong></span> <span class='ocrx_word' id='word_1_275' title='bbox 884 2248 1036 2291; x_wconf 88' lang='lat' dir='ltr'><strong>scriptum</strong></span> 
     </span>
     <span class='ocr_line' id='line_1_37' title="bbox 84 2309 1036 2355; baseline 0.002 -15"><span class='ocrx_word' id='word_1_276' title='bbox 84 2314 152 2341; x_wconf 83' lang='lat' dir='ltr'><strong>erat</strong></span> <span class='ocrx_word' id='word_1_277' title='bbox 171 2320 239 2340; x_wconf 74' lang='lat' dir='ltr'><strong>sex.</strong></span> <span class='ocrx_word' id='word_1_278' title='bbox 276 2309 315 2341; x_wconf 89' lang='lat' dir='ltr'><strong>In</strong></span> <span class='ocrx_word' id='word_1_279' title='bbox 340 2310 589 2342; x_wconf 80' lang='lat' dir='ltr'><strong>Darmstattensi</strong></span> <span class='ocrx_word' id='word_1_280' title='bbox 616 2311 753 2355; x_wconf 88' lang='lat' dir='ltr'><strong>denique</strong></span> <span class='ocrx_word' id='word_1_281' title='bbox 779 2312 863 2343; x_wconf 88' lang='lat' dir='ltr'><strong>idem</strong></span> <span class='ocrx_word' id='word_1_282' title='bbox 883 2312 974 2344; x_wconf 79' lang='lat' dir='ltr'><strong>loeus</strong></span> <span class='ocrx_word' id='word_1_283' title='bbox 991 2311 1036 2343; x_wconf 86' lang='lat' dir='ltr'><strong>sie</strong></span> 
     </span>
     <span class='ocr_line' id='line_1_38' title="bbox 84 2371 1037 2419; baseline 0.001 -15"><span class='ocrx_word' id='word_1_284' title='bbox 84 2384 118 2404; x_wconf 88' lang='lat' dir='ltr'><strong>se</strong></span> <span class='ocrx_word' id='word_1_285' title='bbox 136 2372 245 2404; x_wconf 83' lang='lat' dir='ltr'><strong>habet:</strong></span> <span class='ocrx_word' id='word_1_286' title='bbox 278 2371 341 2403; x_wconf 72' lang='lat' dir='ltr'><strong>»At</strong></span> <span class='ocrx_word' id='word_1_287' title='bbox 373 2373 436 2404; x_wconf 89' lang='lat' dir='ltr'><strong>sint</strong></span> <span class='ocrx_word' id='word_1_288' title='bbox 457 2374 482 2404; x_wconf 94' lang='lat'><strong>1.</strong></span> <span class='ocrx_word' id='word_1_289' title='bbox 507 2375 580 2406; x_wconf 75' lang='lat' dir='ltr'>XII.</span> <span class='ocrx_word' id='word_1_290' title='bbox 602 2375 640 2407; x_wconf 89' lang='lat' dir='ltr'><strong>C.</strong></span> <span class='ocrx_word' id='word_1_291' title='bbox 656 2375 760 2406; x_wconf 78' lang='lat' dir='ltr'><strong>XLII.</strong></span> <span class='ocrx_word' id='word_1_292' title='bbox 775 2375 819 2407; x_wconf 84' lang='lat' dir='ltr'><strong>M.</strong></span> <span class='ocrx_word' id='word_1_293' title='bbox 843 2374 1037 2419; x_wconf 84' lang='lat' dir='ltr'><strong>septingenti</strong></span> 
     </span>
     <span class='ocr_line' id='line_1_39' title="bbox 84 2435 1037 2481; baseline 0.001 -14"><span class='ocrx_word' id='word_1_294' title='bbox 84 2435 151 2467; x_wconf 89' lang='lat' dir='ltr'><strong>IIII</strong></span> <span class='ocrx_word' id='word_1_295' title='bbox 168 2447 225 2479; x_wconf 83' lang='lat' dir='ltr'><strong>per</strong></span> <span class='ocrx_word' id='word_1_296' title='bbox 248 2447 282 2466; x_wconf 86' lang='lat' dir='ltr'><strong>se</strong></span> <span class='ocrx_word' id='word_1_297' title='bbox 317 2435 519 2478; x_wconf 85' lang='lat' dir='ltr'><strong>incompositi</strong></span> <span class='ocrx_word' id='word_1_298' title='bbox 542 2438 665 2470; x_wconf 87' lang='lat' dir='ltr'><strong>numeri</strong></span> <span class='ocrx_word' id='word_1_299' title='bbox 695 2437 728 2470; x_wconf 91' lang='lat' dir='ltr'><strong>II</strong></span> <span class='ocrx_word' id='word_1_300' title='bbox 757 2444 789 2470; x_wconf 93' lang='lat' dir='ltr'><strong>et</strong></span> <span class='ocrx_word' id='word_1_301' title='bbox 820 2438 886 2478; x_wconf 65' lang='lat'><strong>111,</strong></span> <span class='ocrx_word' id='word_1_302' title='bbox 915 2438 970 2481; x_wconf 90' lang='lat' dir='ltr'><strong>qui</strong></span> <span class='ocrx_word' id='word_1_303' title='bbox 998 2437 1037 2469; x_wconf 85' lang='lat' dir='ltr'><strong>ab</strong></span> 
     </span>
    </p>
   </div>
   <div class='ocr_carea' id='block_1_21' title="bbox 85 2498 1037 2542">
    <p class='ocr_par' dir='ltr' id='par_1_21' title="bbox 85 2498 1037 2542">
     <span class='ocr_line' id='line_1_40' title="bbox 85 2498 1037 2542; baseline 0.003 -13"><span class='ocrx_word' id='word_1_304' title='bbox 85 2499 135 2530; x_wconf 76' lang='lat' dir='ltr'><strong>liis</strong></span> <span class='ocrx_word' id='word_1_305' title='bbox 154 2499 335 2539; x_wconf 84' lang='lat' dir='ltr'><strong>octingenta</strong></span> <span class='ocrx_word' id='word_1_306' title='bbox 356 2498 578 2541; x_wconf 84' lang='lat' dir='ltr'><strong>quinquagena</strong></span> <span class='ocrx_word' id='word_1_307' title='bbox 600 2500 674 2533; x_wconf 86' lang='lat' dir='ltr'><strong>bina</strong></span> <span class='ocrx_word' id='word_1_308' title='bbox 693 2502 737 2534; x_wconf 83' lang='grc' dir='ltr'><strong>Μ.</strong></span> <span class='ocrx_word' id='word_1_309' title='bbox 762 2501 924 2535; x_wconf 86' lang='lat' dir='ltr'>DCCIIII</span> <span class='ocrx_word' id='word_1_310' title='bbox 946 2507 1037 2542; x_wconf 66' lang='lat' dir='ltr'><strong>sunt,</strong></span> 
     </span>
    </p>
   </div>
   <div class='ocr_carea' id='block_1_22' title="bbox 86 2559 1038 2604">
    <p class='ocr_par' dir='ltr' id='par_1_22' title="bbox 86 2559 1038 2604">
     <span class='ocr_line' id='line_1_41' title="bbox 86 2559 1038 2604; baseline 0.003 -14"><span class='ocrx_word' id='word_1_311' title='bbox 86 2560 226 2604; x_wconf 83' lang='lat' dir='ltr'><strong>itemque</strong></span> <span class='ocrx_word' id='word_1_312' title='bbox 251 2565 300 2590; x_wconf 88' lang='lat' dir='ltr'><strong>ter</strong></span> <span class='ocrx_word' id='word_1_313' title='bbox 330 2559 502 2604; x_wconf 82' lang='lat' dir='ltr'><strong>quingenta</strong></span> <span class='ocrx_word' id='word_1_314' title='bbox 529 2572 686 2603; x_wconf 76' lang='lat' dir='ltr'><strong>sexagena</strong></span> <span class='ocrx_word' id='word_1_315' title='bbox 710 2568 854 2595; x_wconf 54' lang='lat' dir='ltr'><strong>octona«</strong></span> <span class='ocrx_word' id='word_1_316' title='bbox 892 2563 982 2597; x_wconf 77' lang='lat' dir='ltr'><strong>Mille</strong></span> <span class='ocrx_word' id='word_1_317' title='bbox 1005 2562 1038 2594; x_wconf 93' lang='lat' dir='ltr'><strong>in</strong></span> 
     </span>
    </p>
   </div>
   <div class='ocr_carea' id='block_1_23' title="bbox 1085 1237 2040 2533">
    <p class='ocr_par' dir='ltr' id='par_1_23' title="bbox 1085 1237 2040 2215">
     <span class='ocr_line' id='line_1_42' title="bbox 1087 1237 2039 1293; baseline -0.001 -14"><span class='ocrx_word' id='word_1_318' title='bbox 1087 1249 1149 1279; x_wconf 82' lang='lat' dir='ltr'><strong>lioe</strong></span> <span class='ocrx_word' id='word_1_319' title='bbox 1173 1247 1283 1280; x_wconf 86' lang='lat' dir='ltr'><strong>codiee</strong></span> <span class='ocrx_word' id='word_1_320' title='bbox 1314 1260 1439 1293; x_wconf 83' lang='lat' dir='ltr'><strong>semper</strong></span> <span class='ocrx_word' id='word_1_321' title='bbox 1462 1249 1613 1292; x_wconf 83' lang='lat' dir='ltr'><strong>seriptum</strong></span> <span class='ocrx_word' id='word_1_322' title='bbox 1649 1252 1699 1279; x_wconf 88' lang='lat' dir='ltr'><strong>est</strong></span> <span class='ocrx_word' id='word_1_323' title='bbox 1726 1249 1786 1280; x_wconf 85' lang='lat' dir='ltr'><strong>hae</strong></span> <span class='ocrx_word' id='word_1_324' title='bbox 1812 1253 1888 1279; x_wconf 88' lang='lat' dir='ltr'><strong>nota</strong></span> <span class='ocrx_word' id='word_1_325' title='bbox 1911 1237 1946 1287; x_wconf 76' lang='lat' dir='ltr'><strong>I,</strong></span> <span class='ocrx_word' id='word_1_326' title='bbox 1976 1259 2039 1291; x_wconf 87' lang='lat' dir='ltr'><strong>qua</strong></span> 
     </span>
     <span class='ocr_line' id='line_1_43' title="bbox 1087 1310 2039 1356; baseline -0.001 -14"><span class='ocrx_word' id='word_1_327' title='bbox 1087 1311 1247 1343; x_wconf 87' lang='lat' dir='ltr'><strong>interdum</strong></span> <span class='ocrx_word' id='word_1_328' title='bbox 1270 1318 1301 1343; x_wconf 88' lang='lat' dir='ltr'><strong>ct</strong></span> <span class='ocrx_word' id='word_1_329' title='bbox 1320 1315 1355 1343; x_wconf 81' lang='lat' dir='ltr'><strong>in</strong></span> <span class='ocrx_word' id='word_1_330' title='bbox 1379 1313 1581 1354; x_wconf 71' lang='lat' dir='ltr'><strong>significatur.</strong></span> <span class='ocrx_word' id='word_1_331' title='bbox 1610 1312 1716 1356; x_wconf 84' lang='lat' dir='ltr'><strong>Saepe</strong></span> <span class='ocrx_word' id='word_1_332' title='bbox 1739 1312 1832 1343; x_wconf 87' lang='lat' dir='ltr'><strong>etiam</strong></span> <span class='ocrx_word' id='word_1_333' title='bbox 1850 1312 1871 1353; x_wconf 86' lang='lat' dir='ltr'><strong>ij</strong></span> <span class='ocrx_word' id='word_1_334' title='bbox 1896 1310 1986 1354; x_wconf 89' lang='lat' dir='ltr'><strong>(duo)</strong></span> <span class='ocrx_word' id='word_1_335' title='bbox 2007 1316 2039 1341; x_wconf 84' lang='lat' dir='ltr'><strong>ct</strong></span> 
     </span>
     <span class='ocr_line' id='line_1_44' title="bbox 1088 1372 2039 1416; baseline 0 -14"><span class='ocrx_word' id='word_1_336' title='bbox 1088 1374 1112 1403; x_wconf 80' lang='lat' dir='ltr'><strong>ii</strong></span> <span class='ocrx_word' id='word_1_337' title='bbox 1141 1373 1245 1415; x_wconf 86' lang='lat' dir='ltr'><strong>(litera</strong></span> <span class='ocrx_word' id='word_1_338' title='bbox 1263 1373 1280 1404; x_wconf 92' lang='lat' dir='ltr'><strong>I</strong></span> <span class='ocrx_word' id='word_1_339' title='bbox 1303 1374 1440 1415; x_wconf 82' lang='lat' dir='ltr'><strong>gemina)</strong></span> <span class='ocrx_word' id='word_1_340' title='bbox 1468 1374 1713 1405; x_wconf 82' lang='lat' dir='ltr'><strong>confunduntur.</strong></span> <span class='ocrx_word' id='word_1_341' title='bbox 1747 1374 1872 1406; x_wconf 88' lang='lat' dir='ltr'><strong>Sensus</strong></span> <span class='ocrx_word' id='word_1_342' title='bbox 1900 1372 2039 1416; x_wconf 81' lang='lat' dir='ltr'><strong>denique</strong></span> 
     </span>
     <span class='ocr_line' id='line_1_45' title="bbox 1088 1435 2039 1476; baseline 0 -11"><span class='ocrx_word' id='word_1_343' title='bbox 1088 1435 1184 1476; x_wconf 80' lang='lat' dir='ltr'><strong>liujus</strong></span> <span class='ocrx_word' id='word_1_344' title='bbox 1206 1436 1269 1466; x_wconf 90' lang='lat' dir='ltr'><strong>loci</strong></span> <span class='ocrx_word' id='word_1_345' title='bbox 1294 1448 1365 1466; x_wconf 88' lang='lat' dir='ltr'><strong>esse</strong></span> <span class='ocrx_word' id='word_1_346' title='bbox 1387 1437 1528 1467; x_wconf 62' lang='lat' dir='ltr'><strong>ridetur:</strong></span> <span class='ocrx_word' id='word_1_347' title='bbox 1558 1437 1682 1467; x_wconf 82' lang='lat' dir='ltr'><strong>»onmia</strong></span> <span class='ocrx_word' id='word_1_348' title='bbox 1704 1437 1843 1466; x_wconf 83' lang='lat' dir='ltr'><strong>membra</strong></span> <span class='ocrx_word' id='word_1_349' title='bbox 1870 1435 1962 1466; x_wconf 84' lang='lat' dir='ltr'><strong>seriei</strong></span> <span class='ocrx_word' id='word_1_350' title='bbox 1987 1447 2039 1475; x_wconf 87' lang='lat' dir='ltr'><strong>ge-</strong></span> 
     </span>
     <span class='ocr_line' id='line_1_46' title="bbox 1089 1496 2040 1540; baseline -0.001 -13"><span class='ocrx_word' id='word_1_351' title='bbox 1089 1497 1257 1528; x_wconf 82' lang='lat' dir='ltr'><strong>ometrieae</strong></span> <span class='ocrx_word' id='word_1_352' title='bbox 1287 1496 1384 1528; x_wconf 68' lang='lat' dir='ltr'><strong>dividi</strong></span> <span class='ocrx_word' id='word_1_353' title='bbox 1416 1502 1551 1540; x_wconf 88' lang='lat' dir='ltr'><strong>possunt</strong></span> <span class='ocrx_word' id='word_1_354' title='bbox 1584 1509 1641 1539; x_wconf 89' lang='lat' dir='ltr'><strong>per</strong></span> <span class='ocrx_word' id='word_1_355' title='bbox 1667 1496 1802 1527; x_wconf 86' lang='lat' dir='ltr'><strong>eundem</strong></span> <span class='ocrx_word' id='word_1_356' title='bbox 1835 1507 2040 1536; x_wconf 66' lang='lat' dir='ltr'><strong>numerum«,</strong></span> 
     </span>
     <span class='ocr_line' id='line_1_47' title="bbox 1086 1559 2036 1592; baseline -0.002 0"><span class='ocrx_word' id='word_1_357' title='bbox 1086 1560 1119 1592; x_wconf 86' lang='lat' dir='ltr'><strong>id</strong></span> <span class='ocrx_word' id='word_1_358' title='bbox 1142 1566 1191 1592; x_wconf 85' lang='lat' dir='ltr'><strong>est</strong></span> <span class='ocrx_word' id='word_1_359' title='bbox 1217 1560 1340 1592; x_wconf 84' lang='lat' dir='ltr'><strong>»onmia</strong></span> <span class='ocrx_word' id='word_1_360' title='bbox 1368 1560 1421 1591; x_wconf 83' lang='lat' dir='ltr'><strong>illa</strong></span> <span class='ocrx_word' id='word_1_361' title='bbox 1449 1561 1588 1591; x_wconf 83' lang='lat' dir='ltr'><strong>membra</strong></span> <span class='ocrx_word' id='word_1_362' title='bbox 1616 1560 1728 1591; x_wconf 85' lang='lat' dir='ltr'><strong>iisdem</strong></span> <span class='ocrx_word' id='word_1_363' title='bbox 1758 1565 1891 1590; x_wconf 88' lang='lat' dir='ltr'><strong>utuntur</strong></span> <span class='ocrx_word' id='word_1_364' title='bbox 1911 1559 2036 1591; x_wconf 79' lang='lat' dir='ltr'><strong>factori-</strong></span> 
     </span>
     <span class='ocr_line' id='line_1_48' title="bbox 1087 1621 2029 1666; baseline -0.002 -13"><span class='ocrx_word' id='word_1_365' title='bbox 1087 1623 1163 1662; x_wconf 84' lang='lat' dir='ltr'><strong>bus,</strong></span> <span class='ocrx_word' id='word_1_366' title='bbox 1187 1623 1303 1666; x_wconf 79' lang='lat' dir='ltr'><strong>quibus</strong></span> <span class='ocrx_word' id='word_1_367' title='bbox 1335 1622 1368 1652; x_wconf 92' lang='lat' dir='ltr'><strong>id</strong></span> <span class='ocrx_word' id='word_1_368' title='bbox 1400 1622 1487 1664; x_wconf 90' lang='lat' dir='ltr'><strong>quod</strong></span> <span class='ocrx_word' id='word_1_369' title='bbox 1519 1621 1699 1664; x_wconf 80' lang='lat' dir='ltr'><strong>proximum</strong></span> <span class='ocrx_word' id='word_1_370' title='bbox 1733 1627 1782 1652; x_wconf 86' lang='lat' dir='ltr'><strong>est</strong></span> <span class='ocrx_word' id='word_1_371' title='bbox 1817 1633 1834 1652; x_wconf 85' lang='lat' dir='ltr'><strong>a</strong></span> <span class='ocrx_word' id='word_1_372' title='bbox 1864 1621 2029 1654; x_wconf 75' lang='lat' dir='ltr'><strong>mona‹le.«</strong></span> 
     </span>
     <span class='ocr_line' id='line_1_49' title="bbox 1087 1681 2037 1730; baseline -0.003 -15"><span class='ocrx_word' id='word_1_373' title='bbox 1087 1683 1261 1727; x_wconf 84' lang='lat' dir='ltr'><strong>Scripserit</strong></span> <span class='ocrx_word' id='word_1_374' title='bbox 1292 1683 1388 1724; x_wconf 82' lang='lat' dir='ltr'><strong>igitur</strong></span> <span class='ocrx_word' id='word_1_375' title='bbox 1426 1682 1569 1713; x_wconf 79' lang='lat' dir='ltr'><strong>fortassis</strong></span> <span class='ocrx_word' id='word_1_376' title='bbox 1606 1688 1732 1713; x_wconf 83' lang='lat' dir='ltr'><strong>noster:</strong></span> <span class='ocrx_word' id='word_1_377' title='bbox 1767 1681 1857 1713; x_wconf 80' lang='lat' dir='ltr'><strong>»Sint</strong></span> <span class='ocrx_word' id='word_1_378' title='bbox 1885 1682 1917 1722; x_wconf 89' lang='grc' dir='ltr'><strong>Ῑ,</strong></span> <span class='ocrx_word' id='word_1_379' title='bbox 1956 1682 2037 1730; x_wconf 42' lang='lat' dir='ltr'><strong>XII,</strong></span> 
     </span>
     <span class='ocr_line' id='line_1_50' title="bbox 1087 1743 2040 1789; baseline -0.004 -10"><span class='ocrx_word' id='word_1_380' title='bbox 1087 1747 1243 1786; x_wconf 80' lang='lat' dir='ltr'><strong>CXLIV,</strong></span> <span class='ocrx_word' id='word_1_381' title='bbox 1278 1745 1571 1778; x_wconf 74' lang='lat' dir='ltr'><strong>MDCCXXVIII:</strong></span> <span class='ocrx_word' id='word_1_382' title='bbox 1595 1751 1668 1776; x_wconf 90' lang='lat' dir='ltr'><strong>sunt</strong></span> <span class='ocrx_word' id='word_1_383' title='bbox 1691 1757 1748 1789; x_wconf 90' lang='lat' dir='ltr'><strong>per</strong></span> <span class='ocrx_word' id='word_1_384' title='bbox 1777 1757 1811 1776; x_wconf 87' lang='lat' dir='ltr'><strong>se</strong></span> <span class='ocrx_word' id='word_1_385' title='bbox 1837 1743 2040 1788; x_wconf 82' lang='lat' dir='ltr'><strong>incompositi</strong></span> 
     </span>
     <span class='ocr_line' id='line_1_51' title="bbox 1085 1808 2038 1853; baseline -0.002 -10"><span class='ocrx_word' id='word_1_386' title='bbox 1085 1811 1209 1844; x_wconf 87' lang='lat' dir='ltr'><strong>numeri</strong></span> <span class='ocrx_word' id='word_1_387' title='bbox 1231 1809 1279 1849; x_wconf 87' lang='lat' dir='ltr'><strong>II,</strong></span> <span class='ocrx_word' id='word_1_388' title='bbox 1307 1809 1373 1849; x_wconf 82' lang='lat'><strong>111,</strong></span> <span class='ocrx_word' id='word_1_389' title='bbox 1401 1809 1475 1853; x_wconf 88' lang='lat' dir='ltr'><strong>quia</strong></span> <span class='ocrx_word' id='word_1_390' title='bbox 1500 1809 1550 1840; x_wconf 85' lang='lat' dir='ltr'><strong>bis</strong></span> <span class='ocrx_word' id='word_1_391' title='bbox 1572 1809 1810 1841; x_wconf 73' lang='lat' dir='ltr'>DCCCLXIV</span> <span class='ocrx_word' id='word_1_392' title='bbox 1841 1809 1873 1840; x_wconf 94' lang='lat' dir='ltr'><strong>in</strong></span> <span class='ocrx_word' id='word_1_393' title='bbox 1894 1808 2038 1841; x_wconf 74' lang='lat' dir='ltr'>MDCC·</span> 
     </span>
     <span class='ocr_line' id='line_1_52' title="bbox 1085 1868 2040 1914; baseline -0.004 -10"><span class='ocrx_word' id='word_1_394' title='bbox 1085 1872 1248 1911; x_wconf 66' lang='lat' dir='ltr'><strong>XXVIII,</strong></span> <span class='ocrx_word' id='word_1_395' title='bbox 1284 1871 1424 1914; x_wconf 85' lang='lat' dir='ltr'><strong>itemque</strong></span> <span class='ocrx_word' id='word_1_396' title='bbox 1460 1876 1509 1901; x_wconf 85' lang='lat' dir='ltr'><strong>ter</strong></span> <span class='ocrx_word' id='word_1_397' title='bbox 1539 1870 1725 1903; x_wconf 64' lang='lat' dir='ltr'><strong>DLXXVI.</strong></span> <span class='ocrx_word' id='word_1_398' title='bbox 1757 1869 1860 1913; x_wconf 83' lang='lat' dir='ltr'><strong>Atqui</strong></span> <span class='ocrx_word' id='word_1_399' title='bbox 1885 1869 1981 1900; x_wconf 85' lang='lat' dir='ltr'><strong>iidem</strong></span> <span class='ocrx_word' id='word_1_400' title='bbox 2004 1868 2040 1901; x_wconf 89' lang='lat' dir='ltr'><strong>II</strong></span> 
     </span>
     <span class='ocr_line' id='line_1_53' title="bbox 1086 1933 2036 1977; baseline -0.004 -10"><span class='ocrx_word' id='word_1_401' title='bbox 1086 1942 1117 1968; x_wconf 87' lang='lat' dir='ltr'><strong>et</strong></span> <span class='ocrx_word' id='word_1_402' title='bbox 1142 1936 1192 1966; x_wconf 88' lang='lat' dir='ltr'><strong>III</strong></span> <span class='ocrx_word' id='word_1_403' title='bbox 1213 1934 1386 1965; x_wconf 84' lang='lat' dir='ltr'><strong>metiuntur</strong></span> <span class='ocrx_word' id='word_1_404' title='bbox 1411 1946 1540 1977; x_wconf 85' lang='lat' dir='ltr'><strong>quoquc</strong></span> <span class='ocrx_word' id='word_1_405' title='bbox 1563 1934 1643 1973; x_wconf 81' lang='lat' dir='ltr'><strong>XII,</strong></span> <span class='ocrx_word' id='word_1_406' title='bbox 1671 1933 1726 1976; x_wconf 87' lang='lat' dir='ltr'><strong>qui</strong></span> <span class='ocrx_word' id='word_1_407' title='bbox 1752 1934 1790 1964; x_wconf 80' lang='lat' dir='ltr'><strong>ab</strong></span> <span class='ocrx_word' id='word_1_408' title='bbox 1818 1933 1835 1964; x_wconf 93' lang='lat' dir='ltr'><strong>I</strong></span> <span class='ocrx_word' id='word_1_409' title='bbox 1865 1939 1940 1964; x_wconf 83' lang='lat' dir='ltr'><strong>sunt</strong></span> <span class='ocrx_word' id='word_1_410' title='bbox 1962 1944 2036 1977; x_wconf 92' lang='lat' dir='ltr'><strong>pro—</strong></span> 
     </span>
     <span class='ocr_line' id='line_1_54' title="bbox 1086 1994 2036 2039; baseline -0.001 -13"><span class='ocrx_word' id='word_1_411' title='bbox 1086 1996 1189 2026; x_wconf 79' lang='lat' dir='ltr'><strong>ximi.‹=</strong></span> <span class='ocrx_word' id='word_1_412' title='bbox 1223 1995 1346 2039; x_wconf 77' lang='lat' dir='ltr'><strong>Nempe</strong></span> <span class='ocrx_word' id='word_1_413' title='bbox 1371 1995 1476 2026; x_wconf 87' lang='lat' dir='ltr'><strong>omnia</strong></span> <span class='ocrx_word' id='word_1_414' title='bbox 1502 1995 1642 2026; x_wconf 81' lang='lat' dir='ltr'><strong>membra</strong></span> <span class='ocrx_word' id='word_1_415' title='bbox 1671 1994 1764 2025; x_wconf 87' lang='lat' dir='ltr'><strong>seriei</strong></span> <span class='ocrx_word' id='word_1_416' title='bbox 1792 1996 1828 2033; x_wconf 83' lang='lat'><strong>1,</strong></span> <span class='ocrx_word' id='word_1_417' title='bbox 1859 1995 1922 2034; x_wconf 80' lang='lat'><strong>12,</strong></span> <span class='ocrx_word' id='word_1_418' title='bbox 1954 1994 2036 2034; x_wconf 73' lang='lat'><strong>144,</strong></span> 
     </span>
     <span class='ocr_line' id='line_1_55' title="bbox 1089 2057 2035 2104; baseline -0.003 -13"><span class='ocrx_word' id='word_1_419' title='bbox 1089 2060 1183 2091; x_wconf 68' lang='lat'><strong>1728</strong></span> <span class='ocrx_word' id='word_1_420' title='bbox 1212 2059 1310 2091; x_wconf 77' lang='lat' dir='ltr'><strong>dividi</strong></span> <span class='ocrx_word' id='word_1_421' title='bbox 1332 2065 1469 2102; x_wconf 85' lang='lat' dir='ltr'><strong>possunt</strong></span> <span class='ocrx_word' id='word_1_422' title='bbox 1496 2071 1554 2104; x_wconf 87' lang='lat' dir='ltr'><strong>per</strong></span> <span class='ocrx_word' id='word_1_423' title='bbox 1583 2059 1606 2089; x_wconf 74' lang='lat'><strong>2</strong></span> <span class='ocrx_word' id='word_1_424' title='bbox 1635 2064 1666 2090; x_wconf 86' lang='lat' dir='ltr'><strong>et</strong></span> <span class='ocrx_word' id='word_1_425' title='bbox 1696 2060 1739 2099; x_wconf 77' lang='lat'><strong>5,</strong></span> <span class='ocrx_word' id='word_1_426' title='bbox 1767 2058 1840 2101; x_wconf 84' lang='lat' dir='ltr'><strong>quia</strong></span> <span class='ocrx_word' id='word_1_427' title='bbox 1869 2057 2035 2101; x_wconf 83' lang='lat' dir='ltr'><strong>simplicis·</strong></span> 
     </span>
     <span class='ocr_line' id='line_1_56' title="bbox 1086 2119 2036 2163; baseline -0.003 -11"><span class='ocrx_word' id='word_1_428' title='bbox 1086 2121 1158 2152; x_wconf 87' lang='lat' dir='ltr'><strong>simi</strong></span> <span class='ocrx_word' id='word_1_429' title='bbox 1189 2121 1223 2152; x_wconf 88' lang='lat' dir='ltr'><strong>hi</strong></span> <span class='ocrx_word' id='word_1_430' title='bbox 1259 2126 1334 2152; x_wconf 87' lang='lat' dir='ltr'><strong>sunt</strong></span> <span class='ocrx_word' id='word_1_431' title='bbox 1361 2121 1498 2153; x_wconf 80' lang='lat' dir='ltr'><strong>factores</strong></span> <span class='ocrx_word' id='word_1_432' title='bbox 1525 2120 1712 2152; x_wconf 80' lang='lat' dir='ltr'><strong>duodenarii</strong></span> <span class='ocrx_word' id='word_1_433' title='bbox 1743 2119 1886 2160; x_wconf 88' lang='lat' dir='ltr'><strong>numeri,</strong></span> <span class='ocrx_word' id='word_1_434' title='bbox 1918 2119 2036 2163; x_wconf 83' lang='lat' dir='ltr'><strong>qnippe</strong></span> 
     </span>
     <span class='ocr_line' id='line_1_57' title="bbox 1086 2183 1350 2215; baseline -0.004 -1"><span class='ocrx_word' id='word_1_435' title='bbox 1086 2183 1109 2214; x_wconf 81' lang='lat'><strong>2</strong></span> <span class='ocrx_word' id='word_1_436' title='bbox 1121 2188 1130 2200; x_wconf 73' lang='lat'>²</span> <span class='ocrx_word' id='word_1_437' title='bbox 1150 2184 1178 2215; x_wconf 92' lang='grc' dir='ltr'>Χ</span> <span class='ocrx_word' id='word_1_438' title='bbox 1193 2184 1215 2215; x_wconf 84' lang='grc'>5</span> <span class='ocrx_word' id='word_1_439' title='bbox 1234 2192 1275 2207; x_wconf 87' lang='lat'><strong><em>=</em></strong></span> <span class='ocrx_word' id='word_1_440' title='bbox 1293 2183 1350 2214; x_wconf 74' lang='lat'><strong>12.</strong></span> 
     </span>
    </p>

    <p class='ocr_par' dir='ltr' id='par_1_24' title="bbox 1087 2239 2035 2533">
     <span class='ocr_line' id='line_1_58' title="bbox 1161 2239 2032 2287; baseline -0.006 -12"><span class='ocrx_word' id='word_1_441' title='bbox 1161 2256 1203 2275; x_wconf 71' lang='lat' dir='ltr'><strong>ex</strong></span> <span class='ocrx_word' id='word_1_442' title='bbox 1219 2245 1269 2275; x_wconf 79' lang='lat' dir='ltr'><strong>Iu&#39;s</strong></span> <span class='ocrx_word' id='word_1_443' title='bbox 1297 2241 1377 2287; x_wconf 82' lang='lat' dir='ltr'><strong>duo]</strong></span> <span class='ocrx_word' id='word_1_444' title='bbox 1415 2242 1549 2274; x_wconf 88' lang='lat' dir='ltr'><strong>Grotius</strong></span> <span class='ocrx_word' id='word_1_445' title='bbox 1578 2241 1622 2273; x_wconf 79' lang='lat' dir='ltr'><strong>ita</strong></span> <span class='ocrx_word' id='word_1_446' title='bbox 1649 2241 1762 2272; x_wconf 82' lang='lat' dir='ltr'><strong>edidit:</strong></span> <span class='ocrx_word' id='word_1_447' title='bbox 1793 2242 1864 2272; x_wconf 62' lang='lat' dir='ltr'><strong>»Ex</strong></span> <span class='ocrx_word' id='word_1_448' title='bbox 1891 2241 1941 2271; x_wconf 72' lang='lat' dir='ltr'><strong>lais</strong></span> <span class='ocrx_word' id='word_1_449' title='bbox 1970 2239 2032 2270; x_wconf 87' lang='lat' dir='ltr'><strong>duo</strong></span> 
     </span>
     <span class='ocr_line' id='line_1_59' title="bbox 1088 2300 2033 2347; baseline -0.005 -11"><span class='ocrx_word' id='word_1_450' title='bbox 1088 2316 1144 2336; x_wconf 88' lang='lat' dir='ltr'><strong>eos</strong></span> <span class='ocrx_word' id='word_1_451' title='bbox 1170 2304 1224 2347; x_wconf 89' lang='lat' dir='ltr'><strong>qui</strong></span> <span class='ocrx_word' id='word_1_452' title='bbox 1253 2305 1277 2336; x_wconf 85' lang='lat'>4</span> <span class='ocrx_word' id='word_1_453' title='bbox 1309 2310 1398 2335; x_wconf 82' lang='lat' dir='ltr'><strong>sunt:</strong></span> <span class='ocrx_word' id='word_1_454' title='bbox 1422 2304 1446 2336; x_wconf 82' lang='grc'>4</span> <span class='ocrx_word' id='word_1_455' title='bbox 1471 2316 1527 2335; x_wconf 91' lang='lat' dir='ltr'><strong>cos</strong></span> <span class='ocrx_word' id='word_1_456' title='bbox 1558 2304 1612 2346; x_wconf 89' lang='lat' dir='ltr'><strong>qui</strong></span> <span class='ocrx_word' id='word_1_457' title='bbox 1639 2309 1710 2334; x_wconf 88' lang='lat' dir='ltr'><strong>octo</strong></span> <span class='ocrx_word' id='word_1_458' title='bbox 1737 2307 1812 2332; x_wconf 89' lang='lat' dir='ltr'><strong>sunt</strong></span> <span class='ocrx_word' id='word_1_459' title='bbox 1834 2307 1866 2332; x_wconf 90' lang='lat' dir='ltr'><strong>et</strong></span> <span class='ocrx_word' id='word_1_460' title='bbox 1893 2312 1948 2333; x_wconf 83' lang='lat' dir='ltr'><strong>eae</strong></span> <span class='ocrx_word' id='word_1_461' title='bbox 1976 2300 2033 2332; x_wconf 89' lang='lat' dir='ltr'><strong>du-</strong></span> 
     </span>
     <span class='ocr_line' id='line_1_60' title="bbox 1087 2364 2034 2412; baseline -0.005 -15"><span class='ocrx_word' id='word_1_462' title='bbox 1087 2366 1258 2412; x_wconf 81' lang='lat' dir='ltr'><strong>plicatione</strong></span> <span class='ocrx_word' id='word_1_463' title='bbox 1282 2366 1466 2397; x_wconf 87' lang='lat' dir='ltr'><strong>metiuntur.</strong></span> <span class='ocrx_word' id='word_1_464' title='bbox 1491 2365 1539 2397; x_wconf 83' lang='lat' dir='ltr'><strong>At</strong></span> <span class='ocrx_word' id='word_1_465' title='bbox 1563 2365 1586 2395; x_wconf 76' lang='lat'><strong>2</strong></span> <span class='ocrx_word' id='word_1_466' title='bbox 1609 2375 1664 2395; x_wconf 91' lang='lat' dir='ltr'><strong>eos</strong></span> <span class='ocrx_word' id='word_1_467' title='bbox 1686 2364 1741 2406; x_wconf 88' lang='lat' dir='ltr'><strong>qui</strong></span> <span class='ocrx_word' id='word_1_468' title='bbox 1764 2368 1836 2394; x_wconf 90' lang='lat' dir='ltr'><strong>octo</strong></span> <span class='ocrx_word' id='word_1_469' title='bbox 1859 2367 1933 2393; x_wconf 85' lang='lat' dir='ltr'><strong>sunt</strong></span> <span class='ocrx_word' id='word_1_470' title='bbox 1958 2373 2034 2406; x_wconf 83' lang='lat' dir='ltr'><strong>qua-</strong></span> 
     </span>
     <span class='ocr_line' id='line_1_61' title="bbox 1089 2425 2035 2475; baseline -0.004 -13"><span class='ocrx_word' id='word_1_471' title='bbox 1089 2430 1318 2475; x_wconf 83' lang='lat' dir='ltr'><strong>druplicatione</strong></span> <span class='ocrx_word' id='word_1_472' title='bbox 1348 2429 1530 2461; x_wconf 85' lang='lat' dir='ltr'><strong>metiuntur.</strong></span> <span class='ocrx_word' id='word_1_473' title='bbox 1572 2427 1694 2458; x_wconf 83' lang='lat' dir='ltr'><strong>Eadem</strong></span> <span class='ocrx_word' id='word_1_474' title='bbox 1728 2436 1784 2456; x_wconf 82' lang='lat' dir='ltr'><strong>eos</strong></span> <span class='ocrx_word' id='word_1_475' title='bbox 1813 2425 1868 2467; x_wconf 86' lang='lat' dir='ltr'><strong>qui</strong></span> <span class='ocrx_word' id='word_1_476' title='bbox 1898 2425 2035 2458; x_wconf 87' lang='lat' dir='ltr'><strong>sedecim</strong></span> 
     </span>
     <span class='ocr_line' id='line_1_62' title="bbox 1089 2485 2034 2533; baseline -0.005 -9"><span class='ocrx_word' id='word_1_477' title='bbox 1089 2499 1164 2524; x_wconf 87' lang='lat' dir='ltr'><strong>sunt</strong></span> <span class='ocrx_word' id='word_1_478' title='bbox 1178 2492 1350 2524; x_wconf 89' lang='lat' dir='ltr'><strong>metiuntur</strong></span> <span class='ocrx_word' id='word_1_479' title='bbox 1365 2492 1401 2523; x_wconf 77' lang='lat'><strong>4.</strong></span> <span class='ocrx_word' id='word_1_480' title='bbox 1425 2491 1587 2533; x_wconf 85' lang='lat' dir='ltr'><strong>Itemque«</strong></span> <span class='ocrx_word' id='word_1_481' title='bbox 1616 2492 1693 2527; x_wconf 86' lang='lat' dir='ltr'><strong>eet.,·</strong></span> <span class='ocrx_word' id='word_1_482' title='bbox 1715 2485 1838 2530; x_wconf 81' lang='lat' dir='ltr'><strong>reliqua</strong></span> <span class='ocrx_word' id='word_1_483' title='bbox 1858 2497 1916 2529; x_wconf 82' lang='lat' dir='ltr'><strong>ego</strong></span> <span class='ocrx_word' id='word_1_484' title='bbox 1943 2498 1960 2519; x_wconf 81' lang='lat' dir='ltr'><strong>e</strong></span> <span class='ocrx_word' id='word_1_485' title='bbox 1984 2499 2034 2519; x_wconf 89' lang='lat' dir='ltr'><strong>co-</strong></span> 
     </span>
    </p>
   </div>
   <div class='ocr_carea' id='block_1_24' title="bbox 1090 2547 1787 2645">
    <p class='ocr_par' dir='ltr' id='par_1_25' title="bbox 1090 2547 1787 2645">
     <span class='ocr_line' id='line_1_63' title="bbox 1090 2547 1787 2595; baseline -0.013 -8"><span class='ocrx_word' id='word_1_486' title='bbox 1090 2554 1212 2588; x_wconf 86' lang='lat' dir='ltr'><strong>dicibus</strong></span> <span class='ocrx_word' id='word_1_487' title='bbox 1237 2553 1484 2588; x_wconf 79' lang='lat' dir='ltr'><strong>Monacensibus</strong></span> <span class='ocrx_word' id='word_1_488' title='bbox 1508 2550 1563 2595; x_wconf 76' lang='lat' dir='ltr'><strong>(A.</strong></span> <span class='ocrx_word' id='word_1_489' title='bbox 1589 2549 1630 2592; x_wconf 90' lang='lat' dir='ltr'><strong>C)</strong></span> <span class='ocrx_word' id='word_1_490' title='bbox 1656 2547 1787 2580; x_wconf 88' lang='lat' dir='ltr'><strong>restitui.</strong></span> 
     </span>
     <span class='ocr_line' id='line_1_64' title="bbox 1545 2612 1631 2645; baseline 0 -1"><span class='ocrx_word' id='word_1_491' title='bbox 1545 2614 1591 2645; x_wconf 74' lang='lat'><strong>79</strong></span> <span class='ocrx_word' id='word_1_492' title='bbox 1612 2612 1631 2634; x_wconf 82' lang='lat'>*</span> 
     </span>
    </p>
   </div>
  </div>
 </body>
</html>
