2310 2860
126 1291 211 1333 8⁶28

241 169 331 210 648
788 163 989 204 Martiani
1020 162 1221 217 Capellae
1249 161 1321 201 lib.
1352 160 1472 202 VIII.
1503 162 1536 211 §.
1558 161 1656 201 827.

242 274 357 316 unde
398 275 537 328 primo
569 284 815 325 coeperam,
854 268 1102 325 perhibebo,
1159 267 1221 308 Ac
1251 267 1370 323 prius
1402 265 1455 306 ad
1479 266 1812 321 septentrionalis
1844 268 1989 308 circuli
2020 266 2192 309 redeam

244 354 546 411 granditatem;
578 352 617 391 in
654 365 740 404 quo
773 364 892 390 more
927 347 1180 403 geometrico
1211 345 1298 387 duo
1328 347 1468 401 primo
1499 346 1615 400 signa
1648 347 1868 401 composui
1900 347 1952 386 ad
1982 347 2192 388 circulum

242 432 588 490 perducendum,
630 431 672 471 id
716 440 774 471 est
812 445 949 471 unum
1003 428 1119 484 quod
1160 437 1363 479 centron,
1414 427 1530 468 aliud
1561 427 1679 482 quod
1713 426 1983 482 peripherian
2016 427 2195 469 demon-

240 523 401 554 straret.
458 513 607 566 ltaque
647 511 810 565 inipso
849 508 1000 550 mundi
1041 507 1211 548 cardine
1250 508 1372 562 posui
1414 508 1568 549 clarius
1605 507 1742 558 sidus,
1789 516 1917 561 atque
1960 507 2012 547 ab
2051 521 2100 547 eo
2141 506 2195 548 ad

240 595 448 636 Draconis
484 603 631 648 caput,
678 592 795 645 quod
828 592 914 645 jam
955 600 1205 651 notaveram
1238 604 1376 645 usque
1417 590 1468 631 ad
1513 589 1687 631 finitoris
1719 589 1926 630 circulum
1960 588 2197 645 pervenire,

241 677 394 717 lineam
429 675 560 726 duxi3
596 688 728 728 quam
762 682 904 728 postea
949 681 1147 712 manente
1187 681 1329 713 centro
1368 679 1508 711 mente
1547 671 1840 724 circumagens
1880 670 2088 711 circulum
2123 668 2197 709 de·-

241 757 423 811 signavi,
490 766 616 810 atque
656 755 708 795 al)
753 753 868 793 omni
910 763 1028 808 parte
1074 751 1258 807 spatium
1301 749 1481 803 aequale
1529 749 1752 804 complexa
1796 764 1871 804 per
1914 749 2021 789 haec
2060 748 2197 790 sidera

242 837 488 892 peripheria
521 834 811 876 circumducta
844 836 1055 889 pervenit:
1088 847 1111 873 a
1151 833 1283 888 capite
1326 831 1532 872 Draconis
1571 840 1610 871 et
1647 831 1796 871 dextro
1835 829 1943 886 pede
1987 831 2077 885 eius
2122 830 2198 884 qui

244 918 479 973 appellatur
511 917 738 971 Engonasis
781 915 833 956 ad
875 915 1068 956 medium
1105 913 1266 969 Cephei
1312 922 1482 968 pectus,
1528 922 1628 953 tunc
1661 912 1712 953 ad
1744 912 1871 968 pedes
1902 912 2063 968 priores
2104 925 2197 952 ma-

241 1000 340 1053 joris
371 1000 528 1049 Ursae,
580 998 678 1038 inde
708 1012 857 1039 rursus
890 997 942 1039 ad
974 995 1181 1039 Draconis
1217 1004 1357 1051 caput.

971 1178 1045 1219 DE
1089 1175 1472 1218 SOLSTITIALI.

412 1292 524 1332 Huic
547 1291 706 1331 circulo
732 1290 904 1331 confinis
928 1289 1163 1340 solstitialis7
1195 1303 1325 1343 quein
1352 1287 1497 1328 itidem
1522 1287 1672 1327 lineari
1697 1286 1958 1327 dimensione
1983 1302 2004 1328 a
2031 1288 2199 1329 cardine

247 1374 398 1415 mundi
421 1377 461 1414 in
492 1383 686 1414 octavam
717 1372 869 1412 Cancri
894 1380 1056 1426 partem
1088 1370 1237 1419 ducta,
1271 1382 1358 1422 quo
1390 1368 1460 1408 Sol
1492 1377 1722 1408 accesserat
1745 1368 1929 1419 solstitio,
1960 1369 2198 1423 reperimus

249 1456 432 1496 eundem
477 1455 685 1495 circulum
730 1454 894 1494 ambitu
926 1453 1132 1508 potiorem
1170 1465 1246 1506 per
1278 1449 1384 1490 haec
1414 1457 1556 1488 tamen
1591 1448 1707 1502 signa
1739 1449 1928 1490 curvari:
1967 1450 2111 1505 incipit
2149 1450 2201 1491 ab

323 1584 498 1630 coeperam]
519 1584 652 1617 Grotius
669 1585 702 1617 in
717 1585 876 1628 margine:
894 1586 949 1617 nal.
964 1589 1201 1629 conceperzmt.«

247 1647 321 1679 Non
347 1659 490 1678 neeesse.

323 1710 440 1740 lineam
455 1706 549 1752 duxi]
572 1708 659 1749 Lege
684 1719 755 1738 cum
774 1707 848 1739 MS.
868 1708 985 1738 lineam
1005 1707 1082 1738 dixi.
1096 1706 1199 1738 Gno’r.

250 1789 297 1793 —
315 1770 443 1800 Fesellit
469 1769 618 1800 Grotium
639 1780 736 1811 prava
756 1769 928 1808 distinctio,
956 1780 1018 1811 qua
1032 1769 1201 1811 pervenire

250 1842 321 1863 cum
346 1831 443 1861 verbo
470 1831 540 1861 dixi
561 1830 760 1871 jungendum
791 1830 1011 1870 arbitraretur5
1045 1842 1107 1873 qua
1132 1841 1199 1861 cor·

250 1897 335 1923 recta
364 1891 468 1922 onmia
499 1891 566 1932 jain
596 1892 691 1935 plana
718 1892 941 1936 vulgatumque
969 1891 1062 1924 unice
1092 1903 1200 1924 sanam

251 1967 322 1987 esse
353 1955 525 1999 apparebit.

324 2019 516 2064 peripheria]
535 2019 590 2052 Sic
610 2020 735 2052 codices
756 2020 931 2052 Grotianus
952 2026 984 2053 et
1000 2019 1198 2053 Ettenheim-

252 2083 511 2119 1ni'unsterim1sis3
539 2084 633 2123 vulgo
651 2096 708 2125 prr
725 2084 901 2125 sphaeram.

329 2157 349 2175 a
370 2146 471 2187 eapite
499 2143 676 2188 Draconis]
705 2145 853 2187 Hyginus
879 2146 968 2189 (astr.
995 2149 1080 2188 poet.
1098 2144 1133 2185 4,
1160 2145 1201 2184 (33

252 2220 284 2251 p.
302 2207 375 2238 468
406 2205 565 2249 Manem:
595 2205 766 2237 »Are'tieon
796 2207 892 2247 igitur
925 2207 1034 2238 orbem
1065 2206 1202 2238 sustinet

252 2274 348 2312 caput
368 2267 526 2299 Draconis
559 2279 630 2299 eum
659 2268 781 2310 reliqua
811 2269 953 2312 eorporis
989 2274 1100 2312 parte3
1139 2268 1200 2300 Ce-

216 2330 219 2332 ’
253 2333 355 2376 pineus
378 2335 482 2364 autem
506 2335 635 2373 pectore
665 2341 722 2360 suo
750 2330 900 2362 circulum
923 2332 1039 2373 jungit.
1077 2331 1201 2361 Eodem

255 2394 331 2426 orbe
366 2393 509 2423 nituntur
543 2397 574 2423 et
603 2392 701 2435 pedes
727 2392 855 2433 majoris
884 2394 1004 2433 Ursae,
1040 2397 1204 2437 praeterea

256 2455 354 2486 sedile
373 2453 578 2497 Cassiepeiae
600 2465 671 2484 cum
693 2453 827 2496 pedibus
844 2454 914 2495 ejus
937 2455 1047 2486 nititur
1069 2454 1130 2497 ipsi
1147 2454 1205 2486 eir-

256 2517 345 2556 eulo‚
379 2515 506 2546 sinistro
530 2515 610 2558 pede
633 2526 780 2558 genuque
805 2515 916 2546 dextro
944 2523 975 2547 et
999 2517 1090 2560 pedis
1123 2516 1206 2559 prio·

1252 1583 1379 1615 sinistra
1398 1581 1514 1614 Bootis
1538 1582 1688 1614 exteriori
1710 1588 1800 1627 parte
1821 1582 1933 1615 circuli
1954 1583 2104 1615 convenit
2128 1594 2202 1616 eon-

1247 1647 1387 1689 juneta.«

1325 1709 1446 1739 anubim
1470 1706 1646 1752 potiorem]
1684 1708 1822 1739 Codices
1854 1708 2059 1739 Monacensis
2091 1707 2146 1751 (C)
2171 1714 2202 1740 et

1250 1771 1515 1803 Darmstattensis
1539 1773 1678 1813 potiore,
1702 1771 1754 1802 eni
1772 1771 2200 1803 Ettenheimnmnsteriensis

1251 1833 1395 1875 adjungit
1423 1838 1622 1875 porrectum,
1659 1838 1694 1863 ut
1720 1844 1816 1876 supra
1842 1832 1884 1876 (ἓ.
1903 1833 2006 1875 82ss)3
2038 1833 2096 1864 sed
2119 1834 2203 1865 haud

1251 1895 1318 1926 scio
1345 1906 1384 1925 an
1411 1895 1488 1924 haec
1514 1905 1598 1924 mera
1624 1894 1778 1925 eorrectio
1803 1894 1880 1925 sita
1903 1894 2031 1925 librario
2052 1895 2202 1938 profecta.

1325 1968 1382 1999 per
1394 1954 1484 2000 haec]
1497 1955 1581 1987 Vide
1596 1954 1732 1986 Aratum
1748 1956 1847 1999 (480)
1864 1962 1897 1987 et
1911 1957 2075 1999 Hyginum
2093 1957 2141 2001 (4,
2162 1957 2204 1997 23

1249 2030 1281 2063 p.
1297 2018 1402 2061 465)=
1426 2017 1482 2048 »In
1508 2017 1628 2048 aestivo
1651 2017 1769 2057 circulo
1797 2019 1876 2049 haee
1896 2018 1986 2060 signa
2006 2019 2073 2051 sive
2095 2024 2203 2063 partes

1251 2093 1361 2114 eorum
1392 2080 1647 2124 conspiciuntur:
1670 2081 1773 2124 capita
1805 2081 2029 2121 Geminorum,
2059 2081 2201 2123 Aurigae

1251 2155 1335 2186 genu
1358 2148 1544 2186 utrumque,
1581 2142 1694 2174 Persei
1721 2155 1794 2174 erus
1826 2149 1858 2174 et
1884 2145 2033 2174 humerus
2056 2142 2203 2183 sinister3

1250 2204 1459 2238 Andromeda
1491 2210 1595 2235 autem
1614 2216 1631 2235 a
1650 2209 1779 2248 pectore
1803 2204 1860 2234 sed
1880 2215 1974 2234 manu
2000 2203 2128 2235 sinistra
2158 2204 2202 2235 di-

1252 2266 1369 2299 viditur
1395 2284 1442 2289 —
1470 2284 1516 2288 ——
1544 2266 1716 2296 Praeterea
1746 2264 1780 2294 in
1811 2263 1922 2295 eodem
1955 2264 2073 2296 circulo
2103 2265 2203 2309 pedes

1253 2329 1326 2373 equi
1354 2328 1471 2370 Pegasi
1503 2328 1601 2371 positi
1634 2327 1796 2367 videntur,
1833 2333 1865 2358 et
1897 2334 1992 2371 eaput
2027 2340 2044 2359 a
2078 2329 2203 2372 reliquo

1255 2404 1387 2436 corpore
1415 2391 1566 2422 dividitur
1594 2390 1704 2421 Oloris
1724 2409 1771 2413 —
1789 2390 1979 2433 Ophiuchus
2006 2391 2145 2423 humeris
2171 2398 2205 2424 ut

1255 2455 1409 2488 circulum
1431 2454 1588 2485 sustinere
1610 2454 1750 2493 xitle1i1r3
1777 2454 1879 2495 Virgo
1899 2466 1997 2497 prope
2016 2454 2204 2497 contingens

1258 2530 1276 2549 a
1300 2516 1401 2559 capite
1426 2515 1509 2546 inter
1527 2516 1611 2546 hune
1636 2521 1667 2546 et
1687 2515 1951 2559 aequinoctialem
1971 2515 2124 2547 circulum
2140 2516 2203 2548 eol-

257 2579 343 2610 ribus
367 2577 472 2619 digitis
495 2576 565 2618 ejus
586 2576 641 2620 qui
663 2576 851 2619 Engonasin
874 2583 1020 2620 vocatia-5
1047 2584 1079 2611 et
1099 2589 1210 2610 manus
1260 2579 1363 2611 locata
1382 2582 1431 2609 est
1451 2595 1496 2600 —-
1513 2576 1581 2608 Leo
1601 2588 1617 2608 a
1638 2583 1768 2621 pectore
1785 2577 1825 2608 ad
1844 2577 1970 2609 lumbos
1987 2577 2205 2620 dividitur7⁴1it
