2310 2860
727 160 927 204 Martiani
967 160 1166 217 Capellae
1197 161 1268 203 lib.
1291 160 1346 204 V.
1376 163 1407 213 ᾗ.
1430 160 1533 202 455.
2037 161 2123 203 407

164 271 268 328 quid
305 271 356 312 sit
391 269 683 325 sacrilegium,
730 279 770 310 et
809 269 914 324 quid
952 269 1132 310 furtum.
1205 269 1333 310 Nunc
1362 268 1416 310 de
1453 268 1655 323 qualitate
1700 269 1950 322 dicendum,
1998 272 2121 325 cujus

163 352 386 408 multiplex
426 361 578 392 natura
619 350 873 391 divisionem
917 351 1103 406 partium
1141 350 1281 405 primo
1321 349 1556 400 desiderat,
1603 359 1650 390 ut
1687 365 1735 392 ea
1766 351 1945 393 decursa
1974 352 2121 408 singu-

161 435 302 476 larum
341 435 576 490 proprietas
617 433 867 489 explicetur.
934 433 1129 482 Qualitas
1166 433 1293 487 igitur
1333 442 1406 474 aut
1446 431 1500 473 de
1536 447 1604 483 re,
1651 442 1722 473 aut
1759 432 1811 473 de
1850 433 2010 474 actione
2049 443 2119 474 est.

159 514 225 554 De
255 529 324 564 re,
360 528 499 569 quum
534 513 624 566 ejus
656 512 772 562 facti,
803 511 921 565 quod
952 512 994 553 in
1023 512 1231 567 judicium
1265 513 1403 563 venit,
1437 513 1544 554 ratio
1577 527 1760 554 causave
1790 523 2014 564 tractatur,
2051 515 2118 555 vel

161 609 299 649 quum
339 594 444 648 quid
483 593 573 634 fieri
613 602 806 648 oporteat
843 593 1124 649 disceptatur,
1170 604 1219 635 ut
1248 609 1300 636 an
1340 595 1438 648 jure
1470 593 1670 634 Clodium
1712 593 1815 634 Milo
1846 594 2119 648 jugulaverit,

160 674 228 714 vel
264 689 317 715 an
350 674 505 716 domus
543 674 688 716 Tullio
719 673 976 716 restituenda
1007 676 1146 717 fuerit.
1205 678 1272 718 De
1303 676 1463 717 actione
1495 684 1658 725 autem,
1713 689 1850 728 quum
1879 674 2120 728 quaeritur,

159 772 212 799 an
244 757 502 799 admittenda
540 757 592 798 sit
630 759 738 798 actio
768 765 810 796 et
836 755 1046 810 judicium
1083 757 1352 808 faciendum3
1399 770 1511 811 quae
1541 770 1638 811 pars
1670 754 1874 810 quoniam
1907 755 2012 809 juris
2045 769 2118 795 ae-

158 839 318 895 quitate
345 838 644 895 perpenditur,
675 847 788 879 recte
818 852 914 878 eam
945 837 987 878 in
1018 839 1176 894 species
1207 838 1418 892 qualitatis
1442 837 1637 878 subtilius
1664 851 1955 892 aggregamuS,
1987 837 2115 877 aliam

158 931 324 972 autem,
366 936 498 976 quam
531 921 818 974 Hermagoras
849 919 972 974 quasi
1003 919 1338 960 constitutionem
1369 933 1530 959 novam
1566 933 1588 958 a
1620 919 1821 972 qualitate
1857 918 2118 972 distinguere

157 1013 196 1044 et
236 1004 553 1045 translationem
595 1002 665 1043 vel
707 997 1085 1056 praescriptionem
1131 1014 1286 1040 vocare
1325 998 1549 1040 maluerat.
1624 999 1706 1040 Sed
1747 1000 1853 1040 haec
1898 1001 2118 1056 posterius.

157 1084 351 1134 Qualitas
394 1093 443 1124 ut
488 1084 622 1124 futuri
663 1082 868 1137 temporis
907 1080 1147 1130 aestimata,
1187 1080 1242 1120 ita
1280 1090 1321 1121 et
1349 1080 1581 1136 praeteriti:
1614 1080 1826 1135 praeteriti
1858 1079 2118 1133 juridicialis,

103 1161 108 1166 ⁴
152 1163 288 1205 futuri
317 1163 544 1219 negotialis.
609 1163 802 1213 Qualitas
832 1163 876 1202 in
906 1170 1092 1214 utroque
1120 1160 1225 1213 juris
1257 1160 1428 1201 assertio
1465 1169 1545 1211 est3
1588 1160 1630 1200 in
1661 1160 1889 1213 juridiciali
1922 1170 2117 1210 naturae,

152 1244 195 1284 in
225 1244 422 1299 negotiali
459 1244 560 1299 legis
601 1252 675 1285 aut
702 1241 1023 1284 consuetudinis
1056 1251 1212 1282 asserta
1243 1249 1482 1282 versantur.
1542 1240 1797 1281 ,Iuridicialis
1829 1249 1972 1281 autem
2009 1239 2120 1280 ‹livi-

1134 1322 1340 1362 Absoluta
1379 1329 1458 1370 est,
1516 1334 1628 1374 quae
1667 1319 1829 1360 factum
1874 1320 2017 1376 ipsum
2053 1322 2119 1360 sui

152 1323 266 1365 ditur
311 1325 354 1364 in
404 1325 644 1365 absolutam
692 1334 732 1365 et
776 1323 1068 1365 assumtivam.

153 1415 306 1447 natura
336 1416 376 1446 et
404 1407 499 1461 jure
530 1406 736 1458 defendit,
786 1405 1040 1453 assumtiva,
1092 1417 1205 1457 quae
1237 1416 1377 1456 quum
1415 1401 1458 1440 in
1497 1401 1605 1440 facto
1637 1401 1727 1454 ipso
1757 1401 1862 1441 nihil
1894 1400 2117 1456 probabile

151 1486 357 1541 reperiat,
407 1486 592 1540 confugit
623 1485 674 1526 ad
706 1486 842 1541 ipsam
874 1497 1074 1532 causam,
1121 1495 1307 1536 eamque
1335 1480 1514 1534 Justam,
1557 1487 1605 1518 ut
1634 1478 1775 1518 facere
1812 1478 2007 1529 deberet,
2055 1480 2116 1519 al-

152 1567 280 1622 legat:
312 1576 360 1608 ut
399 1580 539 1621 quum
578 1566 683 1606 Milo
733 1581 819 1606 non
864 1574 999 1621 potest
1036 1564 1176 1605 dicere
1216 1563 1436 1604 hominem
1477 1561 1643 1601 licuisse
1678 1561 1887 1616 jugulari,
1945 1575 2118 1602 causam

226 1738 312 1758 nnnc
328 1727 367 1757 ele
385 1724 554 1772 qualitate]
582 1725 692 1767 Vulgo
712 1725 976 1769 praemittebatur
1000 1723 1112 1756 inseri-

151 1789 234 1832 ptioz
250 1790 419 1833 »Qualitas
438 1795 487 1821 est
509 1802 607 1834 quum
627 1790 732 1833 qualis
751 1790 792 1820 sit
809 1789 1009 1832 quaeritur«,
1028 1788 1112 1820 Gro-

150 1851 196 1883 tio
214 1857 320 1884 tamen
341 1859 427 1884 recte
445 1859 595 1885 notante:
620 1853 767 1884 »Titulus
784 1853 837 1884 hie
865 1864 906 1883 ex
934 1851 1111 1883 Dialectiea

1164 1721 1315 1768 quoniam
1346 1720 1435 1752 nulla
1472 1719 1641 1752 translacio
1670 1719 1703 1750 id
1727 1724 1777 1750 est
1803 1720 2014 1762 praescriptio
2047 1718 2116 1750 sine

1162 1785 1235 1827 lege
1257 1788 1367 1828 potest
1392 1793 1493 1813 esse.«

1237 1860 1258 1879 a
1282 1844 1452 1894 qualitate]
1479 1844 1616 1877 Correxi
1637 1845 1743 1877 locum
1764 1844 1798 1875 in
1820 1842 1914 1875 editis
1932 1848 2116 1885 corruptum

150 1914 214 1945 hue
241 1914 432 1953 translatus,
464 1915 521 1945 sed
548 1926 752 1957 perperamu3
784 1917 981 1956 quapropter
1012 1924 1111 1955 quum
1162 1923 1180 1943 e
1207 1912 1317 1944 codice
1342 1909 1530 1943 Monacensi
1551 1908 1624 1952 (C),
1657 1914 1722 1939 tam
1751 1920 1772 1938 a
1792 1908 1947 1955 qualitate
1971 1917 2030 1949 pro
2059 1912 2116 1937 aut

151 1987 168 2006 a
202 1975 311 2007 codice
341 1987 470 2019 quoque
495 1974 745 2006 Darmstattensi
773 1985 843 2005 eam
874 1974 988 2005 abesse
1012 1973 1109 2005 vidis-

151 2050 235 2079 sem,
265 2038 472 2070 omittendam
499 2038 620 2070 censui.

224 2101 463 2147 Hemrmgloras]
498 2103 548 2134 De
570 2114 609 2133 eo
634 2113 730 2145 supra
748 2100 816 2142 jam
845 2106 950 2132 actum
977 2106 1027 2132 est
1053 2099 1108 2144 (ad

151 2162 182 2207 §.
203 2164 303 2207 444).
345 2165 581 2195 Translationis
611 2176 685 2195 eum
709 2163 908 2194 inventorem
939 2168 971 2193 et
990 2162 1106 2194 Cicero

151 2227 291 2270 appellat
310 2228 364 2271 (de
384 2228 503 2260 invent.
530 2228 569 2267 1,
594 2228 654 2270 11)
676 2232 709 2258 et
730 2225 970 2269 Quiuetilianus
996 2226 1044 2268 (5,
1069 2226 1105 2265 6,

150 2289 229 2332 60),
260 2302 441 2334 quanquam
461 2291 581 2323 semina
607 2291 677 2332 ejus
703 2291 860 2334 quaedam
889 2289 968 2321 citra
988 2300 1106 2320 nomen

151 2352 255 2396 ipsum
283 2354 368 2397 apud
388 2353 598 2386 Aristotelem
623 2354 825 2398 reperiantur
848 2354 973 2397 (confer
993 2352 1106 2397 Spald.

150 2427 181 2458 p.
204 2415 302 2459 520).
342 2414 440 2446 Adde
470 2421 502 2446 et
532 2416 666 2447 Curium
691 2416 956 2447 Fortunatianum
987 2414 1036 2459 (p.
1054 2415 1105 2446 45

149 2476 265 2518 Piu..):
301 2475 491 2508 »rationales
525 2482 628 2508 status
663 2478 839 2509 secundum
870 2478 1106 2521 Hermuyoram

150 2542 303 2581 quatuor,
330 2538 530 2578 conjectura,
560 2538 649 2577 finis,
683 2539 836 2582 qualitaS,
863 2544 895 2570 et
921 2539 1105 2578 translatio,

152 2598 208 2629 scd
242 2599 485 2630 translationem
529 2599 715 2632 tantundem
747 2599 919 2644 accipimus
950 2600 1104 2642 legalem,

1162 1976 1349 2022 qualitatem
1355 1998 1367 2013 ,
1401 1986 1497 2017 quam
1524 1974 1808 2016 praescriptionem
1834 1983 1892 2015 pro
1914 1971 2115 2014 perscriptio—

1158 2049 1233 2068 nem
1259 2036 1438 2069 scribendo.
1483 2034 1536 2067 De
1563 2035 1816 2078 praescriptione
1849 2044 1945 2077 supra
1970 2032 2038 2074 jam
2065 2031 2116 2074 egi

1157 2101 1211 2144 (ad
1231 2099 1259 2144 §.
1271 2100 1369 2143 446).

1225 2158 1442 2206 juridicialis]
1477 2159 1620 2192 Restitui
1656 2170 1767 2191 vocem
1798 2160 1984 2202 praeteriti,
2019 2169 2114 2201 quam

1158 2224 1292 2256 Grotius
1319 2224 1435 2255 iterare
1460 2222 1662 2263 neglexerat,
1692 2232 1711 2252 e
1737 2220 1900 2252 codicibus
1927 2218 2113 2252 monacensi

1156 2285 1212 2329 (C)
1236 2290 1269 2316 et
1293 2283 1552 2316 Darmstattensi.
1579 2283 1752 2314 Praeterea
1776 2281 1985 2320 monendum,
2013 2278 2110 2322 paulo

1156 2353 1230 2380 ante
1251 2359 1311 2391 pro
1326 2349 1486 2391 posterius
1501 2346 1652 2378 Grotium
1668 2345 1803 2387 margini
1826 2342 2031 2387 adscripsisse
2057 2352 2110 2384 po—

1154 2411 1289 2448 sterior,
1316 2410 1404 2453 quod
1430 2414 1535 2440 tamen
1556 2419 1621 2439 non
1648 2407 1762 2451 placet.

1231 2470 1407 2517 dividitur]
1432 2473 1526 2504 Haec
1556 2471 1738 2502 distributio
1761 2468 1845 2512 apud
1868 2466 2044 2498 Auctorem
2070 2464 2112 2497 ad

1155 2534 1354 2565 Herennium
1371 2534 1424 2577 (1,
1452 2533 1512 2576 15)
1528 2538 1561 2564 et
1577 2532 1766 2565 Ciceronem
1786 2529 1838 2571 (de
1857 2528 1975 2559 invent.
1994 2528 2025 2567 1,
2053 2528 2111 2558 11.

1155 2596 1194 2638 2,
1220 2596 1268 2629 25
1288 2601 1322 2630 et
1339 2595 1404 2640 24)
1420 2596 1487 2628 fere
1506 2594 1619 2627 iisdem
1638 2591 1743 2624 verbis
1765 2594 1884 2629 exstat3
1910 2600 1991 2632 quae
2011 2600 2108 2632 quum

2152 276 2243 318 455

2149 1073 2240 1115 454
