2310 2860
223 170 311 211 76ss
783 160 984 202 Martiani
1020 159 1220 216 Capellae
1249 157 1322 199 lib.
1350 156 1429 199 IX.
1458 158 1490 209 ᾗ.
1514 156 1612 198 981,

226 276 265 317 id
302 285 359 316 cst
391 274 464 328 qui
499 269 668 311 duobus
702 267 968 323 temporibus
999 265 1224 320 impletur,
1269 263 1671 320 proceleusmaticus
1703 263 1877 318 quidem
1909 265 1981 306 sed
2009 262 2182 306 brevior

227 356 499 404 nominatum
556 350 627 390 ille
678 362 781 391 vero
828 342 964 400 major
1010 355 1090 397 est,
1152 345 1227 400 qui
1273 360 1324 386 ex
1371 354 1558 400 quatuor
1602 343 1808 385 brevibus
1858 344 2051 386 efficitur.
2132 345 2187 386 At

228 450 330 476 vero
376 432 568 482 brevior,
623 429 666 470 id
715 438 775 469 est
812 427 1020 477 disemus,
1077 425 1285 481 syneches
1332 434 1538 476 vocatur,
1597 425 1700 480 quia
1748 425 1838 480 ipsa
1883 424 2105 465 assiduitas
2148 434 2188 467 et

227 513 465 568 frequentia
515 508 912 566 comprehendentis
957 523 1000 548 se
1039 506 1222 547 invicem
1269 505 1457 560 syllabae
1504 519 1584 546 nec
1621 504 1958 559 magnitudinem
1995 504 2188 558 aliquam

230 612 307 638 nec
343 594 520 636 modum
558 593 718 633 divisae
757 589 965 647 potestatis
1004 586 1210 637 extendit,
1254 586 1436 640 ideoque
1479 601 1528 627 eo
1564 600 1663 627 raro
1701 585 1762 626 uti
1804 584 1944 636 decet,
1997 599 2050 625 ne
2084 583 2190 624 assi-

231 678 371 719 duitas
417 675 557 716 brevis
602 672 792 729 syllabae
842 685 1012 711 carmen
1052 669 1217 724 ipsum,
1263 667 1380 723 quod
1428 682 1527 708 cum
1578 667 1777 722 dignitate
1824 667 1970 722 aliqua
2009 665 2192 722 proferri

233 766 419 813 oportet,
454 755 622 796 incidat.
680 754 729 796 In
759 752 1040 810 permixtione
1065 765 1167 793 vero
1196 748 1377 790 aliorum
1407 748 1592 804 pedum,
1626 748 1701 804 qui
1726 749 1933 803 longiores
1959 755 2192 804 ponuntur,

233 839 429 880 decenter
476 847 664 894 aptatur,
718 840 764 877 ut
816 835 988 876 illorum
1040 832 1253 890 prolixam
1297 843 1466 871 moram
1510 828 1814 870 interveniente
1858 843 1936 870 sua
1985 826 2194 868 celeritate

236 931 492 978 compenset.
551 922 700 970 Quare
730 915 1158 975 proceleusmaticus,
1203 912 1279 968 qui
1315 910 1367 951 ad
1396 925 1598 952 numeros
1631 920 1818 967 aptatur,
1863 925 1887 952 a
1918 909 2192 965 quadrisemo

234 1005 460 1046 exordium
502 1003 627 1043 debet
661 1002 865 1057 accipere.
925 999 1211 1053 Anapaestus‚
1264 993 1340 1047 qui
1374 1001 1573 1043 vocatur,
1618 992 1794 1048 accipi-et
1823 990 2046 1033 elationem
2079 987 2196 1046 pedis

239 1086 366 1126 unius
407 1083 626 1139 temporis,
688 1081 937 1138 positionem
984 1093 1087 1120 vero
1137 1076 1326 1118 duorum
1372 1084 1618 1129 temporum
1660 1073 1793 1114 faciet.
1871 1067 2196 1113 Monoehrono'n

240 1165 400 1221 quippe
437 1163 590 1204 dicitur
630 1171 801 1216 tempus
847 1160 972 1201 etiam
1014 1173 1151 1214 quum
1193 1157 1317 1211 longa
1357 1156 1549 1211 ponitur,
1592 1169 1705 1208 quae
1735 1154 1858 1208 longa
1888 1153 1974 1193 duo
2005 1162 2199 1205 tempora

241 1245 430 1299 recipcre
462 1242 703 1293 consuevit3
735 1240 804 1282 vel
828 1254 964 1294 quum
998 1239 1077 1279 tria
1108 1247 1300 1293 tempora
1326 1236 1455 1277 simul
1481 1234 1628 1276 brevia
1652 1234 1934 1283 collocantur,
1965 1231 2033 1272 vol
2058 1245 2197 1286 quum

240 1334 338 1366 sunt
378 1333 564 1380 quatuor
602 1336 806 1372 numero3
853 1334 965 1375 quae
1006 1319 1150 1359 omnia
1190 1318 1243 1359 ad
1285 1317 1650 1373 comparationem
1680 1315 1829 1369 longae
1860 1313 2049 1369 syllabae
2078 1326 2199 1352 com-

242 1416 458 1463 putantur.
517 1404 650 1458 Igitur
689 1402 827 1456 major
867 1391 1119 1456 anapaestus
1162 1398 1386 1439 elationem
1426 1396 1602 1451 quidem
1642 1394 1860 1450 suscipiet,
1908 1407 2020 1448 quae
2050 1406 2202 1433 mono-

244 1488 425 1528 chronos
447 1500 535 1526 esse
559 1484 747 1536 dicatur3
778 1482 1028 1538 positionem
1055 1480 1293 1522 dichronon
1316 1478 1478 1520 habere
1504 1486 1776 1518 monstratur.
1809 1476 1956 1526 Quare
1981 1475 2203 1529 utriusque

243 1568 466 1624 temporis,
514 1565 633 1622 quod
672 1565 714 1606 in
754 1563 957 1619 positione
995 1562 1142 1613 suerit,
1192 1560 1363 1616 aequali
1400 1559 1477 1601 sibi
1510 1559 1667 1614 posito,
1718 1566 1883 1613 oportet
1912 1556 2100 1597 elationis
2128 1570 2202 1610 ge-

246 1651 413 1692 minum
459 1657 627 1702 tempus
670 1645 881 1700 accipore;
945 1644 1000 1683 ita
1047 1653 1210 1694 tamen,
1271 1651 1319 1683 ut
1363 1649 1548 1694 utroque
1596 1638 1836 1693 insequenti
1892 1647 2084 1692 tempore
2127 1649 2205 1690 par

246 1731 377 1786 priori
417 1744 506 1770 esse
546 1727 756 1769 videatur.
833 1723 980 1773 Quare
1023 1733 1274 1778 anapaestus
1308 1724 1388 1763 ἀπὸ
1415 1725 1597 1770 μείζονος
1638 1720 1870 1775 dactylicus
1911 1733 1933 1759 a
1962 1717 2082 1758 nobis
2118 1731 2206 1758 esse

249 1812 424 1862 dicitur3
456 1819 622 1850 atvero
648 1814 918 1861 anapaestus,
951 1803 1025 1859 qui
1059 1806 1138 1846 ἀπὸ
1167 1807 1379 1848 ἐλάσσονος
1404 1801 1671 1851 nominatur,
1700 1815 1754 1841 cx
1784 1799 1953 1840 duabus
1987 1799 2208 1849 brevibus,

251 1906 363 1947 quae
394 1890 434 1930 in
468 1888 644 1929 clatione
681 1886 782 1936 sint,
824 1894 864 1926 et
901 1899 952 1925 ex
993 1898 1104 1934 una,
1148 1897 1262 1938 quae
1293 1883 1336 1923 in
1377 1881 1579 1937 positione
1609 1880 1678 1932 sit,
1717 1880 1955 1934 copulatur.
2016 1878 2206 1933 Simplex

253 1988 355 2014 vcro
394 1970 607 2027 spondeus
646 1968 747 2020 erit,
795 1966 870 2023 qui
908 1980 964 2007 ex
999 1965 1206 2021 producta
1241 1974 1329 2006 tam
1369 1963 1451 2005 arsi
1495 1977 1632 2019 quam
1666 1961 1771 2003 thesi
1808 1961 2009 2017 jungitur.
2069 1959 2208 2014 Major

328 2091 470 2138 brevior]
499 2092 622 2124 Graece
650 2087 819 2131 ἁπλοῦς,
851 2094 886 2120 ut
903 2087 1004 2130 major
1029 2085 1203 2127 διπλοῦς.
1331 2098 1350 2118 α
1369 2083 1585 2133 quadrisemo]
1602 2084 1763 2117 Omissam
1780 2083 1814 2115 in
1832 2082 1926 2115 editis
1942 2080 2208 2127 praepositionem

255 2158 454 2191 Mn1non.—
468 2154 575 2194 Vulgo
593 2152 794 2196 pyrrhichius
815 2151 1002 2194 appellatur.
1256 2160 1277 2181 a
1300 2159 1319 2180 e
1344 2147 1594 2179 Darmstattensi
1617 2145 1774 2190 supplevi.

331 2220 479 2252 brevibus
501 2214 646 2260 efficitur]
674 2214 828 2246 Grotiana
853 2225 960 2256 margo
986 2214 1155 2257 effingitur.
1333 2217 1527 2255 anapaestus
1550 2212 1607 2257 qui
1628 2207 1780 2253 vocatur]
1817 2207 1874 2239 Sic
1895 2194 2160 2237 Daimstattcnsis
2180 2211 2213 2237 et

332 2294 368 2314 eo
393 2278 487 2325 raro]
514 2279 628 2311 Codex
652 2276 916 2308 Darsustattensis
943 2288 979 2307 eo
996 2277 1117 2314 rarius,
1143 2283 1206 2317 quo
1258 2273 1493 2306 Meibomiauus
1511 2272 1590 2303 alter
1605 2270 1679 2314 (A);
1706 2269 1802 2309 vulgo
1821 2267 1996 2299 addebatur
2014 2268 2131 2306 minor,
2155 2266 2212 2298 sed

260 2352 364 2377 tamen
387 2355 450 2375 non
474 2341 573 2382 magis
598 2350 678 2383 opus
700 2342 766 2377 est,
797 2349 891 2380 quam
915 2337 1001 2381 quod
1027 2348 1102 2368 mox
1127 2334 1208 2367 Gro-
1261 2335 1334 2368 huie
1356 2339 1514 2378 repugnat
1540 2332 1626 2377 quod
1653 2330 1784 2363 iuferius
1805 2329 1918 2361 iisdem
1940 2329 2044 2361 verbis
2070 2328 2213 2373 sequitur

262 2409 324 2440 tius
350 2409 381 2439 iu
403 2406 543 2448 margine
569 2403 676 2448 posuit
700 2407 820 2446 oportet
847 2413 904 2444 pro
935 2401 1033 2433 decet.
1059 2399 1128 2431 Sed
1152 2409 1210 2443 pro
1263 2399 1302 2431 de
1324 2399 1444 2442 tuaajore
1472 2401 1652 2440 anapaesto„

262 2471 419 2504 Grotiano
441 2482 498 2501 nec
528 2469 702 2500 assiduitas
724 2464 874 2509 rescripsi
894 2477 934 2496 ne
954 2477 993 2496 ex
1013 2463 1210 2496 Reichenau-
1341 2455 1578 2502 computantur]
1587 2454 1850 2488 Darnistattensis
1860 2454 1960 2487 codex
1972 2458 2213 2496 componuntur.

263 2535 331 2567 ensi
355 2541 386 2566 et
409 2533 622 2566 Meibomiano
649 2536 803 2574 utroque,
829 2528 1015 2573 praesertim
1037 2539 1134 2572 quum
1146 2526 1213 2569 jam
1337 2518 1540 2565 copulantur]
1569 2519 1682 2552 Codex
1703 2519 1732 2549 B
1751 2516 2114 2560 componaturdllmmost.

266 2596 439 2628 :uum-iores
463 2595 619 2627 editiones
643 2592 721 2625 illud
749 2591 909 2623 haberent.
1337 2583 1440 2628 τυπῇσι·
1462 2579 1555 2626 vero]
1589 2580 1646 2614 Sic
1673 2580 1773 2624 probe
1803 2577 1928 2622 εει-’φής
1953 2576 2057 2609 editus
2081 2576 2214 2609 insercto
