2310 2860
160 191 222 231 50

161 295 339 338 donaria
378 294 469 348 ejus
517 290 652 347 adytis
700 290 860 347 Sophia
905 289 1132 340 defixerat,

774 183 974 226 Martiani
1012 181 1211 238 Capellae
1249 182 1322 223 lib.
1346 181 1379 223 I.
1417 183 1449 233 ᾗ.
1469 180 1512 223 7.

1182 302 1270 344 quo
1317 302 1361 328 se
1397 302 1700 343 recognoscens
1744 291 1870 332 etiam
1907 291 2114 347 originem

162 374 288 415 vellet
317 373 569 428 exquirere,
622 371 819 413 clementi
849 371 1102 426 benignitate
1141 369 1290 425 largita
1323 378 1394 411 est.
1451 370 1656 412 Lemnius
1688 386 1867 427 quoque
1906 372 2027 414 faber
2057 373 2117 414 illi

162 455 401 511 insopibiles
457 453 728 509 perennitatis
783 452 988 508 igniculos
1000 484 1012 504 ,

161 538 500 595 opprimeretur,
538 535 734 577 incendit.

160 618 405 675 Aphrodite.

1078 466 1132 492 ne
1181 451 1456 507 caligantibus
1504 452 1687 493 tenebris
1732 463 1942 509 nocteque
1992 469 2118 496 coeca

803 535 964 576 Omnes
1006 547 1110 575 vero
1141 532 1361 573 illecebras
1403 532 1513 573 circa
1543 546 1689 573 sensus
1721 543 1891 575 cunctos
1923 534 2120 590 apposuit

482 618 594 658 Nam
629 627 669 658 et
697 617 921 672 unguentis
955 614 1153 665 oblitam,
1200 613 1469 670 floribusque
1506 613 1771 665 redimitam,
1820 615 1969 656 halatu
2004 615 2119 671 pasci

161 702 387 756 foverique
417 699 641 751 docuerat,
693 708 732 739 et
763 698 890 740 melle
929 696 1235 754 permulserat,
1283 705 1323 737 et
1361 711 1466 737 auro
1506 705 1636 751 atque
1674 695 1905 736 monilibus
1935 695 2119 747 inhiare,

162 782 445 837 membraque
484 780 632 823 vinciri
667 779 955 821 honorationis
999 778 1135 819 celsae
1169 776 1430 819 affectatione
1471 786 1754 834 persuaserat.

158 935 222 955 non
253 925 294 955 sit
320 924 441 965 simile,
481 924 542 955 diis
570 923 746 954 immixtam
770 935 843 954 csse
865 923 1010 955 Musam:
1039 922 1117 954 mihi

156 994 262 1023 tamen
278 988 356 1018 haec
368 988 461 1018 aliter
476 986 683 1028 intelligenda
705 997 777 1017 esse
798 986 957 1018 w'dentur.
992 985 1117 1029 Speew

156 1049 222 1079 lum
246 1048 328 1079 enim
344 1048 378 1079 in
393 1048 495 1091 adytis
512 1047 650 1079 Uraniae
673 1059 692 1079 a
709 1046 833 1091 Sophia
857 1048 996 1079 defixum
1016 1047 1117 1078 fuisse

156 1109 289 1150 dicitur,
324 1121 388 1153 quo
419 1109 459 1140 ad
491 1109 727 1153 philosophiam
757 1121 954 1140 revocamur.
995 1108 1118 1140 Notum

156 1185 173 1204 e
194 1173 332 1205 Platone
356 1172 506 1216 (Pbaedr.
529 1184 560 1217 p.
573 1172 648 1205 259
670 1171 799 1216 steph.)
823 1172 976 1203 Uraniam
990 1172 1117 1204 Musam

156 1247 173 1266 a
192 1233 393 1277 pbilosophis
416 1234 552 1266 maxime
579 1232 770 1266 celebratam
794 1234 913 1274 fuisse,
951 1233 1044 1275 cujus
1070 1232 1117 1264 rei

157 1310 252 1329 causa
276 1298 366 1329 facile
389 1297 596 1342 perspicitur,
623 1297 719 1329 modo
738 1297 988 1344 perpendamus,
1014 1296 1116 1340 ipsam

157 1363 238 1392 hane
257 1361 385 1392 Musam
405 1361 617 1393 astronomiae
633 1373 801 1406 praeesse,
838 1361 988 1405 Psychen
1011 1366 1118 1392 autem

157 1423 223 1454 sive
249 1422 384 1454 animam
411 1423 586 1455 secuudum
610 1423 758 1455 Platonis
791 1423 967 1454 doctrinam
998 1421 1117 1453 visibili

156 1484 318 1515 harmonia
342 1484 375 1516 in
398 1484 488 1515 coel'o
514 1490 685 1528 conspecta
707 1484 888 1523 admoneri,
910 1489 946 1514 ut
966 1483 999 1514 in
1021 1494 1117 1513 usum

156 1546 270 1579 mentis
308 1558 382 1578 suae
421 1553 586 1579 convertat
615 1559 697 1591 quae
726 1547 761 1579 in
790 1546 883 1580 coelo
915 1545 1117 1590 perspexerit

156 1610 252 1653 (Tim.
282 1622 313 1654 p.
329 1610 379 1642 47
410 1609 525 1654 Stcpln.
555 1610 607 1642 Cf.
629 1610 793 1642 Plutarch.
824 1610 863 1641 de
890 1621 940 1641 an.
968 1619 1073 1653 procr.
1094 1608 1116 1640 s.

156 1685 187 1715 p.
211 1672 319 1703 1050.
345 1671 440 1712 Diog.
466 1671 574 1703 Laert.
598 1672 642 1711 2,
670 1672 718 1704 55
751 1671 859 1715 ibique
892 1683 910 1702 a
940 1669 1114 1703 Meibomio

157 1735 303 1767 laudatos
333 1734 511 1775 Senecam,
545 1735 746 1776 Phaedrum,
775 1733 998 1779 Appulejum).
1024 1733 1112 1778 Qua-

157 1804 288 1842 propter
317 1798 411 1830 etiam
436 1798 468 1829 in
485 1798 653 1830 Juvenalis
685 1798 758 1843 (11,
789 1798 851 1842 27)
879 1797 1003 1829 verbis:

208 1879 253 1882 -ψ
283 1878 330 1883 —
365 1872 398 1891 ne
416 1859 506 1892 coelo
531 1860 695 1892 deseendit
718 1858 855 1894 Γνῶθι
874 1855 1059 1894 σεαυτὸνσ

157 1921 228 1964 plus
260 1921 364 1952 inesse
402 1921 551 1962 arbitror,
591 1933 687 1965 quam
714 1921 800 1953 docti
826 1921 896 1963 ejus
921 1921 1111 1965 interpretes

156 1981 311 2014 videi-unt.
353 1982 449 2014 Certe
477 1982 661 2027 speculum,
694 1983 781 2028 quod
802 1982 926 2027 Sophia
949 1982 983 2014 in
1008 1981 1112 2025 adytis

156 2045 292 2085 Uraniae
323 2046 493 2087 defixerat,
546 2047 628 2079 illud
662 2052 729 2088 est,
774 2059 840 2092 quo
875 2052 976 2078 semet
1008 2046 1112 2091 ipsam

157 2121 349 2151 cognoscere
378 2109 504 2153 Psyche
525 2110 668 2153 jubetur.
711 2111 798 2143 Infra
833 2109 875 2156 (ξ.
897 2109 986 2154 546)
1015 2110 1112 2142 etiam

157 2178 266 2205 noster
302 2173 401 2204 uinter
430 2175 535 2206 omnia
562 2174 726 2207 animalia«
762 2175 806 2206 ait
837 2181 1001 2206 ‚maturam
1033 2174 1111 2206 solis

156 2237 338 2269 hominibus
356 2237 394 2268 ad
412 2249 445 2268 se
462 2239 718 2280 cognoscendum
730 2239 882 2271 rationari
894 2238 1104 2283 permisissem

155 2299 335 2344 Scripserat
352 2301 435 2333 cuim
451 2301 566 2334 Cicero
589 2302 641 2347 (de
664 2303 716 2335 fin.
737 2305 777 2343 5,
809 2302 885 2346 16)=
907 2302 1111 2334 »Intrandum

155 2370 203 2395 cst
230 2363 326 2405 igitur
356 2364 389 2395 in
417 2376 522 2396 rerum
551 2372 711 2407 naturam,
743 2372 774 2398 et
794 2367 939 2411 penituS,
967 2367 1044 2410 quid
1075 2378 1112 2398 en

156 2426 317 2468 postulet,
355 2426 595 2469 pervidendum.
626 2427 733 2459 Aliter
759 2429 842 2460 enim
868 2434 994 2460 nosmet
1022 2429 1110 2472 ipsos

156 2499 250 2518 nosse
273 2499 337 2519 nun
359 2499 540 2531 possumus.
579 2489 679 2532 Quod
699 2496 921 2533 praeceptum,
953 2490 1026 2533 quia
1046 2501 1110 2522 ma-

152 2549 205 2589 jus
230 2556 313 2587 crat,
349 2562 442 2593 quam
478 2555 512 2581 ut
544 2550 583 2582 ab
612 2550 739 2582 homine
775 2551 950 2592 videretur,
992 2552 1110 2583 idcirco

156 2611 349 2653 assignatum
387 2620 435 2645 est
470 2614 552 2646 Deo.
602 2613 703 2647 Jubet
745 2614 840 2656 igitur
875 2627 935 2648 nos
973 2615 1109 2659 Pythius

1821 776 1950 816 Tunc
1982 777 2118 832 crepi-

1166 923 1288 967 Apollo
1303 934 1436 954 noscere
1454 927 1579 952 nosmet
1595 922 1711 965 ipsos«
1744 920 1874 965 Speculi
1889 927 1994 953 autem
2012 921 2119 953 simili-

1167 984 1277 1015 tudine
1291 984 1376 1014 haud
1391 994 1464 1014 raro
1483 988 1616 1014 utuntur
1636 988 1761 1015 veteres
1777 983 1810 1014 in
1825 982 2032 1015 describenda
2047 993 2120 1024 eog-

1168 1047 1291 1080 nitione
1313 1046 1381 1086 suit,
1409 1046 1448 1078 cf.
1463 1046 1692 1090 VVyttenbach
1713 1047 1753 1077 ad
1767 1047 1855 1078 Plut.
1871 1046 1970 1079 Μοιτ.
1987 1060 2018 1090 p.
2040 1047 2121 1078 152.

1244 1105 1411 1152 miqinem]
1444 1106 1579 1139 Animas
1611 1107 1697 1139 enim
1725 1120 1767 1139 ex
1800 1109 1893 1140 astris
1925 1108 1958 1139 in
1988 1119 2120 1152 corpora

1167 1172 1304 1203 humana
1332 1171 1526 1203 descendere
1551 1178 1694 1207 veterum
1717 1178 1786 1204 erat
1817 1172 1925 1217 opinio
1954 1173 1996 1216 (v.
2026 1178 2119 1204 notas

1168 1234 1207 1265 ad
1235 1232 1352 1277 §.165
1370 1239 1401 1264 et
1420 1233 1509 1272 169,
1546 1239 1577 1264 et
1596 1233 1668 1266 Pal.
1683 1233 1753 1266 crit.
1770 1234 1829 1266 IV.
1859 1233 1888 1278 ἓ.
1906 1234 2002 1277 759).
2032 1234 2120 1265 Hinc

1168 1297 1319 1341 Psychen
1343 1302 1454 1328 noster
1477 1296 1568 1338 fingit
1591 1309 1632 1328 ex
1654 1295 1793 1329 Uraniae
1821 1297 1952 1342 speculo
1975 1298 2119 1341 potuisse

1168 1359 1290 1391 discere
1315 1359 1469 1400 originem
1492 1370 1591 1391 suam.

1241 1422 1395 1452 Lenmius
1410 1418 1516 1464 faber]
1542 1419 1682 1451 Vulcani
1709 1431 1887 1462 cognomen
1916 1420 1956 1452 ab
1985 1419 2120 1451 ¹Homeri

1165 1484 1273 1515 sabula
1296 1483 1450 1525 originem
1470 1485 1597 1515 trahens
1620 1484 1796 1526 (Heraclid.
1823 1483 1856 1514 in
1886 1483 1981 1516 Galei
2009 1496 2118 1527 opusc.

1165 1560 1197 1590 p.
1213 1548 1298 1579 445.
1338 1547 1408 1578 Cic.
1427 1546 1468 1578 N.
1483 1547 1525 1578 l).
1542 1548 1583 1586 5,
1614 1546 1674 1578 22.
1711 1546 1808 1579 Tuse.
1824 1547 1867 1587 2,
1901 1548 1958 1579 10.
2000 1547 2117 1589 Vix-gil.

1165 1609 1264 1643 ovid.
1283 1608 1367 1651 cet.).
1406 1608 1474 1641 Sed
1496 1609 1639 1653 quamvis
1665 1609 1797 1651 ignobili
1815 1610 1876 1642 isto
1898 1611 2025 1642 nomine
2051 1617 2117 1642 uta-

1164 1677 1217 1703 tur
1244 1677 1370 1711 noster,
1405 1683 1423 1702 e
1451 1671 1582 1715 reliquis
1607 1677 1712 1703 tamen
1737 1678 1844 1716 putet,
1879 1685 1953 1704 eum
1981 1673 2021 1705 ad
2042 1674 2116 1706 Pla-

1164 1741 1272 1767 tonem
1301 1734 1499 1779 respexisse,
1534 1735 1589 1779 qui
1611 1736 1713 1780 (Crat.
1735 1749 1767 1779 p.
1783 1737 1857 1768 407
1879 1735 2005 1781 Steph.)
2035 1738 2116 1770 Vul-

1164 1809 1277 1829 canum
1302 1793 1522 1844 “H90at6‘c0v
1548 1798 1640 1841 quasi
1676 1799 1806 1830 Imninis
1837 1799 2016 1842 praesidem
2045 1811 2116 1830 esse

1161 1866 1308 1893 vocatum
1331 1860 1435 1892 docet.

1238 1924 1286 1956 illi
1306 1921 1502 1969 insopibiles]
1525 1923 1575 1956 Ita
1589 1923 1786 1957 Basileensis
1804 1931 1836 1957 et
1850 1924 2115 1960 Darmstattensis

1163 1986 1291 2020 codices
1318 1985 1419 2017 multo
1449 1985 1581 2027 melius,
1620 1998 1715 2031 quam
1743 1989 1919 2031 insopibilis
1954 1989 2003 2020 illi
2031 1989 2116 2033 apud

1163 2048 1323 2082 Grotium.

1235 2110 1361 2156 halatu]
1398 2110 1560 2143 Suavibus
1595 2111 1745 2144 delectari
1777 2112 1946 2145 odoribus:
1981 2124 2114 2157 namque

1163 2177 1276 2209 codem
1298 2187 1394 2207 sensu
1417 2176 1475 2206 hac
1500 2187 1578 2207 voce
1600 2182 1711 2208 noster
1730 2176 1811 2207 infra
1829 2175 1927 2207 utitur
1950 2175 1992 2220 (ἓ.
2011 2176 2113 2220 215)=

1171 2237 1334 2270 »Arabicis
1355 2237 1554 2268 laetabantur
1569 2237 1753 2269 balatibus«
1787 2236 1977 2270 Martianum
1992 2237 2114 2271 Veneri

1163 2301 1196 2332 in
1223 2298 1333 2344 primis
1365 2298 1513 2330 tribuisse
1554 2300 1638 2330 hunc
1669 2298 1843 2343 appetitum
1874 2311 1914 2330 cx
1945 2311 1982 2331 eo
2013 2306 2111 2344 patet,

1163 2363 1249 2408 quod
1268 2362 1407 2395 Veneris
1425 2362 1504 2394 adeo
1535 2361 1647 2394 stellae
1670 2361 1713 2406 (ξ.
1734 2362 1792 2406 14)
1818 2363 1966 2394 virtutem
1996 2364 2112 2396 adscri—

1162 2427 1227 2471 psit
1262 2425 1379 2457 »odore
1404 2430 1436 2456 et
1466 2424 1573 2456 halatu
1598 2424 1777 2456 illiciend'm
1809 2424 1895 2456 Infra
1921 2423 1964 2469 (ξ.
1982 2425 2043 2468 85)
2072 2426 2111 2457 de

1162 2487 1300 2522 Veneris
1334 2486 1434 2530 ipsius
1468 2485 1739 2528 „flagrantissimis
1768 2486 1897 2530 spiritus
1929 2487 2104 2518 balatibus«

1163 2551 1238 2595 agit.

1235 2611 1441 2657 crepitacula]
1468 2612 1589 2645 Eadem
1613 2624 1692 2656 quae
1713 2613 1895 2657 crepundia.
1925 2611 2109 2645 Arnobius:
