2310 2860
58 238 134 279 171
169 234 383 278 versiones
421 232 484 274 bis
529 231 649 273 binas
692 230 881 273 vultibus
922 227 1202 284 praeferebat.

169 128 261 172 226

738 122 938 166 Martiani
963 120 1177 185 ’Capellae
1215 120 1289 162 lib.
1313 119 1369 162 II.
1409 122 1439 173 §.
1464 120 1556 162 171.

1267 227 1335 269 Ex
1369 225 1468 268 hinc
1507 226 1647 268 medio
1684 241 1817 282 quam
1861 227 1915 268 ad
1951 227 2126 269 Lunam

173 313 492 364 conscenderat,
523 311 577 353 ad
606 310 787 367 Cyllenii
819 308 1029 350 circulum
1054 306 1182 348 venit.
1241 305 1341 355 Quo
1364 305 1597 347 hemitonio
1627 317 1871 363 permeato,
1901 308 2126 364 multiplex

64 395 146 437 172
174 397 231 448 ei,
270 403 412 450 utpote
442 393 618 434 nubenti
647 392 867 442 dominae,
908 389 1204 431 ministrorum
1236 386 1424 442 populus
1454 387 1736 429 laetabundus
1767 388 1964 429 occurrit.
2010 388 2125 429 Inter

62 882 145 925 175

176 489 283 532 quos
319 474 574 530 splendentis
610 474 775 515 formae
815 472 1075 526 habitusque
1120 468 1280 510 femina
1324 482 1372 509 ac
1414 478 1638 524 promptae
1675 470 1880 511 ubertatis
1911 469 2130 510 ornatibus

175 557 397 613 opulenta,
438 557 600 612 virgine
638 556 837 606 salutata,
885 567 1025 608 usque
1055 552 1098 593 in
1129 552 1220 607 ejus
1251 550 1448 592 osculum
1480 550 1637 591 confisa
1668 552 1872 606 pervenit.
1931 551 2014 592 Sed
2050 551 2132 591 mi—

173 638 350 679 rabatur
389 637 460 678 illa
506 636 837 691 obsequentium
881 632 1136 682 multitudo,

1195 646 1308 687 quae
1354 633 1463 673 sicut
1500 633 1636 687 Syrus
1678 631 1856 687 quidam
1904 631 2051 672 astruit
2089 631 2133 671 in

172 734 355 762 numero
386 719 577 761 duorum
608 717 792 759 millium
831 715 971 756 fuerat
1009 715 1253 765 constituta,
1303 712 1421 768 quod
1451 712 1634 764 femina,
1674 728 1808 768 quam
1840 712 2034 754 Hetrusci
2070 712 2136 753 di-

174 801 326 842 cebant
354 800 431 856 ipsi
470 800 550 841 deo
587 807 768 854 nuptam
807 796 934 837 fuisse
961 795 1199 850 Cyllenio,
1243 795 1364 836 nulla
1405 810 1580 851 prorsus
1622 795 1784 836 invidia
1823 795 2003 845 titillata,
2046 795 2135 835 vir-

173 883 314 938 ginem
345 881 573 937 complexa
603 879 924 920 constrinxerat.
982 877 1098 917 Haec
1140 885 1284 917 autem
1315 875 1558 926 Facundia,
1600 891 1700 917 nam
1733 877 1792 916 illi
1822 876 1903 917 hoc
1936 885 2026 917 erat
2056 891 2132 917 vo—

174 962 401 1012 cabulum,
448 961 491 1001 in
529 959 785 1013 Philologiac
824 957 1047 1013 penatibus
1086 972 1130 997 se
1168 967 1307 999 ortam
1348 957 1661 1013 educatamque
1708 958 2001 1009 memorabat,
2056 973 2135 1003 nee

173 1043 396 1098 indignum
427 1057 538 1093 esse,
585 1040 703 1097 quod
733 1040 810 1081 sibi
843 1040 1019 1081 alumna
1062 1040 1250 1096 praelata
1289 1050 1371 1092 est,
1413 1055 1525 1096 quae
1556 1050 1595 1081 et
1624 1040 1703 1081 sibi
1732 1055 1902 1095 semper
1935 1049 2133 1082 ornatum

179 1176 260 1207 117.
300 1174 424 1207 Cassal.
451 1174 490 1206 de
517 1173 659 1218 profanis
681 1173 794 1205 ritibus
816 1171 1050 1218 Aegyptiorum
1074 1173 1134 1214 24,

175 1252 207 1284 p.
232 1240 289 1270 77.
312 1239 449 1271 Caussei
477 1250 557 1270 mus.
580 1238 674 1270 Rom.
692 1239 727 1270 5.
745 1238 806 1269 tab.
836 1239 882 1269 15
910 1250 1000 1282 sequ.
1027 1238 1136 1279 Beger

175 1303 315 1333 thesaur.
331 1301 392 1341 111,
413 1314 443 1344 p.
464 1301 547 1332 599.
568 1300 736 1341 Sallengre
757 1301 895 1331 thesaur.
914 1299 956 1331 11.
978 1312 1009 1342 p.
1025 1297 1135 1341 1589)

178 1370 250 1396 ante
275 1365 386 1396 oculos
413 1363 535 1397 habuit.
579 1363 678 1406 Quod
706 1362 863 1405 reliquum
896 1368 960 1402 cst,
997 1362 1135 1394 Ovidius

176 1440 305 1471 quoque
345 1428 423 1459 deos
464 1427 588 1468 fingens
620 1427 810 1470 Typhonem
844 1426 1002 1467 fugientes
1041 1431 1073 1457 et
1101 1425 1135 1457 in

177 1491 323 1523 animalia
349 1502 420 1522 sese
443 1495 691 1522 transmutantes
709 1489 795 1535 (met.
819 1491 859 1531 5,
885 1489 972 1533 550)
999 1489 1128 1522 »latuite

175 1553 296 1597 inquit,

239 1614 337 1647 »Fele
365 1625 456 1645 soror
483 1614 626 1654 Phoebi,
653 1616 748 1645 nivea
771 1613 929 1646 Saturnia
951 1625 1076 1645 vaccam

176 1675 274 1709 Adde
298 1674 537 1719 Apollodorum
554 1675 601 1719 (1,
625 1676 660 1714 G,
682 1674 729 1717 5),
754 1680 786 1706 ct
806 1675 906 1716 Hugii
927 1675 1043 1706 librum
1065 1687 1133 1706 ver-

176 1737 291 1769 nacula
307 1736 416 1778 lingua
441 1736 593 1780 scriptum
618 1736 761 1780 (Mythos
779 1749 809 1779 p.
830 1738 875 1768 75
899 1742 930 1768 ct
951 1736 1050 1779 171),
1083 1736 1134 1769 cui

175 1805 282 1831 tamen
303 1796 486 1844 [concedere
509 1809 652 1841 neque0‚
686 1809 802 1829 nomeu
820 1798 931 1829 Nestis
953 1798 1043 1829 nihili
1062 1810 1133 1830 esse

177 1866 209 1893 et
233 1860 316 1904 apud
339 1865 463 1891 veteres
494 1871 605 1891 omnes
634 1859 872 1900 corrigendum,
911 1859 984 1903 quia
1007 1860 1040 1891 iu
1067 1865 1134 1891 tota

177 1922 286 1963 lingua
305 1920 502 1965 Aegyptiaca
524 1922 642 1952 frustra
667 1926 847 1964 quaeratur.
885 1920 1026 1952 Omnino
1049 1921 1133 1953 enim

177 1982 325 2027 (Scholtz
342 1982 433 2014 lexic.
450 1996 483 2026 p.
500 1982 561 2026 (31)
580 1983 698 2014 nischti
723 1982 880 2024 siguificat
903 1995 1030 2027 magna.

252 2044 398 2090 cervam]
429 2046 521 2078 Haec
547 2046 671 2078 Dianae
696 2058 802 2087 saera,
834 2059 916 2090 quac
941 2059 1012 2078 cum
1037 2047 1131 2079 Luna

179 2107 306 2149 eadem,
331 2107 405 2138 hinc
418 2104 674 2153 ἐλαφηβόλος,
695 2107 949 2155 ὲλαῳηβολὶα,
972 2107 1128 2155 ἐλαφία,

180 2167 365 2215 ἑλαφιαὶα
391 2168 489 2209 dicta,
523 2169 579 2200 scd
602 2175 633 2201 et
651 2165 885 2217 ὲλλοφόνος,
913 2170 1019 2205 :summ
1045 2171 1130 2203 enim

180 2230 318 2274 antiquis
343 2229 492 2277 ἔλαφοι.
512 2229 615 2262 Gnor.

255 2295 302 2326 bis
328 2292 434 2338 binas]
462 2293 592 2324 Cortius
620 2294 755 2337 quidem·
770 2306 788 2326 e
813 2294 1064 2340 Guelferbytano
1087 2298 1131 2328 af-

181 2357 242 2387 fert
267 2357 314 2387 bis
337 2366 442 2386 senas.
467 2353 590 2386 Verum
616 2366 681 2386 non
705 2356 744 2386 de
760 2356 922 2388 mensibus
940 2369 1044 2390 sermo
1065 2364 1131 2399 cst-3

181 2418 239 2449 sed
256 2417 296 2448 de
313 2417 426 2448 Lunae
446 2414 724 2455 conversionibus,
753 2429 849 2459 quare
873 2419 1011 2461 vulgaris
1034 2420 1130 2453 lectio

181 2478 398 2521 praeferenda.
425 2477 546 2510 Confer
565 2475 702 2508 Aratum
724 2476 834 2521 (780).

256 2540 380 2588 medio]
413 2540 562 2583 Intellige
591 2542 716 2585 spatio,
758 2541 809 2574 vel
838 2547 912 2576 tono
950 2542 1000 2588 (ἓ.
1029 2544 1128 2589 169).

1184 1173 1275 1206 Illico
1297 1173 1382 1205 enim
1398 1175 1459 1207 hot:
1479 1174 1618 1218 explicat
1632 1185 1710 1206 voce
1728 1174 1909 1206 hemitonio.
1935 1170 2030 1204 Adde
2052 1173 2136 1203 hune

1184 1236 1290 1268 locum
1313 1236 1423 1277 Hugio
1445 1236 1491 1280 (in
1521 1237 1617 1279 myth.
1647 1249 1677 1280 p.
1697 1236 1794 1278 208).

1258 1299 1406 1344 populus]
1432 1300 1482 1331 Ita
1513 1299 1554 1343 (ξ.
1570 1299 1633 1341 45)
1655 1300 1808 1342 populum
1832 1300 1982 1337 deorum,
2005 1296 2049 1341 (ἓ.
2075 1296 2137 1340 62)

1183 1363 1337 1405 populum
1352 1367 1567 1405 potestatum,
1596 1360 1639 1404 (ξ.
1662 1360 1751 1405 211)
1771 1361 1923 1404 populum
1945 1360 2138 1404 anyeHeum,

1185 1423 1232 1468 (§.
1259 1422 1349 1466 750)
1382 1424 1534 1466 populum
1565 1428 1725 1454 astrorum
1761 1422 1849 1454 dixit.
1891 1422 2018 1454 Pariter
2047 1421 2134 1455 Saxo

1186 1485 1420 1517 Grammaticus
1442 1485 1514 1528 (12.
1537 1497 1568 1528 p.
1587 1485 1659 1516 225
1689 1483 1814 1527 Steph.)
1837 1485 1973 1515 divitum
1984 1484 2137 1527 populum

1185 1549 1327 1592 scripsit,
1351 1554 1383 1579 et
1408 1548 1534 1579 Plinius
1560 1548 1608 1591 (2,
1635 1549 1667 1587 7,
1691 1547 1727 1590 5)
1752 1548 1903 1590 populum
1931 1548 2086 1579 coelitum.

1257 1610 1360 1651 Syrus
1389 1607 1531 1655 quidam]
1560 1609 1674 1641 Codex
1696 1609 1826 1652 quidem
1849 1609 2054 1642 Monacensis
2079 1609 2136 1653 (C)

1183 1672 1353 1705 lectionem
1370 1673 1465 1705 Girus
1478 1673 1627 1717 praebet,
1654 1673 1710 1705 scd
1727 1675 1788 1706 hoc
1805 1674 1899 1705 ctiam
1918 1674 2045 1705 nomine
2064 1674 2137 1704 sul)-

1185 1734 1296 1766 stituto
1320 1746 1386 1766 non
1415 1735 1516 1776 magis
1542 1735 1748 1776 intelligimus
1775 1748 1828 1775 ea,
1861 1748 1941 1779 quae
1958 1735 2135 1768 Martianus

1183 1797 1289 1828 refert.
1329 1798 1408 1829 Mox
1434 1809 1492 1840 pro
1527 1799 1562 1828 in
1591 1810 1724 1828 munero
1749 1798 1954 1830 Britannicus
1979 1799 2075 1830 habet
2102 1800 2136 1829 in

1184 1859 1302 1897 medio,
1338 1859 1425 1901 quod
1462 1864 1547 1889 certe
1584 1871 1656 1890 cum
1684 1859 1781 1890 verbo
1817 1861 1991 1891 constituta
2021 1860 2135 1892 melius

1184 1921 1348 1959 cohaeret3
1370 1921 1426 1952 sed
1444 1920 1477 1951 in
1494 1920 1590 1951 tantis
1604 1920 1745 1952 tenebris
1760 1921 1840 1952 nihil
1853 1926 1974 1953 mutare
1988 1927 2137 1966 praestat.

1255 1982 1439 2028 Facundia]
1466 1984 1561 2016 Hanc
1589 1996 1607 2016 a
1627 1985 1809 2026 I‘hilologia
1833 1985 1998 2018 educatam
2020 1988 2076 2018 cuir
2090 1985 2135 2017 di·

1181 2052 1232 2079 cat
1249 2046 1342 2079 facilc
1360 2046 1557 2088 intelligitur.
1590 2047 1654 2078 Ubi
1670 2052 1774 2078 autem
1793 2048 1831 2078 ab
1850 2047 1996 2079 Etruscis
2016 2047 2134 2078 dietum

1180 2110 1276 2142 fuerit
1300 2110 1450 2153 Cyllenio
1469 2122 1538 2142 cam
1554 2110 1726 2155 denuptam
1741 2110 1852 2150 fuisse,
1874 2110 2002 2141 omnino
2024 2122 2074 2142 me
2091 2110 2134 2141 la-

1181 2179 1236 2206 tet.
1262 2174 1369 2205 Deum
1388 2173 1543 2205 Horatius
1558 2174 1621 2218 (od.
1642 2176 1673 2214 1,
1699 2175 1755 2214 10,
1781 2173 1816 2217 1)
1837 2173 2010 2217 alloquitur
2032 2175 2135 2207 »Mer-

1182 2237 1260 2276 curi,
1275 2237 1416 2280 facunde
1430 2250 1531 2282 nepos
1550 2236 1729 2275 Atlantis«,
1750 2236 1912 2280 Orphieus
1934 2238 2054 2280 (hymn.
2074 2238 2134 2277 27,

1181 2298 1220 2343 4)
1250 2295 1388 2344 »λόγου
1415 2299 1599 2344 &ammian
1630 2297 1848 2344 προφῆτα.«
1898 2298 2008 2343 Atque
2037 2300 2134 2331 notis-

1183 2363 1261 2394 sima
1283 2374 1335 2393 res
1357 2367 1420 2398 est.
1447 2362 1652 2402 Mercurium,
1677 2367 1712 2392 ut
1731 2362 1886 2394 Macrobii
1910 2361 1992 2407 (Sat.
2011 2364 2048 2402 1,
2076 2363 2134 2407 12)

1181 2424 1286 2457 verbis
1313 2429 1398 2463 utar,
1429 2423 1534 2454 »vocis
1559 2429 1592 2454 et
1615 2424 1770 2455 sermonis
1791 2429 1972 2468 potentem«
2001 2425 2108 2456 fuisse.

1255 2483 1399 2529 almnna]
1420 2484 1526 2517 Simili
1547 2485 1642 2516 modo
1662 2485 1766 2517 Varro
1790 2486 1888 2529 (apud
1905 2486 2046 2518 Nonium
2064 2499 2135 2532 pag.

1179 2548 1252 2582 245
1277 2547 1391 2591 Mel-c.)
1419 2558 1547 2580 »canam
1571 2547 1738 2579 veritatem
1757 2546 1886 2580 Atticae
1914 2548 2134 2594 philosophiae
