2310 2860
137 561 189 602 71
220 561 480 615 crederetur.

223 212 310 257 114

224 327 364 375 caput.

845 208 1046 252 Martiani
1078 206 1278 265 Capellae
1313 208 1385 251 lib.
1406 208 1440 252 Ι.
1477 209 1594 262 §.70.

428 313 734 359 Praetendebat
770 314 923 359 dextra
952 315 1303 358 flammivomum
1344 315 1563 372 quendam
1605 316 1836 360 draconem
1874 318 2037 361 caudae
2066 332 2170 362 suae

222 400 374 442 ultima
402 398 701 452 devorantem,
731 413 864 455 quem
895 398 1123 441 credebant
1153 396 1252 438 anni
1282 409 1519 437 numerum
1548 399 1719 439 nomine
1757 398 1999 455 perdocere.
2031 400 2170 456 Ipsius

224 489 367 522 autem
406 479 583 521 canicies
623 479 834 535 pruinosis
872 479 1043 521 nivibus
1089 477 1359 529 candicabat‚
1397 477 1493 519 licet
1532 477 1602 518 ille
1632 479 1757 520 etiam
1787 494 1897 536 puer
1926 495 2049 537 posse
2077 479 2171 522 fieri

539 561 646 616 Ejus
685 562 844 616 conjux
873 560 1116 617 grandaeva
1155 559 1493 615 corpulentaque
1531 567 1690 610 mater,
1729 562 1928 614 quamvis
1958 559 2170 601 foecunda

222 642 570 698 oircumfusaque
600 643 831 698 partubus,
868 651 1011 683 tamen
1042 641 1242 683 floridam
1271 640 1618 695 discoloramque
1656 648 1817 682 vestem
1847 640 2026 683 herbida
2058 640 2170 696 palla

218 730 514 775 contexuerat,
557 723 601 763 in
631 736 719 777 qua
749 731 857 763 totus
887 734 1162 777 gemmarum
1195 718 1561 777 metallorumque
1598 736 1770 774 census,
1814 731 1942 778 atque
1972 723 2169 764 omnium

290 892 393 920 tectus
413 885 521 931 caput]
551 886 773 925 Graecismus,
798 892 833 916 ut
853 885 937 928 apud
954 886 1006 917 Lii
1016 886 1080 917 ium
1098 886 1171 929 (27,

216 950 278 993 57)
311 950 467 991 »virgines
495 949 624 990 longam
651 948 780 979 indutae
804 954 962 983 vestem«,
992 949 1172 981 Martialem

216 1013 265 1054 (5,
292 1012 348 1051 14,
371 1011 407 1054 6)
440 1016 554 1054 »caput
580 1015 719 1050 tectus«,
748 1009 899 1042 Ovidium
927 1011 1020 1054 (met.
1045 1013 1085 1051 5,
1110 1010 1171 1053 51)

224 1073 372 1106 »indutus
396 1074 594 1118 chlamydem
619 1073 784 1117 Tyriam«,
809 1074 889 1118 (14,
915 1074 1002 1117 262)
1035 1074 1172 1119 »pallam

216 1135 326 1167 induta
342 1136 532 1176 nitentem«,
559 1135 730 1167 Horatium
751 1136 812 1179 (ep.
832 1137 868 1176 1,
894 1137 951 1175 17,
973 1136 1035 1179 28)
1061 1136 1171 1180 »quid-

215 1198 294 1230 libet
318 1199 485 1242 indutus«,
519 1199 691 1241 Virgilium
716 1198 812 1242 (Aen.
837 1199 877 1239 2,
904 1199 990 1243 275)
1021 1201 1171 1232 nexuxu’as

216 1262 363 1294 indutus«
391 1263 463 1306 (11,
493 1262 579 1305 480)
606 1262 734 1295 ”oculos
754 1262 878 1304 dejecta
896 1262 1067 1303 decoros«,
1090 1264 1170 1307 (Cir.

212 1323 302 1367 206)
318 1324 418 1356 »dulci
433 1323 598 1355 devinctus
619 1324 738 1355 lumina
763 1336 909 1363 somno«,
923 1331 955 1355 et
970 1324 1171 1357 priscianum

213 1387 248 1431 (l.
275 1388 310 1420 8.
333 1399 363 1431 p.
385 1399 427 1419 m.
452 1386 540 1430 291)
566 1386 712 1418 »indutus
740 1394 830 1430 terga
853 1387 986 1419 lconis-c
1016 1388 1172 1433 Appellat

212 1448 369 1482 Rufianus
401 1449 444 1493 (Ρ.
471 1449 544 1481 248
573 1449 714 1493 Ruhnk.)
747 1451 897 1492 »figuram
925 1461 984 1494 per
1017 1451 1170 1484 accusati-

212 1524 315 1546 vum.«
359 1511 470 1556 Atque
497 1513 581 1556 apud
603 1519 747 1546 nostrum
776 1514 890 1545 iterum
912 1514 993 1545 infra
1019 1513 1060 1558 (ξ.
1086 1514 1171 1558 114)

220 1575 429 1619 ”obtectaque
448 1575 572 1607 vultum
589 1575 698 1616 virgo«
717 1576 843 1617 legitur.
869 1575 1046 1608 Saturnum
1066 1582 1171 1608 autem

212 1638 316 1671 velato
354 1639 528 1683 pinxerunt
565 1638 687 1681 capite,
739 1644 935 1682 quapropter
959 1638 1093 1670 Servius
1118 1640 1171 1683 (ad

328 1701 348 1713 .-

213 1698 296 1731 Λευ.
327 1712 369 1737 ο,
411 1701 496 1743 407)
527 1701 692 1733 observat:
732 1700 925 1733 »Sciendum
956 1702 1170 1734 sacrificantes

213 1760 273 1791 diis
295 1761 440 1791 omnibus
469 1767 565 1803 caput
585 1762 692 1793 velare
724 1768 914 1802 consuetos,
946 1769 1082 1806 excepto
1110 1763 1169 1795 Sa-

214 1828 324 1856 turno,
355 1833 394 1852 ue
423 1820 562 1852 numinis
592 1821 725 1852 imitatio
744 1834 816 1853 esse
841 1823 1039 1864 rideretur«,
1074 1830 1169 1867 atque

213 1886 323 1917 cadem
349 1884 445 1915 tradit
465 1884 648 1915 Macrobius
671 1884 846 1928 (Satur-nal.
874 1887 904 1922 1,
936 1886 1002 1930 10).

291 1946 474 1992 draconem]
492 1948 644 1979 Pluribus
667 1948 706 1979 de
726 1950 787 1980 hoc
805 1949 951 1992 symbolo
974 1950 1170 1982 aeternitatis

215 2009 276 2041 alio
299 2009 372 2042 loco
399 2009 572 2053 (palaeogr.
597 2009 665 2041 crit.
686 2009 746 2042 ΙΙΙ.
774 2022 804 2041 v.
827 2011 922 2044 indic.
947 2024 977 2055 p.
996 2012 1083 2053 495)
1109 2013 1171 2043 ‹lis-

216 2071 309 2102 scrui.
335 2070 423 2102 Hinc
451 2082 553 2102 annus
580 2068 713 2102 Graecis
737 2068 917 2111 ἐνιαυτός
940 2072 1060 2114 dietuS,
1088 2073 1171 2116 quia,

217 2138 423 2177 posteaquam
461 2132 521 2165 Sol
551 2131 719 2163 duodecim
750 2131 883 2164 Zodiaei
908 2133 997 2175 signa
1025 2147 1172 2178 peragra-

218 2193 271 2233 vit,
295 2195 330 2224 in
346 2206 380 2225 se
401 2196 505 2236 ipsum
525 2193 616 2237 quasi
637 2193 730 2235 redit,
751 2193 803 2226 vel
821 2201 856 2227 ut
874 2195 1029 2238 Virgilius
1052 2202 1173 2240 (georg.

219 2257 259 2298 2,
279 2257 365 2299 402)
389 2257 449 2295 ait,

277 2320 337 2351 »In
358 2331 393 2351 se
413 2332 472 2351 sna
494 2332 551 2363 per
574 2322 708 2364 uestiqia
730 2322 871 2354 volvitur
891 2334 1025 2355 annusm

220 2380 439 2423 Aenigmatis,
468 2382 553 2424 quod
577 2382 737 2425 sequitur,
762 2383 801 2414 dc
830 2386 910 2415 σηηί
935 2397 1069 2417 numero
1090 2386 1173 2418 solu-

221 2442 341 2474 tionem
357 2440 474 2472 ibidem
493 2441 568 2485 (pal.
583 2442 651 2474 erit.
667 2442 733 2483 111,
757 2442 881 2487 §.252)
899 2447 1064 2491 proposui.
1086 2447 1174 2479 Ante

221 2507 351 2538 ’nomine
375 2504 477 2537 codex
500 2504 695 2536 Dresdensis
719 2507 805 2538 addit
829 2510 899 2547 sui,
926 2509 1032 2551 glossa
1057 2510 1089 2541 in
1111 2511 1174 2542 Ba-

225 2568 355 2601 sileensi
380 2580 438 2601 suo
449 2591 461 2609 ,
489 2568 545 2601 sed
563 2568 653 2601 abest
676 2581 693 2600 a
719 2569 851 2614 reliquis
870 2577 934 2605 tam
958 2573 1052 2606 editis
1081 2585 1175 2619 quam

227 2632 361 2678 seriptis.

132 808 189 849 72
217 814 452 860 proventus
475 805 708 859 frugesque
732 804 944 845 sationum
969 803 1086 858 larga
1118 802 1354 844 admodum
1379 803 1572 844 ubertate
1601 803 1862 845 ferebantur.
1903 803 2016 844 Huic
2041 804 2173 845 Vesta

1297 886 1459 928 pruinosis
1483 883 1623 930 niuibus]
1650 885 1778 916 Pariter
1798 885 1879 917 infra
1900 884 2173 930 (§.197)P11ilo·

1222 947 1307 989 logia
1337 947 1470 980 Saturni
1500 948 1647 992 planetae
1678 948 1830 980 circulum
1861 949 2021 981 transiens
2048 949 2173 993 conspi-

1223 1018 1312 1043 catur
1347 1011 1498 1044 »deornm
1533 1012 1760 1054 rigidissimum
1795 1019 1970 1046 creatorem
2000 1013 2035 1045 in
2069 1013 2175 1058 alqido

1222 1077 1406 1108 haerentem
1429 1077 1620 1124 pruinisque
1645 1078 1835 1109 nivalibus«

1295 1137 1389 1183 puer]
1416 1138 1577 1182 Perquam
1601 1138 1714 1178 docte,
1746 1143 1780 1169 ut
1800 1138 1935 1179 assolet,
1960 1138 2109 1183 Cuperus
2129 1138 2176 1182 (in

1221 1198 1421 1243 Harpocrate
1444 1212 1474 1244 p.
1496 1199 1587 1243 105)
1614 1199 1655 1232 de
1682 1200 1744 1232 hoe
1769 1200 1842 1232 loco
1866 1200 2024 1245 disputat,
2052 1200 2103 1233 cui
2127 1205 2176 1232 ta-

1222 1275 1295 1294 men
1319 1264 1467 1295 assentiri
1497 1274 1633 1307 nequeo.
1674 1263 1807 1295 Promta
1841 1264 1925 1295 enim
1953 1264 2175 1308 interpretatio

1222 1331 1282 1365 est,
1304 1326 1399 1357 modo
1421 1324 1603 1357 memineris
1623 1324 1799 1357 Saturnum
1815 1337 1874 1369 pro
1897 1331 2042 1369 tempore
2064 1324 2176 1369 accipi,

1223 1390 1309 1432 quod
1333 1395 1365 1420 et
1386 1388 1472 1420 senis
1496 1394 1528 1420 et
1549 1389 1641 1432 pueri
1661 1390 1764 1420 forma
1784 1389 1919 1420 describi
1939 1394 2058 1432 potest,
2081 1393 2178 1432 prout

1223 1451 1388 1495 antiquum
1411 1450 1463 1483 rel
1483 1461 1597 1483 recens
1612 1449 1809 1492 intelligitur.
1836 1450 1990 1483 Ceterum
2006 1451 2060 1483 ille
2080 1452 2177 1482 etiam

1223 1514 1336 1557 scripsi
1367 1525 1425 1558 pro
1469 1516 1565 1546 etiam
1593 1515 1646 1546 ille
1675 1526 1693 1546 e
1727 1514 1891 1547 codicibus
1924 1513 2112 1546 Britannico
2142 1518 2178 1546 et

1221 1578 1478 1609 Darmstattensi.

1294 1636 1496 1682 qramheva]
1521 1638 1687 1670 Mutnatus
1707 1643 1758 1670 est
1780 1639 1841 1671 hoc
1861 1638 2026 1683 epitheton
2051 1649 2069 1670 a
2089 1636 2174 1671 Silio

1221 1701 1300 1742 (16,
1331 1699 1431 1741 12-4);

1279 1763 1341 1792 »Αἰ
1356 1761 1543 1804 grandaeva
1563 1761 1656 1792 fleam
1673 1772 1889 1804 praenoscens
1915 1763 2022 1794 omina
2037 1766 2169 1794 ”nater-⁴«

1222 1822 1330 1865 (Conf.
1346 1827 1377 1853 et
1395 1827 1461 1853 not.
1479 1821 1517 1853 ad
1536 1820 1563 1865 ξ.
1579 1821 1628 1865 4).

1296 1890 1403 1915 lamen
1419 1882 1584 1928 floridam]
1616 1882 1773 1927 Alioquin
1803 1884 1887 1915 enim
1912 1895 1978 1916 non
2013 1890 2177 1918 matronae

1223 1945 1279 1976 sed
1309 1945 1492 1977 meretrices
1515 1944 1619 1989 pictas
1643 1944 1838 1989 floridasque
1866 1952 1990 1986 vestes,
2016 1942 2174 1990 ἀνθινὰ,

1223 2008 1400 2048 gestabant,
1423 2007 1511 2051 quod
1532 2005 1626 2038 docte
1643 2007 1758 2050 probat
1773 2007 1972 2039 Welekerus
1989 2008 2034 2052 (in
2053 2008 2174 2052 proleg.

1224 2069 1263 2099 ad
1288 2069 1432 2110 Theogn.
1456 2082 1487 2112 p.
1503 2068 1736 2112 LXXXVIII).
1767 2069 1930 2101 Tellurem
1956 2081 2031 2101 vero
2062 2068 2091 2100 is
2125 2080 2174 2101 or·-

1224 2136 1316 2161 natus
1343 2129 1493 2172 decebat,
1528 2142 1624 2175 quem
1651 2143 1668 2163 e
1689 2130 1827 2175 Virgilio
1851 2131 1938 2175 (Cul.
1957 2130 2018 2175 69)
2041 2130 2175 2163 forsitan

1223 2193 1329 2226 hausit
1350 2199 1475 2226 noster:

1280 2258 1427 2290 „Florida
1442 2270 1542 2306 qmtm
1557 2258 1651 2290 tellus
1668 2259 1858 2302 yemmantis
1876 2256 1961 2301 pieta
1981 2269 2039 2300 pet·
2059 2257 2174 2290 herbas

1277 2322 1362 2353 Vere
1387 2328 1478 2354 notat
1503 2322 1590 2354 dulci
1615 2322 1765 2353 distincta
1787 2320 1950 2352 coloribus
1974 2333 2063 2352 arva.

1223 2382 1262 2415 In
1289 2384 1497 2427 sequentibus
1523 2394 1582 2428 pro
1605 2388 1815 2416 contexuerat
1841 2382 2020 2426 complures
2047 2381 2174 2414 codices

1224 2446 1343 2478 liabent
1377 2453 1582 2488 contexerat,
1612 2445 1699 2491 quod
1732 2452 1838 2478 tamen
1868 2444 2050 2488 ambiguum
2074 2445 2174 2478 videri

1223 2509 1335 2553 possit.

1299 2572 1390 2614 Iarya
1413 2568 1570 2615 ubertate]
1602 2570 1736 2601 Festus:
1764 2569 1902 2614 »Opis«,
1938 2569 2058 2614 inquit,
2090 2568 2173 2601 dieta

1226 2639 1275 2667 est
1305 2632 1422 2675 conjux
1458 2631 1605 2674 Saturni,
1639 2643 1698 2678 per
1735 2643 1830 2676 quam
1859 2630 2029 2663 voluerunt
2057 2636 2172 2663 terram
