<?xml version="1.0" encoding="UTF-8"?>
<!DOCTYPE html PUBLIC "-//W3C//DTD XHTML 1.0 Transitional//EN"
    "http://www.w3.org/TR/xhtml1/DTD/xhtml1-transitional.dtd">
<html xmlns="http://www.w3.org/1999/xhtml" xml:lang="en" lang="en">
 <head>
  <title>
</title>
<meta http-equiv="Content-Type" content="text/html;charset=utf-8" />
  <meta name='ocr-system' content='tesseract 3.04.00' />
  <meta name='ocr-capabilities' content='ocr_page ocr_carea ocr_par ocr_line ocrx_word'/>
</head>
<body>
  <div class='ocr_page' id='page_1' title='image "./denuptiisphilolo00martuoft_0117.png"; bbox 0 0 2310 2860; ppageno 0'>
   <div class='ocr_carea' id='block_1_1' title="bbox 754 137 1527 194">
    <p class='ocr_par' dir='ltr' id='par_1_1' title="bbox 754 137 1527 194">
     <span class='ocr_line' id='line_1_1' title="bbox 754 137 1527 194; baseline 0 -14"><span class='ocrx_word' id='word_1_1' title='bbox 754 137 953 180; x_wconf 80' lang='lat' dir='ltr'>Martiani</span> <span class='ocrx_word' id='word_1_2' title='bbox 992 137 1191 194; x_wconf 75' lang='lat' dir='ltr'>Capellae</span> <span class='ocrx_word' id='word_1_3' title='bbox 1232 138 1302 180; x_wconf 83' lang='lat' dir='ltr'>lib.</span> <span class='ocrx_word' id='word_1_4' title='bbox 1327 137 1358 180; x_wconf 91' lang='lat' dir='ltr'>I.</span> <span class='ocrx_word' id='word_1_5' title='bbox 1397 141 1427 191; x_wconf 82' lang='lat'>§.</span> <span class='ocrx_word' id='word_1_6' title='bbox 1453 139 1527 181; x_wconf 71' lang='lat'>40.</span> 
     </span>
    </p>
   </div>
   <div class='ocr_carea' id='block_1_2' title="bbox 2049 144 2106 187">
    <p class='ocr_par' dir='ltr' id='par_1_2' title="bbox 2049 144 2106 187">
     <span class='ocr_line' id='line_1_2' title="bbox 2049 144 2106 187; baseline -0.018 0"><span class='ocrx_word' id='word_1_7' title='bbox 2049 144 2106 187; x_wconf 84' lang='lat'>87</span> 
     </span>
    </p>
   </div>
   <div class='ocr_carea' id='block_1_3' title="bbox 152 244 2105 306">
    <p class='ocr_par' dir='ltr' id='par_1_3' title="bbox 152 244 2105 306">
     <span class='ocr_line' id='line_1_3' title="bbox 152 244 2105 306; baseline 0.003 -19"><span class='ocrx_word' id='word_1_8' title='bbox 152 259 354 287; x_wconf 82' lang='lat' dir='ltr'>coronam</span> <span class='ocrx_word' id='word_1_9' title='bbox 392 245 579 301; x_wconf 80' lang='lat' dir='ltr'>solivaga</span> <span class='ocrx_word' id='word_1_10' title='bbox 623 244 838 300; x_wconf 80' lang='lat' dir='ltr'>virginitas</span> <span class='ocrx_word' id='word_1_11' title='bbox 884 244 1132 297; x_wconf 85' lang='lat' dir='ltr'>renudavit,</span> <span class='ocrx_word' id='word_1_12' title='bbox 1181 260 1234 286; x_wconf 88' lang='lat' dir='ltr'>ne</span> <span class='ocrx_word' id='word_1_13' title='bbox 1290 246 1538 287; x_wconf 80' lang='lat' dir='ltr'>futurarum</span> <span class='ocrx_word' id='word_1_14' title='bbox 1579 249 1715 290; x_wconf 85' lang='lat' dir='ltr'>causis</span> <span class='ocrx_word' id='word_1_15' title='bbox 1756 259 1794 291; x_wconf 80' lang='lat' dir='ltr'>et</span> <span class='ocrx_word' id='word_1_16' title='bbox 1836 251 1996 306; x_wconf 86' lang='lat' dir='ltr'>copulis</span> <span class='ocrx_word' id='word_1_17' title='bbox 2040 253 2105 292; x_wconf 82' lang='lat' dir='ltr'>in-</span> 
     </span>
    </p>
   </div>
   <div class='ocr_carea' id='block_1_4' title="bbox 150 336 332 368">
    <p class='ocr_par' dir='ltr' id='par_1_4' title="bbox 150 336 332 368">
     <span class='ocr_line' id='line_1_4' title="bbox 150 336 332 368; baseline 0 0"><span class='ocrx_word' id='word_1_18' title='bbox 150 336 332 368; x_wconf 76' lang='lat' dir='ltr'>tCl&#39;GSSGt·</span> 
     </span>
    </p>
   </div>
   <div class='ocr_carea' id='block_1_5' title="bbox 148 407 1848 464">
    <p class='ocr_par' dir='ltr' id='par_1_5' title="bbox 148 407 1848 464">
     <span class='ocr_line' id='line_1_5' title="bbox 148 407 1848 464; baseline 0.002 -16"><span class='ocrx_word' id='word_1_19' title='bbox 148 407 248 449; x_wconf 89' lang='lat' dir='ltr'>deos</span> <span class='ocrx_word' id='word_1_20' title='bbox 285 407 459 450; x_wconf 87' lang='lat' dir='ltr'>maritos</span> <span class='ocrx_word' id='word_1_21' title='bbox 501 407 773 464; x_wconf 86' lang='lat' dir='ltr'>dearumque</span> <span class='ocrx_word' id='word_1_22' title='bbox 812 407 1075 463; x_wconf 81' lang='lat' dir='ltr'>grandaevas</span> <span class='ocrx_word' id='word_1_23' title='bbox 1117 409 1160 450; x_wconf 91' lang='lat' dir='ltr'>in</span> <span class='ocrx_word' id='word_1_24' title='bbox 1201 407 1308 449; x_wconf 82' lang='lat' dir='ltr'>haec</span> <span class='ocrx_word' id='word_1_25' title='bbox 1346 407 1616 450; x_wconf 83' lang='lat' dir='ltr'>decernenda</span> <span class='ocrx_word' id='word_1_26' title='bbox 1656 410 1848 452; x_wconf 84' lang='lat' dir='ltr'>conduci.</span> 
     </span>
    </p>
   </div>
   <div class='ocr_carea' id='block_1_6' title="bbox 405 327 2104 384">
    <p class='ocr_par' dir='ltr' id='par_1_6' title="bbox 405 327 2104 384">
     <span class='ocr_line' id='line_1_6' title="bbox 405 327 2104 384; baseline 0.004 -17"><span class='ocrx_word' id='word_1_27' title='bbox 405 327 521 378; x_wconf 84' lang='lat' dir='ltr'>Quia</span> <span class='ocrx_word' id='word_1_28' title='bbox 550 336 702 381; x_wconf 30' lang='lat' dir='ltr'>stamen</span> <span class='ocrx_word' id='word_1_29' title='bbox 743 327 833 381; x_wconf 90' lang='lat' dir='ltr'>ejus</span> <span class='ocrx_word' id='word_1_30' title='bbox 877 336 1098 382; x_wconf 86' lang='lat' dir='ltr'>optaverat</span> <span class='ocrx_word' id='word_1_31' title='bbox 1135 327 1300 384; x_wconf 87' lang='lat' dir='ltr'>Jupiter</span> <span class='ocrx_word' id='word_1_32' title='bbox 1339 337 1623 383; x_wconf 79' lang='lat' dir='ltr'>exegeratque</span> <span class='ocrx_word' id='word_1_33' title='bbox 1672 331 1916 382; x_wconf 86' lang='lat' dir='ltr'>eonsilium,</span> <span class='ocrx_word' id='word_1_34' title='bbox 1956 332 2104 373; x_wconf 85' lang='lat' dir='ltr'>suadet</span> 
     </span>
    </p>
   </div>
   <div class='ocr_carea' id='block_1_7' title="bbox 1930 413 2102 468">
    <p class='ocr_par' dir='ltr' id='par_1_7' title="bbox 1930 413 2102 468">
     <span class='ocr_line' id='line_1_7' title="bbox 1930 413 2102 468; baseline 0 -15"><span class='ocrx_word' id='word_1_35' title='bbox 1930 413 2102 468; x_wconf 85' lang='lat' dir='ltr'>Quippe</span> 
     </span>
    </p>
   </div>
   <div class='ocr_carea' id='block_1_8' title="bbox 149 487 2111 545">
    <p class='ocr_par' dir='ltr' id='par_1_8' title="bbox 149 487 2111 545">
     <span class='ocr_line' id='line_1_8' title="bbox 149 487 2111 545; baseline 0.002 -15"><span class='ocrx_word' id='word_1_36' title='bbox 149 490 375 531; x_wconf 85' lang='lat' dir='ltr'>convenire</span> <span class='ocrx_word' id='word_1_37' title='bbox 416 489 630 545; x_wconf 84' lang='lat' dir='ltr'>Cyllenio,</span> <span class='ocrx_word' id='word_1_38' title='bbox 669 499 717 530; x_wconf 92' lang='lat' dir='ltr'>ut</span> <span class='ocrx_word' id='word_1_39' title='bbox 755 504 832 544; x_wconf 89' lang='lat' dir='ltr'>pro</span> <span class='ocrx_word' id='word_1_40' title='bbox 871 487 1115 530; x_wconf 81' lang='lat' dir='ltr'>officiorum</span> <span class='ocrx_word' id='word_1_41' title='bbox 1155 487 1355 544; x_wconf 85' lang='lat' dir='ltr'>praemiis</span> <span class='ocrx_word' id='word_1_42' title='bbox 1396 488 1714 543; x_wconf 87' lang='lat' dir='ltr'>potissimorum</span> <span class='ocrx_word' id='word_1_43' title='bbox 1746 491 1869 534; x_wconf 82' lang='lat' dir='ltr'>favor</span> <span class='ocrx_word' id='word_1_44' title='bbox 1901 493 2111 534; x_wconf 80' lang='lat' dir='ltr'>coelitum·</span> 
     </span>
    </p>
   </div>
   <div class='ocr_carea' id='block_1_9' title="bbox 147 571 656 624">
    <p class='ocr_par' dir='ltr' id='par_1_9' title="bbox 147 571 656 624">
     <span class='ocr_line' id='line_1_9' title="bbox 147 571 656 624; baseline 0.004 -14"><span class='ocrx_word' id='word_1_45' title='bbox 147 571 239 624; x_wconf 87' lang='lat' dir='ltr'>ejus</span> <span class='ocrx_word' id='word_1_46' title='bbox 284 571 423 612; x_wconf 85' lang='lat' dir='ltr'>vincla</span> <span class='ocrx_word' id='word_1_47' title='bbox 463 571 656 613; x_wconf 84' lang='lat' dir='ltr'>sanciret.</span> 
     </span>
    </p>
   </div>
   <div class='ocr_carea' id='block_1_10' title="bbox 727 569 2103 629">
    <p class='ocr_par' dir='ltr' id='par_1_10' title="bbox 727 569 2103 629">
     <span class='ocr_line' id='line_1_10' title="bbox 727 569 2103 629; baseline 0.004 -18"><span class='ocrx_word' id='word_1_48' title='bbox 727 571 960 626; x_wconf 85' lang='lat' dir='ltr'>Augustius</span> <span class='ocrx_word' id='word_1_49' title='bbox 1001 585 1179 626; x_wconf 88' lang='lat' dir='ltr'>quoque</span> <span class='ocrx_word' id='word_1_50' title='bbox 1209 570 1302 613; x_wconf 85' lang='lat' dir='ltr'>fieri</span> <span class='ocrx_word' id='word_1_51' title='bbox 1347 569 1511 610; x_wconf 80' lang='lat' dir='ltr'>Joviale</span> <span class='ocrx_word' id='word_1_52' title='bbox 1541 569 1776 624; x_wconf 87' lang='lat' dir='ltr'>decretum,</span> <span class='ocrx_word' id='word_1_53' title='bbox 1808 588 1947 629; x_wconf 86' lang='lat' dir='ltr'>quum</span> <span class='ocrx_word' id='word_1_54' title='bbox 1980 585 2103 616; x_wconf 87' lang='lat' dir='ltr'>coetu</span> 
     </span>
    </p>
   </div>
   <div class='ocr_carea' id='block_1_11' title="bbox 145 650 2104 710">
    <p class='ocr_par' dir='ltr' id='par_1_11' title="bbox 145 650 2104 710">
     <span class='ocr_line' id='line_1_11' title="bbox 145 650 2104 710; baseline 0.002 -18"><span class='ocrx_word' id='word_1_55' title='bbox 145 650 328 693; x_wconf 86' lang='lat' dir='ltr'>deorum</span> <span class='ocrx_word' id='word_1_56' title='bbox 361 661 577 694; x_wconf 82' lang='lat' dir='ltr'>attestante</span> <span class='ocrx_word' id='word_1_57' title='bbox 606 652 895 708; x_wconf 83' lang='lat' dir='ltr'>depromitur,</span> <span class='ocrx_word' id='word_1_58' title='bbox 940 652 1168 708; x_wconf 78' lang='lat' dir='ltr'>ipsamque</span> <span class='ocrx_word' id='word_1_59' title='bbox 1198 657 1435 708; x_wconf 78' lang='lat' dir='ltr'>nupturam</span> <span class='ocrx_word' id='word_1_60' title='bbox 1476 650 1556 692; x_wconf 87' lang='lat' dir='ltr'>deo</span> <span class='ocrx_word' id='word_1_61' title='bbox 1588 653 1815 694; x_wconf 84' lang='lat' dir='ltr'>convenire</span> <span class='ocrx_word' id='word_1_62' title='bbox 1852 669 1936 695; x_wconf 90' lang='lat' dir='ltr'>non</span> <span class='ocrx_word' id='word_1_63' title='bbox 1969 670 2104 710; x_wconf 84' lang='lat' dir='ltr'>posse,</span> 
     </span>
    </p>
   </div>
   <div class='ocr_carea' id='block_1_12' title="bbox 142 732 2185 790">
    <p class='ocr_par' dir='ltr' id='par_1_12' title="bbox 142 732 2185 790">
     <span class='ocr_line' id='line_1_12' title="bbox 142 732 2185 790; baseline 0 -16"><span class='ocrx_word' id='word_1_64' title='bbox 142 732 222 774; x_wconf 90' lang='lat' dir='ltr'>nisi</span> <span class='ocrx_word' id='word_1_65' title='bbox 251 748 382 790; x_wconf 89' lang='lat' dir='ltr'>super</span> <span class='ocrx_word' id='word_1_66' title='bbox 411 743 581 776; x_wconf 86' lang='lat' dir='ltr'>senatus</span> <span class='ocrx_word' id='word_1_67' title='bbox 612 734 803 776; x_wconf 86' lang='lat' dir='ltr'>consulto</span> <span class='ocrx_word' id='word_1_68' title='bbox 833 733 1023 776; x_wconf 81' lang='lat' dir='ltr'>mortalis</span> <span class='ocrx_word' id='word_1_69' title='bbox 1055 749 1143 774; x_wconf 87' lang='lat' dir='ltr'>esse</span> <span class='ocrx_word' id='word_1_70' title='bbox 1173 733 1394 775; x_wconf 83' lang='lat' dir='ltr'>desineret.</span> <span class='ocrx_word' id='word_1_71' title='bbox 1437 732 1486 774; x_wconf 82' lang='lat' dir='ltr'>Id</span> <span class='ocrx_word' id='word_1_72' title='bbox 1517 747 1649 789; x_wconf 85' lang='lat' dir='ltr'>genus</span> <span class='ocrx_word' id='word_1_73' title='bbox 1680 733 1868 790; x_wconf 87' lang='lat' dir='ltr'>plurima</span> <span class='ocrx_word' id='word_1_74' title='bbox 1898 736 2100 778; x_wconf 79' lang='lat' dir='ltr'>suadente</span> <span class='ocrx_word' id='word_1_75' title='bbox 2131 734 2185 776; x_wconf 69' lang='grc'>41</span> 
     </span>
    </p>
   </div>
   <div class='ocr_carea' id='block_1_13' title="bbox 143 814 1321 871">
    <p class='ocr_par' dir='ltr' id='par_1_13' title="bbox 143 814 1321 871">
     <span class='ocr_line' id='line_1_13' title="bbox 143 814 1321 871; baseline -0.001 -15"><span class='ocrx_word' id='word_1_76' title='bbox 143 814 357 868; x_wconf 88' lang='lat' dir='ltr'>Tritonia,</span> <span class='ocrx_word' id='word_1_77' title='bbox 409 829 563 871; x_wconf 84' lang='lat' dir='ltr'>regum</span> <span class='ocrx_word' id='word_1_78' title='bbox 603 815 835 871; x_wconf 82' lang='lat' dir='ltr'>conjugum</span> <span class='ocrx_word' id='word_1_79' title='bbox 880 823 1064 870; x_wconf 87' lang='lat' dir='ltr'>uterque</span> <span class='ocrx_word' id='word_1_80' title='bbox 1105 815 1321 856; x_wconf 82' lang='lat' dir='ltr'>consentit.</span> 
     </span>
    </p>
   </div>
   <div class='ocr_carea' id='block_1_14' title="bbox 131 943 1095 2562">
    <p class='ocr_par' dir='ltr' id='par_1_14' title="bbox 139 943 1095 1051">
     <span class='ocr_line' id='line_1_14' title="bbox 141 943 1095 994; baseline 0.004 -18"><span class='ocrx_word' id='word_1_81' title='bbox 141 945 236 977; x_wconf 83' lang='lat' dir='ltr'>etiam</span> <span class='ocrx_word' id='word_1_82' title='bbox 268 945 345 988; x_wconf 83' lang='lat' dir='ltr'>fingi</span> <span class='ocrx_word' id='word_1_83' title='bbox 372 951 495 990; x_wconf 84' lang='lat' dir='ltr'>septem</span> <span class='ocrx_word' id='word_1_84' title='bbox 524 947 724 991; x_wconf 85' lang='lat' dir='ltr'>quaesitores</span> <span class='ocrx_word' id='word_1_85' title='bbox 751 943 1051 994; x_wconf 71' lang='grc' dir='ltr'>(ἐπιγνώμονας)</span> <span class='ocrx_word' id='word_1_86' title='bbox 1077 959 1095 980; x_wconf 93' lang='lat' dir='ltr'>e</span> 
     </span>
     <span class='ocr_line' id='line_1_15' title="bbox 139 1007 598 1051; baseline 0.004 -12"><span class='ocrx_word' id='word_1_87' title='bbox 139 1007 313 1049; x_wconf 81' lang='lat' dir='ltr'>majoribus</span> <span class='ocrx_word' id='word_1_88' title='bbox 335 1007 404 1040; x_wconf 88' lang='lat' dir='ltr'>deis</span> <span class='ocrx_word' id='word_1_89' title='bbox 423 1008 598 1051; x_wconf 79' lang='lat' dir='ltr'>eligendos.</span> 
     </span>
    </p>

    <p class='ocr_par' dir='ltr' id='par_1_15' title="bbox 135 1071 1094 1485">
     <span class='ocr_line' id='line_1_16' title="bbox 209 1071 1092 1117; baseline 0.003 -15"><span class='ocrx_word' id='word_1_90' title='bbox 209 1071 395 1117; x_wconf 74' lang='lat' dir='ltr'>renndcwieJ</span> <span class='ocrx_word' id='word_1_91' title='bbox 422 1072 549 1104; x_wconf 80' lang='lat' dir='ltr'>Pariter</span> <span class='ocrx_word' id='word_1_92' title='bbox 573 1073 771 1106; x_wconf 77' lang='lat' dir='ltr'>Claudianus</span> <span class='ocrx_word' id='word_1_93' title='bbox 787 1073 965 1107; x_wconf 84' lang='lat' dir='ltr'>Minervam</span> <span class='ocrx_word' id='word_1_94' title='bbox 989 1073 1092 1105; x_wconf 85' lang='lat' dir='ltr'>»Gor-</span> 
     </span>
     <span class='ocr_line' id='line_1_17' title="bbox 137 1136 1094 1180; baseline 0.004 -15"><span class='ocrx_word' id='word_1_95' title='bbox 137 1145 240 1176; x_wconf 82' lang='lat' dir='ltr'>gonos</span> <span class='ocrx_word' id='word_1_96' title='bbox 268 1146 324 1167; x_wconf 87' lang='lat' dir='ltr'>ora</span> <span class='ocrx_word' id='word_1_97' title='bbox 348 1136 509 1168; x_wconf 81' lang='lat' dir='ltr'>revelare«</span> <span class='ocrx_word' id='word_1_98' title='bbox 547 1136 606 1180; x_wconf 90' lang='lat' dir='ltr'>(de</span> <span class='ocrx_word' id='word_1_99' title='bbox 634 1143 727 1180; x_wconf 83' lang='lat' dir='ltr'>raptu</span> <span class='ocrx_word' id='word_1_100' title='bbox 750 1137 844 1168; x_wconf 89' lang='lat' dir='ltr'>Pros.</span> <span class='ocrx_word' id='word_1_101' title='bbox 871 1137 912 1178; x_wconf 99' lang='grc'>2,</span> <span class='ocrx_word' id='word_1_102' title='bbox 941 1136 1035 1180; x_wconf 81' lang='grc'>205)</span> <span class='ocrx_word' id='word_1_103' title='bbox 1061 1142 1094 1169; x_wconf 87' lang='lat' dir='ltr'>et</span> 
     </span>
     <span class='ocr_line' id='line_1_18' title="bbox 144 1199 1094 1247; baseline 0.005 -18"><span class='ocrx_word' id='word_1_104' title='bbox 144 1202 345 1241; x_wconf 63' lang='lat' dir='ltr'>„praetentas</span> <span class='ocrx_word' id='word_1_105' title='bbox 374 1201 499 1244; x_wconf 82' lang='lat' dir='ltr'>aperire</span> <span class='ocrx_word' id='word_1_106' title='bbox 524 1200 654 1232; x_wconf 80' lang='lat' dir='ltr'>cristas«</span> <span class='ocrx_word' id='word_1_107' title='bbox 687 1199 788 1247; x_wconf 76' lang='lat'>(225)</span> <span class='ocrx_word' id='word_1_108' title='bbox 812 1201 914 1233; x_wconf 82' lang='lat' dir='ltr'>finxit.</span> <span class='ocrx_word' id='word_1_109' title='bbox 938 1200 1094 1235; x_wconf 84' lang='lat' dir='ltr'>Attamen</span> 
     </span>
     <span class='ocr_line' id='line_1_19' title="bbox 137 1260 1090 1310; baseline 0.005 -17"><span class='ocrx_word' id='word_1_110' title='bbox 137 1260 209 1293; x_wconf 75' lang='lat' dir='ltr'>vide</span> <span class='ocrx_word' id='word_1_111' title='bbox 226 1273 267 1294; x_wconf 89' lang='lat' dir='ltr'>ne</span> <span class='ocrx_word' id='word_1_112' title='bbox 281 1262 389 1306; x_wconf 86' lang='lat' dir='ltr'>potius</span> <span class='ocrx_word' id='word_1_113' title='bbox 407 1269 619 1307; x_wconf 81' lang='lat' dir='ltr'>praegnanter</span> <span class='ocrx_word' id='word_1_114' title='bbox 636 1264 756 1297; x_wconf 88' lang='lat' dir='ltr'>dietum</span> <span class='ocrx_word' id='word_1_115' title='bbox 775 1265 815 1296; x_wconf 87' lang='lat' dir='ltr'>sit</span> <span class='ocrx_word' id='word_1_116' title='bbox 834 1277 892 1310; x_wconf 88' lang='lat' dir='ltr'>pro</span> <span class='ocrx_word' id='word_1_117' title='bbox 920 1266 1090 1307; x_wconf 66' lang='lat' dir='ltr'>»deo-axie,</span> 
     </span>
     <span class='ocr_line' id='line_1_20' title="bbox 137 1325 1090 1374; baseline 0.006 -18"><span class='ocrx_word' id='word_1_118' title='bbox 137 1325 281 1368; x_wconf 76' lang='lat' dir='ltr'>deposuit</span> <span class='ocrx_word' id='word_1_119' title='bbox 295 1337 482 1367; x_wconf 85' lang='lat' dir='ltr'>eoronam«,</span> <span class='ocrx_word' id='word_1_120' title='bbox 499 1327 579 1359; x_wconf 87' lang='lat' dir='ltr'>adeo</span> <span class='ocrx_word' id='word_1_121' title='bbox 595 1333 631 1358; x_wconf 89' lang='lat' dir='ltr'>ut</span> <span class='ocrx_word' id='word_1_122' title='bbox 650 1328 774 1360; x_wconf 75' lang='lat' dir='ltr'>nudum</span> <span class='ocrx_word' id='word_1_123' title='bbox 789 1330 859 1371; x_wconf 85' lang='lat' dir='ltr'>ejus</span> <span class='ocrx_word' id='word_1_124' title='bbox 880 1335 976 1373; x_wconf 81' lang='lat' dir='ltr'>eaput</span> <span class='ocrx_word' id='word_1_125' title='bbox 995 1342 1090 1374; x_wconf 86' lang='lat' dir='ltr'>appa-</span> 
     </span>
     <span class='ocr_line' id='line_1_21' title="bbox 135 1390 1091 1434; baseline 0.006 -14"><span class='ocrx_word' id='word_1_126' title='bbox 135 1393 221 1420; x_wconf 84' lang='lat' dir='ltr'>reret</span> <span class='ocrx_word' id='word_1_127' title='bbox 248 1401 355 1434; x_wconf 90' lang='lat' dir='ltr'>neque</span> <span class='ocrx_word' id='word_1_128' title='bbox 388 1401 507 1422; x_wconf 78' lang='lat' dir='ltr'>eol-ona</span> <span class='ocrx_word' id='word_1_129' title='bbox 542 1390 705 1433; x_wconf 83' lang='lat' dir='ltr'>virginalis</span> <span class='ocrx_word' id='word_1_130' title='bbox 737 1392 1020 1425; x_wconf 80' lang='lat' dir='ltr'>deliberationibus</span> <span class='ocrx_word' id='word_1_131' title='bbox 1050 1394 1091 1426; x_wconf 84' lang='lat' dir='ltr'>de</span> 
     </span>
     <span class='ocr_line' id='line_1_22' title="bbox 135 1452 544 1485; baseline 0.002 -1"><span class='ocrx_word' id='word_1_132' title='bbox 135 1452 336 1484; x_wconf 82' lang='lat' dir='ltr'>matrimonio</span> <span class='ocrx_word' id='word_1_133' title='bbox 362 1453 544 1485; x_wconf 83' lang='lat' dir='ltr'>interesset.</span> 
     </span>
    </p>

    <p class='ocr_par' dir='ltr' id='par_1_16' title="bbox 132 1512 1089 1744">
     <span class='ocr_line' id='line_1_23' title="bbox 206 1512 1089 1559; baseline 0.001 -14"><span class='ocrx_word' id='word_1_134' title='bbox 206 1512 408 1559; x_wconf 71' lang='lat' dir='ltr'>futurarum]</span> <span class='ocrx_word' id='word_1_135' title='bbox 436 1514 492 1546; x_wconf 86' lang='lat' dir='ltr'>Se.</span> <span class='ocrx_word' id='word_1_136' title='bbox 515 1514 707 1557; x_wconf 80' lang='lat' dir='ltr'>nuptiarum.</span> <span class='ocrx_word' id='word_1_137' title='bbox 726 1515 831 1546; x_wconf 66' lang='lat' dir='ltr'>vute.</span> <span class='ocrx_word' id='word_1_138' title='bbox 851 1533 899 1538; x_wconf 90' lang='lat'>—-</span> <span class='ocrx_word' id='word_1_139' title='bbox 926 1516 1015 1556; x_wconf 85' lang='lat' dir='ltr'>Lege</span> <span class='ocrx_word' id='word_1_140' title='bbox 1036 1515 1089 1558; x_wconf 72' lang='lat' dir='ltr'>fu-</span> 
     </span>
     <span class='ocr_line' id='line_1_24' title="bbox 133 1574 1088 1619; baseline -0.003 -10"><span class='ocrx_word' id='word_1_141' title='bbox 133 1582 281 1610; x_wconf 83' lang='lat' dir='ltr'>turorum</span> <span class='ocrx_word' id='word_1_142' title='bbox 309 1580 364 1607; x_wconf 86' lang='lat' dir='ltr'>aut</span> <span class='ocrx_word' id='word_1_143' title='bbox 388 1575 579 1619; x_wconf 64' lang='lat' dir='ltr'>tietmarum</span> <span class='ocrx_word' id='word_1_144' title='bbox 604 1587 723 1607; x_wconf 78' lang='lat' dir='ltr'>rerum.</span> <span class='ocrx_word' id='word_1_145' title='bbox 742 1574 846 1608; x_wconf 69' lang='lat' dir='ltr'>Gnor.</span> <span class='ocrx_word' id='word_1_146' title='bbox 870 1595 919 1601; x_wconf 84' lang='lat'>—-</span> <span class='ocrx_word' id='word_1_147' title='bbox 953 1575 1022 1608; x_wconf 88' lang='lat' dir='ltr'>Sed</span> <span class='ocrx_word' id='word_1_148' title='bbox 1040 1587 1088 1606; x_wconf 92' lang='lat' dir='ltr'>re-</span> 
     </span>
     <span class='ocr_line' id='line_1_25' title="bbox 132 1637 1089 1684; baseline -0.003 -13"><span class='ocrx_word' id='word_1_149' title='bbox 132 1644 226 1684; x_wconf 80' lang='lat' dir='ltr'>cepta</span> <span class='ocrx_word' id='word_1_150' title='bbox 247 1645 391 1672; x_wconf 83' lang='lat' dir='ltr'>veterum</span> <span class='ocrx_word' id='word_1_151' title='bbox 412 1639 588 1671; x_wconf 87' lang='lat' dir='ltr'>editionum</span> <span class='ocrx_word' id='word_1_152' title='bbox 602 1638 698 1671; x_wconf 83' lang='lat' dir='ltr'>lectio</span> <span class='ocrx_word' id='word_1_153' title='bbox 719 1649 786 1670; x_wconf 89' lang='lat' dir='ltr'>non</span> <span class='ocrx_word' id='word_1_154' title='bbox 808 1637 1009 1670; x_wconf 82' lang='lat' dir='ltr'>sollicitanda</span> <span class='ocrx_word' id='word_1_155' title='bbox 1023 1641 1089 1669; x_wconf 74' lang='lat' dir='ltr'>estz</span> 
     </span>
     <span class='ocr_line' id='line_1_26' title="bbox 133 1699 879 1744; baseline -0.003 -11"><span class='ocrx_word' id='word_1_156' title='bbox 133 1700 439 1743; x_wconf 82' lang='lat' dir='ltr'>subintelligendum</span> <span class='ocrx_word' id='word_1_157' title='bbox 457 1700 541 1732; x_wconf 88' lang='lat' dir='ltr'>enim</span> <span class='ocrx_word' id='word_1_158' title='bbox 560 1702 758 1744; x_wconf 80' lang='lat' dir='ltr'>nuptiarum.</span> <span class='ocrx_word' id='word_1_159' title='bbox 777 1699 879 1733; x_wconf 71' lang='lat' dir='ltr'>Gorzz.</span> 
     </span>
    </p>

    <p class='ocr_par' dir='ltr' id='par_1_17' title="bbox 131 1761 1089 2313">
     <span class='ocr_line' id='line_1_27' title="bbox 205 1761 1088 1808; baseline -0.001 -14"><span class='ocrx_word' id='word_1_160' title='bbox 205 1761 352 1808; x_wconf 60' lang='lat' dir='ltr'>anaritos]</span> <span class='ocrx_word' id='word_1_161' title='bbox 379 1762 418 1795; x_wconf 91' lang='lat' dir='ltr'>In</span> <span class='ocrx_word' id='word_1_162' title='bbox 438 1761 511 1796; x_wconf 84' lang='lat' dir='ltr'>MS.</span> <span class='ocrx_word' id='word_1_163' title='bbox 531 1763 606 1795; x_wconf 82' lang='lat' dir='ltr'>deos</span> <span class='ocrx_word' id='word_1_164' title='bbox 632 1764 750 1802; x_wconf 73' lang='lat' dir='ltr'>maris,</span> <span class='ocrx_word' id='word_1_165' title='bbox 776 1762 904 1806; x_wconf 82' lang='lat' dir='ltr'>optime.</span> <span class='ocrx_word' id='word_1_166' title='bbox 922 1761 1088 1794; x_wconf 58' lang='lat' dir='ltr'>Giton——</span> 
     </span>
     <span class='ocr_line' id='line_1_28' title="bbox 131 1823 1088 1869; baseline -0.001 -13"><span class='ocrx_word' id='word_1_167' title='bbox 131 1823 231 1856; x_wconf 81' lang='lat' dir='ltr'>Haud</span> <span class='ocrx_word' id='word_1_168' title='bbox 253 1824 502 1869; x_wconf 85' lang='lat' dir='ltr'>approbandum.</span> <span class='ocrx_word' id='word_1_169' title='bbox 536 1824 631 1857; x_wconf 85' lang='lat' dir='ltr'>Licet</span> <span class='ocrx_word' id='word_1_170' title='bbox 649 1824 734 1856; x_wconf 86' lang='lat' dir='ltr'>enim</span> <span class='ocrx_word' id='word_1_171' title='bbox 757 1823 873 1856; x_wconf 89' lang='lat' dir='ltr'>Grotio</span> <span class='ocrx_word' id='word_1_172' title='bbox 892 1823 985 1855; x_wconf 79' lang='lat' dir='ltr'>facile</span> <span class='ocrx_word' id='word_1_173' title='bbox 1012 1834 1088 1855; x_wconf 85' lang='lat' dir='ltr'>eon-</span> 
     </span>
     <span class='ocr_line' id='line_1_29' title="bbox 133 1884 1089 1930; baseline -0.004 -11"><span class='ocrx_word' id='word_1_174' title='bbox 133 1886 301 1927; x_wconf 88' lang='lat' dir='ltr'>cedamus,</span> <span class='ocrx_word' id='word_1_175' title='bbox 328 1899 346 1919; x_wconf 92' lang='lat' dir='ltr'>e</span> <span class='ocrx_word' id='word_1_176' title='bbox 365 1886 513 1929; x_wconf 83' lang='lat' dir='ltr'>neglecta</span> <span class='ocrx_word' id='word_1_177' title='bbox 535 1885 796 1930; x_wconf 82' lang='lat' dir='ltr'>pronuntiatione</span> <span class='ocrx_word' id='word_1_178' title='bbox 815 1885 926 1917; x_wconf 86' lang='lat' dir='ltr'>literae</span> <span class='ocrx_word' id='word_1_179' title='bbox 944 1885 973 1916; x_wconf 88' lang='grc' dir='ltr'><strong>Ε</strong></span> <span class='ocrx_word' id='word_1_180' title='bbox 993 1884 1089 1916; x_wconf 77' lang='lat' dir='ltr'>scribi</span> 
     </span>
     <span class='ocr_line' id='line_1_30' title="bbox 132 1947 1087 1995; baseline -0.005 -13"><span class='ocrx_word' id='word_1_181' title='bbox 132 1950 278 1995; x_wconf 83' lang='lat' dir='ltr'>potuisse</span> <span class='ocrx_word' id='word_1_182' title='bbox 296 1952 395 1982; x_wconf 82' lang='lat' dir='ltr'>maris</span> <span class='ocrx_word' id='word_1_183' title='bbox 418 1961 478 1995; x_wconf 89' lang='lat' dir='ltr'>pro</span> <span class='ocrx_word' id='word_1_184' title='bbox 500 1960 626 1988; x_wconf 82' lang='lat' dir='ltr'>mares,</span> <span class='ocrx_word' id='word_1_185' title='bbox 658 1960 761 1981; x_wconf 82' lang='lat' dir='ltr'>nexus</span> <span class='ocrx_word' id='word_1_186' title='bbox 788 1953 897 1979; x_wconf 82' lang='lat' dir='ltr'>tamen</span> <span class='ocrx_word' id='word_1_187' title='bbox 923 1947 1087 1987; x_wconf 89' lang='lat' dir='ltr'>orationis,</span> 
     </span>
     <span class='ocr_line' id='line_1_31' title="bbox 132 2012 1088 2059; baseline -0.002 -13"><span class='ocrx_word' id='word_1_188' title='bbox 132 2014 394 2059; x_wconf 84' lang='lat' dir='ltr'>quandoquidem</span> <span class='ocrx_word' id='word_1_189' title='bbox 411 2014 451 2046; x_wconf 90' lang='lat' dir='ltr'>de</span> <span class='ocrx_word' id='word_1_190' title='bbox 466 2013 666 2045; x_wconf 84' lang='lat' dir='ltr'>matrimonio</span> <span class='ocrx_word' id='word_1_191' title='bbox 686 2012 806 2055; x_wconf 85' lang='lat' dir='ltr'>agitur,</span> <span class='ocrx_word' id='word_1_192' title='bbox 826 2023 938 2044; x_wconf 82' lang='lat' dir='ltr'>vocem</span> <span class='ocrx_word' id='word_1_193' title='bbox 956 2013 1088 2044; x_wconf 72' lang='lat' dir='ltr'>vnarieos</span> 
     </span>
     <span class='ocr_line' id='line_1_32' title="bbox 131 2076 1089 2124; baseline -0.004 -13"><span class='ocrx_word' id='word_1_194' title='bbox 131 2090 264 2124; x_wconf 84' lang='lat' dir='ltr'>poscere</span> <span class='ocrx_word' id='word_1_195' title='bbox 293 2078 438 2119; x_wconf 73' lang='lat' dir='ltr'>videtur,</span> <span class='ocrx_word' id='word_1_196' title='bbox 468 2089 564 2122; x_wconf 82' lang='lat' dir='ltr'>quam</span> <span class='ocrx_word' id='word_1_197' title='bbox 588 2077 704 2121; x_wconf 87' lang='lat' dir='ltr'>reliqui</span> <span class='ocrx_word' id='word_1_198' title='bbox 728 2088 837 2109; x_wconf 87' lang='lat' dir='ltr'>omnes</span> <span class='ocrx_word' id='word_1_199' title='bbox 865 2076 939 2108; x_wconf 87' lang='lat' dir='ltr'>libri</span> <span class='ocrx_word' id='word_1_200' title='bbox 961 2076 1089 2108; x_wconf 83' lang='lat' dir='ltr'>habent.</span> 
     </span>
     <span class='ocr_line' id='line_1_33' title="bbox 132 2138 1087 2183; baseline -0.003 -10"><span class='ocrx_word' id='word_1_201' title='bbox 132 2141 266 2173; x_wconf 84' lang='lat' dir='ltr'>Temere</span> <span class='ocrx_word' id='word_1_202' title='bbox 295 2139 393 2183; x_wconf 78' lang='lat' dir='ltr'>igitur</span> <span class='ocrx_word' id='word_1_203' title='bbox 423 2138 568 2174; x_wconf 86' lang='lat' dir='ltr'>Goezius</span> <span class='ocrx_word' id='word_1_204' title='bbox 600 2140 675 2172; x_wconf 83' lang='lat' dir='ltr'>deos</span> <span class='ocrx_word' id='word_1_205' title='bbox 707 2141 806 2171; x_wconf 63' lang='lat' dir='ltr'>manis</span> <span class='ocrx_word' id='word_1_206' title='bbox 836 2138 871 2171; x_wconf 91' lang='lat' dir='ltr'>in</span> <span class='ocrx_word' id='word_1_207' title='bbox 901 2144 1087 2172; x_wconf 79' lang='lat' dir='ltr'>contextum</span> 
     </span>
     <span class='ocr_line' id='line_1_34' title="bbox 131 2204 486 2249; baseline 0 -13"><span class='ocrx_word' id='word_1_208' title='bbox 131 2204 259 2249; x_wconf 85' lang='lat' dir='ltr'>recepit.</span> <span class='ocrx_word' id='word_1_209' title='bbox 482 2224 486 2226; x_wconf 38' lang='lat' dir='ltr'>v</span> 
     </span>
     <span class='ocr_line' id='line_1_35' title="bbox 207 2265 1086 2313; baseline -0.003 -13"><span class='ocrx_word' id='word_1_210' title='bbox 207 2273 299 2301; x_wconf 76' lang='lat' dir='ltr'>coetu</span> <span class='ocrx_word' id='word_1_211' title='bbox 322 2266 466 2313; x_wconf 81' lang='lat' dir='ltr'>deorum]</span> <span class='ocrx_word' id='word_1_212' title='bbox 494 2266 649 2300; x_wconf 83' lang='lat' dir='ltr'>Suaserat</span> <span class='ocrx_word' id='word_1_213' title='bbox 663 2267 701 2299; x_wconf 73' lang='lat' dir='ltr'>‘id</span> <span class='ocrx_word' id='word_1_214' title='bbox 725 2265 766 2312; x_wconf 84' lang='lat'>(§.</span> <span class='ocrx_word' id='word_1_215' title='bbox 790 2266 852 2311; x_wconf 78' lang='lat'>55)</span> <span class='ocrx_word' id='word_1_216' title='bbox 870 2266 937 2309; x_wconf 78' lang='lat' dir='ltr'>jam</span> <span class='ocrx_word' id='word_1_217' title='bbox 954 2265 1086 2310; x_wconf 84' lang='lat' dir='ltr'>Apollo.</span> 
     </span>
    </p>

    <p class='ocr_par' dir='ltr' id='par_1_18' title="bbox 131 2328 1086 2562">
     <span class='ocr_line' id='line_1_36' title="bbox 206 2328 1086 2375; baseline -0.001 -14"><span class='ocrx_word' id='word_1_218' title='bbox 206 2328 315 2375; x_wconf 77' lang='lat' dir='ltr'>super]</span> <span class='ocrx_word' id='word_1_219' title='bbox 341 2329 415 2363; x_wconf 83' lang='lat' dir='ltr'>Hoc</span> <span class='ocrx_word' id='word_1_220' title='bbox 440 2334 490 2361; x_wconf 91' lang='lat' dir='ltr'>est</span> <span class='ocrx_word' id='word_1_221' title='bbox 509 2330 549 2361; x_wconf 82' lang='lat' dir='ltr'>de</span> <span class='ocrx_word' id='word_1_222' title='bbox 571 2329 720 2362; x_wconf 88' lang='lat' dir='ltr'>consulto</span> <span class='ocrx_word' id='word_1_223' title='bbox 743 2334 884 2361; x_wconf 88' lang='lat' dir='ltr'>senatus.</span> <span class='ocrx_word' id='word_1_224' title='bbox 910 2329 1086 2360; x_wconf 81' lang='lat' dir='ltr'>Phrenesis</span> 
     </span>
     <span class='ocr_line' id='line_1_37' title="bbox 133 2390 1086 2433; baseline -0.001 -10"><span class='ocrx_word' id='word_1_225' title='bbox 133 2390 235 2432; x_wconf 89' lang='lat' dir='ltr'>enim,</span> <span class='ocrx_word' id='word_1_226' title='bbox 272 2397 374 2423; x_wconf 79' lang='lat' dir='ltr'>mater</span> <span class='ocrx_word' id='word_1_227' title='bbox 396 2391 618 2433; x_wconf 83' lang='lat' dir='ltr'>Philologiae,</span> <span class='ocrx_word' id='word_1_228' title='bbox 651 2391 794 2423; x_wconf 81' lang='lat' dir='ltr'>mortalis</span> <span class='ocrx_word' id='word_1_229' title='bbox 818 2391 948 2433; x_wconf 83' lang='lat' dir='ltr'>fingitur</span> <span class='ocrx_word' id='word_1_230' title='bbox 968 2391 1086 2431; x_wconf 80' lang='lat' dir='ltr'>fuisse,</span> 
     </span>
     <span class='ocr_line' id='line_1_38' title="bbox 131 2452 1086 2496; baseline 0 -12"><span class='ocrx_word' id='word_1_231' title='bbox 131 2452 269 2496; x_wconf 89' lang='lat' dir='ltr'>ideoque</span> <span class='ocrx_word' id='word_1_232' title='bbox 290 2458 324 2485; x_wconf 90' lang='lat' dir='ltr'>et</span> <span class='ocrx_word' id='word_1_233' title='bbox 337 2452 521 2494; x_wconf 78' lang='lat' dir='ltr'>Plnilologia</span> <span class='ocrx_word' id='word_1_234' title='bbox 539 2453 691 2486; x_wconf 86' lang='lat' dir='ltr'>mortalis.</span> <span class='ocrx_word' id='word_1_235' title='bbox 719 2454 879 2486; x_wconf 66' lang='lat' dir='ltr'>Vunc.——</span> <span class='ocrx_word' id='word_1_236' title='bbox 897 2453 1086 2495; x_wconf 84' lang='lat' dir='ltr'>Legendum</span> 
     </span>
     <span class='ocr_line' id='line_1_39' title="bbox 138 2515 1085 2562; baseline 0.002 -14"><span class='ocrx_word' id='word_1_237' title='bbox 138 2516 265 2560; x_wconf 74' lang='lat' dir='ltr'>»superi</span> <span class='ocrx_word' id='word_1_238' title='bbox 283 2515 318 2549; x_wconf 88' lang='lat' dir='ltr'>S.</span> <span class='ocrx_word' id='word_1_239' title='bbox 336 2516 394 2549; x_wconf 55' lang='lat' dir='ltr'>Ca«</span> <span class='ocrx_word' id='word_1_240' title='bbox 425 2516 512 2548; x_wconf 79' lang='lat' dir='ltr'>Infra</span> <span class='ocrx_word' id='word_1_241' title='bbox 534 2517 618 2550; x_wconf 87' lang='lat' dir='ltr'>enim</span> <span class='ocrx_word' id='word_1_242' title='bbox 643 2518 688 2550; x_wconf 88' lang='lat' dir='ltr'>sic</span> <span class='ocrx_word' id='word_1_243' title='bbox 709 2518 867 2562; x_wconf 84' lang='lat' dir='ltr'>loquitur,</span> <span class='ocrx_word' id='word_1_244' title='bbox 892 2523 925 2550; x_wconf 88' lang='lat' dir='ltr'>et</span> <span class='ocrx_word' id='word_1_245' title='bbox 946 2518 980 2550; x_wconf 88' lang='lat' dir='ltr'>in</span> <span class='ocrx_word' id='word_1_246' title='bbox 998 2518 1085 2552; x_wconf 87' lang='lat' dir='ltr'>Geo-</span> 
     </span>
    </p>
   </div>
   <div class='ocr_carea' id='block_1_15' title="bbox 131 2579 1084 2627">
    <p class='ocr_par' dir='ltr' id='par_1_19' title="bbox 131 2579 1084 2627">
     <span class='ocr_line' id='line_1_40' title="bbox 131 2579 1084 2627; baseline 0.002 -15"><span class='ocrx_word' id='word_1_247' title='bbox 131 2580 242 2612; x_wconf 81' lang='lat' dir='ltr'>metria</span> <span class='ocrx_word' id='word_1_248' title='bbox 267 2579 434 2612; x_wconf 69' lang='lat' dir='ltr'>»coelestis</span> <span class='ocrx_word' id='word_1_249' title='bbox 457 2579 492 2612; x_wconf 90' lang='lat' dir='ltr'>S.</span> <span class='ocrx_word' id='word_1_250' title='bbox 509 2579 565 2612; x_wconf 54' lang='lat' dir='ltr'>Ca</span> <span class='ocrx_word' id='word_1_251' title='bbox 596 2581 684 2612; x_wconf 85' lang='lat' dir='ltr'>dixit.</span> <span class='ocrx_word' id='word_1_252' title='bbox 702 2581 868 2616; x_wconf 74' lang='lat' dir='ltr'>Gmn-.—</span> <span class='ocrx_word' id='word_1_253' title='bbox 887 2582 953 2614; x_wconf 81' lang='lat' dir='ltr'>Ista</span> <span class='ocrx_word' id='word_1_254' title='bbox 975 2594 1084 2627; x_wconf 79' lang='lat' dir='ltr'>quam-</span> 
     </span>
    </p>
   </div>
   <div class='ocr_carea' id='block_1_16' title="bbox 1401 814 2100 872">
    <p class='ocr_par' dir='ltr' id='par_1_20' title="bbox 1401 814 2100 872">
     <span class='ocr_line' id='line_1_41' title="bbox 1401 814 2100 872; baseline 0 -17"><span class='ocrx_word' id='word_1_255' title='bbox 1401 815 1466 856; x_wconf 87' lang='lat' dir='ltr'>Ac</span> <span class='ocrx_word' id='word_1_256' title='bbox 1501 828 1606 855; x_wconf 78' lang='lat' dir='ltr'>mox</span> <span class='ocrx_word' id='word_1_257' title='bbox 1643 814 1758 856; x_wconf 89' lang='lat' dir='ltr'>Jovis</span> <span class='ocrx_word' id='word_1_258' title='bbox 1796 815 1935 857; x_wconf 83' lang='lat' dir='ltr'>scriba</span> <span class='ocrx_word' id='word_1_259' title='bbox 1973 832 2100 872; x_wconf 80' lang='lat' dir='ltr'>prae-</span> 
     </span>
    </p>
   </div>
   <div class='ocr_carea' id='block_1_17' title="bbox 1131 948 2105 2630">
    <p class='ocr_par' dir='ltr' id='par_1_21' title="bbox 1144 948 2105 1618">
     <span class='ocr_line' id='line_1_42' title="bbox 1150 948 2104 994; baseline 0.004 -14"><span class='ocrx_word' id='word_1_260' title='bbox 1150 948 1199 980; x_wconf 70' lang='lat' dir='ltr'>vis</span> <span class='ocrx_word' id='word_1_261' title='bbox 1229 948 1309 981; x_wconf 77' lang='lat' dir='ltr'>infra</span> <span class='ocrx_word' id='word_1_262' title='bbox 1337 948 1378 994; x_wconf 65' lang='grc' dir='ltr'>(ἓ.</span> <span class='ocrx_word' id='word_1_263' title='bbox 1404 949 1462 981; x_wconf 86' lang='grc'>96.</span> <span class='ocrx_word' id='word_1_264' title='bbox 1488 949 1575 993; x_wconf 90' lang='grc'>676)</span> <span class='ocrx_word' id='word_1_265' title='bbox 1599 949 1764 991; x_wconf 80' lang='lat' dir='ltr'>legantur,</span> <span class='ocrx_word' id='word_1_266' title='bbox 1803 951 1863 983; x_wconf 86' lang='lat' dir='ltr'>hoe</span> <span class='ocrx_word' id='word_1_267' title='bbox 1897 956 2002 982; x_wconf 73' lang='lat' dir='ltr'>tamen</span> <span class='ocrx_word' id='word_1_268' title='bbox 2031 952 2104 984; x_wconf 86' lang='lat' dir='ltr'>loeo</span> 
     </span>
     <span class='ocr_line' id='line_1_43' title="bbox 1151 1013 2103 1057; baseline 0.002 -13"><span class='ocrx_word' id='word_1_269' title='bbox 1151 1023 1262 1044; x_wconf 86' lang='lat' dir='ltr'>omnes</span> <span class='ocrx_word' id='word_1_270' title='bbox 1286 1013 1370 1054; x_wconf 87' lang='lat' dir='ltr'>libri,</span> <span class='ocrx_word' id='word_1_271' title='bbox 1389 1019 1453 1044; x_wconf 79' lang='lat' dir='ltr'>tam</span> <span class='ocrx_word' id='word_1_272' title='bbox 1477 1013 1569 1054; x_wconf 71' lang='lat' dir='ltr'>editi,</span> <span class='ocrx_word' id='word_1_273' title='bbox 1595 1025 1690 1057; x_wconf 84' lang='lat' dir='ltr'>quam</span> <span class='ocrx_word' id='word_1_274' title='bbox 1714 1013 1834 1057; x_wconf 82' lang='lat' dir='ltr'>scripti,</span> <span class='ocrx_word' id='word_1_275' title='bbox 1857 1025 1954 1057; x_wconf 80' lang='lat' dir='ltr'>super</span> <span class='ocrx_word' id='word_1_276' title='bbox 1977 1015 2103 1046; x_wconf 72' lang='lat' dir='ltr'>liabent.</span> 
     </span>
     <span class='ocr_line' id='line_1_44' title="bbox 1151 1074 2105 1119; baseline 0.002 -14"><span class='ocrx_word' id='word_1_277' title='bbox 1151 1074 1228 1117; x_wconf 78' lang='lat' dir='ltr'>Quo</span> <span class='ocrx_word' id='word_1_278' title='bbox 1251 1075 1351 1116; x_wconf 75' lang='lat' dir='ltr'>magis</span> <span class='ocrx_word' id='word_1_279' title='bbox 1375 1075 1533 1107; x_wconf 87' lang='lat' dir='ltr'>Goezium</span> <span class='ocrx_word' id='word_1_280' title='bbox 1564 1074 1597 1106; x_wconf 88' lang='lat' dir='ltr'>in</span> <span class='ocrx_word' id='word_1_281' title='bbox 1635 1087 1673 1106; x_wconf 86' lang='lat' dir='ltr'>eo</span> <span class='ocrx_word' id='word_1_282' title='bbox 1702 1075 1983 1118; x_wconf 83' lang='lat' dir='ltr'>reprebendimuS,</span> <span class='ocrx_word' id='word_1_283' title='bbox 2018 1076 2105 1119; x_wconf 79' lang='lat' dir='ltr'>quod</span> 
     </span>
     <span class='ocr_line' id='line_1_45' title="bbox 1148 1137 2103 1181; baseline 0.002 -13"><span class='ocrx_word' id='word_1_284' title='bbox 1148 1137 1181 1169; x_wconf 88' lang='lat' dir='ltr'>in</span> <span class='ocrx_word' id='word_1_285' title='bbox 1211 1143 1332 1169; x_wconf 76' lang='lat' dir='ltr'>textum</span> <span class='ocrx_word' id='word_1_286' title='bbox 1356 1138 1485 1169; x_wconf 84' lang='lat' dir='ltr'>intrusit</span> <span class='ocrx_word' id='word_1_287' title='bbox 1508 1139 1635 1181; x_wconf 78' lang='lat' dir='ltr'>superi,</span> <span class='ocrx_word' id='word_1_288' title='bbox 1668 1138 1855 1181; x_wconf 84' lang='lat' dir='ltr'>praesertim</span> <span class='ocrx_word' id='word_1_289' title='bbox 1879 1150 1978 1181; x_wconf 83' lang='lat' dir='ltr'>quum</span> <span class='ocrx_word' id='word_1_290' title='bbox 2004 1139 2103 1170; x_wconf 79' lang='lat' dir='ltr'>altera</span> 
     </span>
     <span class='ocr_line' id='line_1_46' title="bbox 1148 1201 2104 1244; baseline 0 -11"><span class='ocrx_word' id='word_1_291' title='bbox 1148 1208 1180 1233; x_wconf 84' lang='lat' dir='ltr'>et</span> <span class='ocrx_word' id='word_1_292' title='bbox 1197 1207 1349 1233; x_wconf 74' lang='lat' dir='ltr'>constans</span> <span class='ocrx_word' id='word_1_293' title='bbox 1365 1202 1460 1233; x_wconf 83' lang='lat' dir='ltr'>lectio</span> <span class='ocrx_word' id='word_1_294' title='bbox 1478 1201 1567 1233; x_wconf 90' lang='lat' dir='ltr'>nullo</span> <span class='ocrx_word' id='word_1_295' title='bbox 1586 1201 1715 1243; x_wconf 85' lang='lat' dir='ltr'>negotio</span> <span class='ocrx_word' id='word_1_296' title='bbox 1734 1201 1860 1233; x_wconf 78' lang='lat' dir='ltr'>defendi</span> <span class='ocrx_word' id='word_1_297' title='bbox 1878 1201 1991 1244; x_wconf 78' lang='lat' dir='ltr'>possit,</span> <span class='ocrx_word' id='word_1_298' title='bbox 2008 1203 2104 1234; x_wconf 86' lang='lat' dir='ltr'>modo</span> 
     </span>
     <span class='ocr_line' id='line_1_47' title="bbox 1147 1264 2103 1310; baseline 0 -13"><span class='ocrx_word' id='word_1_299' title='bbox 1147 1266 1227 1297; x_wconf 85' lang='lat' dir='ltr'>illud</span> <span class='ocrx_word' id='word_1_300' title='bbox 1253 1278 1351 1310; x_wconf 66' lang='lat' dir='ltr'>super</span> <span class='ocrx_word' id='word_1_301' title='bbox 1371 1278 1429 1310; x_wconf 85' lang='lat' dir='ltr'>pro</span> <span class='ocrx_word' id='word_1_302' title='bbox 1450 1265 1600 1297; x_wconf 73' lang='lat' dir='ltr'>adverbio</span> <span class='ocrx_word' id='word_1_303' title='bbox 1617 1264 1818 1309; x_wconf 80' lang='lat' dir='ltr'>accipiamus.</span> <span class='ocrx_word' id='word_1_304' title='bbox 1858 1265 2000 1296; x_wconf 82' lang='lat' dir='ltr'>Primum</span> <span class='ocrx_word' id='word_1_305' title='bbox 2020 1266 2103 1297; x_wconf 81' lang='lat' dir='ltr'>enim</span> 
     </span>
     <span class='ocr_line' id='line_1_48' title="bbox 1147 1328 2102 1373; baseline 0 -12"><span class='ocrx_word' id='word_1_306' title='bbox 1147 1330 1251 1372; x_wconf 80' lang='lat' dir='ltr'>agitur</span> <span class='ocrx_word' id='word_1_307' title='bbox 1274 1330 1314 1362; x_wconf 86' lang='lat' dir='ltr'>de</span> <span class='ocrx_word' id='word_1_308' title='bbox 1337 1341 1376 1362; x_wconf 87' lang='lat' dir='ltr'>eo</span> <span class='ocrx_word' id='word_1_309' title='bbox 1401 1329 1488 1373; x_wconf 82' lang='lat' dir='ltr'>quod</span> <span class='ocrx_word' id='word_1_310' title='bbox 1512 1329 1580 1360; x_wconf 84' lang='lat' dir='ltr'>fieri</span> <span class='ocrx_word' id='word_1_311' title='bbox 1604 1328 1725 1360; x_wconf 80' lang='lat' dir='ltr'>Joviali</span> <span class='ocrx_word' id='word_1_312' title='bbox 1750 1329 1879 1360; x_wconf 84' lang='lat' dir='ltr'>decreto</span> <span class='ocrx_word' id='word_1_313' title='bbox 1900 1329 2026 1369; x_wconf 80' lang='lat' dir='ltr'>debeat,</span> <span class='ocrx_word' id='word_1_314' title='bbox 2049 1330 2102 1361; x_wconf 87' lang='lat' dir='ltr'>de-</span> 
     </span>
     <span class='ocr_line' id='line_1_49' title="bbox 1146 1390 2103 1434; baseline 0 -12"><span class='ocrx_word' id='word_1_315' title='bbox 1146 1391 1221 1422; x_wconf 88' lang='lat' dir='ltr'>inde</span> <span class='ocrx_word' id='word_1_316' title='bbox 1245 1403 1321 1423; x_wconf 85' lang='lat' dir='ltr'>vero</span> <span class='ocrx_word' id='word_1_317' title='bbox 1354 1391 1496 1430; x_wconf 84' lang='lat' dir='ltr'>additur,</span> <span class='ocrx_word' id='word_1_318' title='bbox 1538 1390 1614 1434; x_wconf 81' lang='lat' dir='ltr'>quid</span> <span class='ocrx_word' id='word_1_319' title='bbox 1641 1391 1774 1433; x_wconf 82' lang='lat' dir='ltr'>insuper</span> <span class='ocrx_word' id='word_1_320' title='bbox 1797 1395 1927 1421; x_wconf 78' lang='lat' dir='ltr'>senatus</span> <span class='ocrx_word' id='word_1_321' title='bbox 1955 1391 2103 1423; x_wconf 82' lang='lat' dir='ltr'>consulto</span> 
     </span>
     <span class='ocr_line' id='line_1_50' title="bbox 1145 1451 2103 1497; baseline 0.002 -13"><span class='ocrx_word' id='word_1_322' title='bbox 1145 1453 1324 1484; x_wconf 76' lang='lat' dir='ltr'>confirmari</span> <span class='ocrx_word' id='word_1_323' title='bbox 1345 1463 1477 1483; x_wconf 85' lang='lat' dir='ltr'>neeesse</span> <span class='ocrx_word' id='word_1_324' title='bbox 1502 1452 1551 1482; x_wconf 86' lang='lat' dir='ltr'>sit.</span> <span class='ocrx_word' id='word_1_325' title='bbox 1576 1451 1684 1494; x_wconf 80' lang='lat' dir='ltr'>Super</span> <span class='ocrx_word' id='word_1_326' title='bbox 1707 1452 1792 1483; x_wconf 84' lang='lat' dir='ltr'>enim</span> <span class='ocrx_word' id='word_1_327' title='bbox 1816 1465 1876 1496; x_wconf 87' lang='lat' dir='ltr'>pro</span> <span class='ocrx_word' id='word_1_328' title='bbox 1899 1455 2031 1497; x_wconf 73' lang='lat' dir='ltr'>insuper</span> <span class='ocrx_word' id='word_1_329' title='bbox 2051 1455 2103 1486; x_wconf 70' lang='lat' dir='ltr'>vel</span> 
     </span>
     <span class='ocr_line' id='line_1_51' title="bbox 1144 1513 2100 1559; baseline 0.004 -14"><span class='ocrx_word' id='word_1_330' title='bbox 1144 1515 1184 1545; x_wconf 91' lang='lat' dir='ltr'>ab</span> <span class='ocrx_word' id='word_1_331' title='bbox 1203 1513 1330 1557; x_wconf 88' lang='lat' dir='ltr'>optimis</span> <span class='ocrx_word' id='word_1_332' title='bbox 1351 1513 1559 1557; x_wconf 85' lang='lat' dir='ltr'>scriptoribus</span> <span class='ocrx_word' id='word_1_333' title='bbox 1580 1513 1659 1557; x_wconf 88' lang='lat' dir='ltr'>poni</span> <span class='ocrx_word' id='word_1_334' title='bbox 1679 1513 1771 1545; x_wconf 84' lang='lat' dir='ltr'>testis</span> <span class='ocrx_word' id='word_1_335' title='bbox 1791 1519 1841 1545; x_wconf 83' lang='lat' dir='ltr'>est</span> <span class='ocrx_word' id='word_1_336' title='bbox 1856 1514 1994 1547; x_wconf 76' lang='lat' dir='ltr'>Ovidius</span> <span class='ocrx_word' id='word_1_337' title='bbox 2012 1516 2100 1559; x_wconf 86' lang='lat' dir='ltr'>(met.</span> 
     </span>
     <span class='ocr_line' id='line_1_52' title="bbox 1147 1576 1345 1618; baseline -0.01 -10"><span class='ocrx_word' id='word_1_338' title='bbox 1147 1577 1211 1616; x_wconf 91' lang='grc'>12,</span> <span class='ocrx_word' id='word_1_339' title='bbox 1239 1576 1345 1618; x_wconf 72' lang='grc' dir='ltr'>206)ε</span> 
     </span>
    </p>

    <p class='ocr_par' dir='ltr' id='par_1_22' title="bbox 1194 1638 1941 1685">
     <span class='ocr_line' id='line_1_53' title="bbox 1194 1638 1941 1685; baseline 0.012 -22"><span class='ocrx_word' id='word_1_340' title='bbox 1194 1657 1242 1663; x_wconf 86' lang='lat'>...</span> <span class='ocrx_word' id='word_1_341' title='bbox 1265 1638 1492 1685; x_wconf 63' lang='lat' dir='ltr'>»Deflet-atque</span> <span class='ocrx_word' id='word_1_342' title='bbox 1515 1649 1627 1682; x_wconf 85' lang='lat' dir='ltr'>snper,</span> <span class='ocrx_word' id='word_1_343' title='bbox 1651 1649 1692 1670; x_wconf 76' lang='lat' dir='ltr'>ne</span> <span class='ocrx_word' id='word_1_344' title='bbox 1712 1640 1843 1673; x_wconf 54' lang='lat' dir='ltr'>sanceias</span> <span class='ocrx_word' id='word_1_345' title='bbox 1867 1640 1941 1672; x_wconf 76' lang='lat' dir='ltr'>ullis</span> 
     </span>
    </p>

    <p class='ocr_par' dir='ltr' id='par_1_23' title="bbox 1198 1700 2033 1747">
     <span class='ocr_line' id='line_1_54' title="bbox 1198 1700 2033 1747; baseline 0.001 -13"><span class='ocrx_word' id='word_1_346' title='bbox 1198 1702 1398 1734; x_wconf 77' lang='lat' dir='ltr'>Vulneribus</span> <span class='ocrx_word' id='word_1_347' title='bbox 1417 1701 1491 1744; x_wconf 79' lang='lat' dir='ltr'>fieri</span> <span class='ocrx_word' id='word_1_348' title='bbox 1507 1701 1636 1744; x_wconf 75' lang='lat' dir='ltr'>ferrove</span> <span class='ocrx_word' id='word_1_349' title='bbox 1659 1700 1843 1734; x_wconf 63' lang='lat' dir='ltr'>occumbere</span> <span class='ocrx_word' id='word_1_350' title='bbox 1862 1700 2001 1747; x_wconf 55' lang='lat' dir='ltr'>posset«</span> <span class='ocrx_word' id='word_1_351' title='bbox 2031 1733 2033 1736; x_wconf 90' lang='grc'>,</span> 
     </span>
    </p>

    <p class='ocr_par' dir='ltr' id='par_1_24' title="bbox 1131 1761 2101 2630">
     <span class='ocr_line' id='line_1_55' title="bbox 1209 1761 2100 1809; baseline 0.001 -13"><span class='ocrx_word' id='word_1_352' title='bbox 1209 1761 1336 1809; x_wconf 60' lang='lat' dir='ltr'>regum]</span> <span class='ocrx_word' id='word_1_353' title='bbox 1362 1763 1428 1795; x_wconf 80' lang='lat' dir='ltr'>Hic</span> <span class='ocrx_word' id='word_1_354' title='bbox 1451 1775 1512 1794; x_wconf 73' lang='lat' dir='ltr'>rex</span> <span class='ocrx_word' id='word_1_355' title='bbox 1533 1762 1695 1807; x_wconf 87' lang='lat' dir='ltr'>(uterque)</span> <span class='ocrx_word' id='word_1_356' title='bbox 1711 1763 1788 1807; x_wconf 90' lang='lat' dir='ltr'>poni</span> <span class='ocrx_word' id='word_1_357' title='bbox 1807 1775 1867 1808; x_wconf 89' lang='lat' dir='ltr'>pro</span> <span class='ocrx_word' id='word_1_358' title='bbox 1893 1776 1968 1807; x_wconf 85' lang='lat' dir='ltr'>rege</span> <span class='ocrx_word' id='word_1_359' title='bbox 1991 1770 2026 1796; x_wconf 83' lang='lat' dir='ltr'>et</span> <span class='ocrx_word' id='word_1_360' title='bbox 2051 1776 2100 1797; x_wconf 86' lang='lat' dir='ltr'>re-</span> 
     </span>
     <span class='ocr_line' id='line_1_56' title="bbox 1139 1823 2100 1869; baseline 0.004 -14"><span class='ocrx_word' id='word_1_361' title='bbox 1139 1823 1211 1866; x_wconf 80' lang='lat' dir='ltr'>gina</span> <span class='ocrx_word' id='word_1_362' title='bbox 1224 1830 1310 1857; x_wconf 86' lang='lat' dir='ltr'>reete</span> <span class='ocrx_word' id='word_1_363' title='bbox 1325 1829 1434 1857; x_wconf 85' lang='lat' dir='ltr'>monet</span> <span class='ocrx_word' id='word_1_364' title='bbox 1450 1824 1614 1857; x_wconf 82' lang='lat' dir='ltr'>Muneker.</span> <span class='ocrx_word' id='word_1_365' title='bbox 1633 1824 1672 1856; x_wconf 87' lang='lat' dir='ltr'>ad</span> <span class='ocrx_word' id='word_1_366' title='bbox 1688 1824 1807 1869; x_wconf 75' lang='lat' dir='ltr'>Hygin.</span> <span class='ocrx_word' id='word_1_367' title='bbox 1822 1826 1886 1859; x_wconf 81' lang='lat' dir='ltr'>sab.</span> <span class='ocrx_word' id='word_1_368' title='bbox 1906 1827 1994 1867; x_wconf 72' lang='lat'>1585</span> <span class='ocrx_word' id='word_1_369' title='bbox 2019 1826 2100 1859; x_wconf 84' lang='lat' dir='ltr'>adde</span> 
     </span>
     <span class='ocr_line' id='line_1_57' title="bbox 1139 1887 2101 1934; baseline 0.002 -14"><span class='ocrx_word' id='word_1_370' title='bbox 1139 1894 1235 1920; x_wconf 88' lang='lat' dir='ltr'>notas</span> <span class='ocrx_word' id='word_1_371' title='bbox 1254 1890 1294 1921; x_wconf 86' lang='lat' dir='ltr'>ad</span> <span class='ocrx_word' id='word_1_372' title='bbox 1316 1887 1445 1921; x_wconf 82' lang='lat' dir='ltr'>Livium</span> <span class='ocrx_word' id='word_1_373' title='bbox 1469 1888 1496 1921; x_wconf 90' lang='lat' dir='ltr'>I.</span> <span class='ocrx_word' id='word_1_374' title='bbox 1523 1888 1582 1920; x_wconf 82' lang='grc'>29.</span> <span class='ocrx_word' id='word_1_375' title='bbox 1623 1887 1809 1922; x_wconf 79' lang='lat' dir='ltr'>Notandum</span> <span class='ocrx_word' id='word_1_376' title='bbox 1836 1901 1929 1930; x_wconf 68' lang='lat' dir='ltr'>vero,</span> <span class='ocrx_word' id='word_1_377' title='bbox 1959 1890 2046 1934; x_wconf 85' lang='lat' dir='ltr'>quod</span> <span class='ocrx_word' id='word_1_378' title='bbox 2066 1890 2101 1922; x_wconf 91' lang='lat' dir='ltr'>in</span> 
     </span>
     <span class='ocr_line' id='line_1_58' title="bbox 1138 1952 2098 1997; baseline 0.001 -13"><span class='ocrx_word' id='word_1_379' title='bbox 1138 1952 1302 1985; x_wconf 80' lang='lat' dir='ltr'>Vossiano</span> <span class='ocrx_word' id='word_1_380' title='bbox 1329 1953 1410 1984; x_wconf 88' lang='lat' dir='ltr'>illud</span> <span class='ocrx_word' id='word_1_381' title='bbox 1437 1953 1632 1997; x_wconf 69' lang='lat' dir='ltr'>eonjuqum,</span> <span class='ocrx_word' id='word_1_382' title='bbox 1661 1959 1697 1984; x_wconf 86' lang='lat' dir='ltr'>ut</span> <span class='ocrx_word' id='word_1_383' title='bbox 1718 1965 1833 1997; x_wconf 81' lang='lat' dir='ltr'>saepe,</span> <span class='ocrx_word' id='word_1_384' title='bbox 1857 1953 2011 1985; x_wconf 82' lang='lat' dir='ltr'>scribitur</span> <span class='ocrx_word' id='word_1_385' title='bbox 2027 1966 2098 1985; x_wconf 73' lang='lat' dir='ltr'>con-</span> 
     </span>
     <span class='ocr_line' id='line_1_59' title="bbox 1131 2015 2098 2061; baseline 0.001 -14"><span class='ocrx_word' id='word_1_386' title='bbox 1131 2017 1271 2061; x_wconf 67' lang='lat' dir='ltr'>juflz‘um.</span> <span class='ocrx_word' id='word_1_387' title='bbox 1295 2015 1420 2049; x_wconf 68' lang='lat' dir='ltr'>Arwrz.</span> <span class='ocrx_word' id='word_1_388' title='bbox 1440 2016 1541 2061; x_wconf 83' lang='lat' dir='ltr'>(misc.</span> <span class='ocrx_word' id='word_1_389' title='bbox 1566 2028 1597 2060; x_wconf 89' lang='lat' dir='ltr'>p.</span> <span class='ocrx_word' id='word_1_390' title='bbox 1621 2016 1707 2060; x_wconf 83' lang='grc'>206)</span> <span class='ocrx_word' id='word_1_391' title='bbox 1722 2036 1769 2041; x_wconf 86' lang='lat'>—-—</span> <span class='ocrx_word' id='word_1_392' title='bbox 1795 2016 1926 2061; x_wconf 70' lang='lat' dir='ltr'>Jupiter</span> <span class='ocrx_word' id='word_1_393' title='bbox 1950 2018 2098 2049; x_wconf 79' lang='lat' dir='ltr'>nimirum</span> 
     </span>
     <span class='ocr_line' id='line_1_60' title="bbox 1136 2076 2096 2126; baseline 0.001 -14"><span class='ocrx_word' id='word_1_394' title='bbox 1136 2076 1320 2120; x_wconf 68' lang='grc' dir='ltr'>βασιλεὺς</span> <span class='ocrx_word' id='word_1_395' title='bbox 1331 2081 1482 2126; x_wconf 87' lang='lat' dir='ltr'>(Pausan.</span> <span class='ocrx_word' id='word_1_396' title='bbox 1498 2081 1532 2121; x_wconf 83' lang='grc'>9,</span> <span class='ocrx_word' id='word_1_397' title='bbox 1547 2080 1607 2120; x_wconf 84' lang='grc'>59,</span> <span class='ocrx_word' id='word_1_398' title='bbox 1626 2081 1658 2112; x_wconf 83' lang='grc'>5.</span> <span class='ocrx_word' id='word_1_399' title='bbox 1673 2080 1706 2111; x_wconf 81' lang='grc'>4.</span> <span class='ocrx_word' id='word_1_400' title='bbox 1724 2079 1852 2112; x_wconf 82' lang='lat' dir='ltr'>Arrian.</span> <span class='ocrx_word' id='word_1_401' title='bbox 1868 2082 1903 2121; x_wconf 71' lang='lat'>5,</span> <span class='ocrx_word' id='word_1_402' title='bbox 1922 2083 1954 2112; x_wconf 76' lang='lat'>5.</span> <span class='ocrx_word' id='word_1_403' title='bbox 1969 2093 1999 2125; x_wconf 89' lang='lat' dir='ltr'>p.</span> <span class='ocrx_word' id='word_1_404' title='bbox 2014 2083 2096 2113; x_wconf 87' lang='lat'>187.</span> 
     </span>
     <span class='ocr_line' id='line_1_61' title="bbox 1136 2142 2096 2188; baseline 0.002 -13"><span class='ocrx_word' id='word_1_405' title='bbox 1136 2143 1254 2188; x_wconf 80' lang='lat' dir='ltr'>Raph.)</span> <span class='ocrx_word' id='word_1_406' title='bbox 1271 2144 1337 2176; x_wconf 81' lang='lat' dir='ltr'>sive</span> <span class='ocrx_word' id='word_1_407' title='bbox 1353 2156 1410 2176; x_wconf 80' lang='lat' dir='ltr'>rex</span> <span class='ocrx_word' id='word_1_408' title='bbox 1430 2143 1534 2188; x_wconf 81' lang='lat' dir='ltr'>(Virg.</span> <span class='ocrx_word' id='word_1_409' title='bbox 1554 2143 1621 2176; x_wconf 85' lang='lat' dir='ltr'>Cir.</span> <span class='ocrx_word' id='word_1_410' title='bbox 1645 2143 1727 2175; x_wconf 78' lang='lat'>520.</span> <span class='ocrx_word' id='word_1_411' title='bbox 1749 2142 1833 2175; x_wconf 88' lang='lat' dir='ltr'>Aen.</span> <span class='ocrx_word' id='word_1_412' title='bbox 1850 2144 1891 2185; x_wconf 90' lang='grc'>2,</span> <span class='ocrx_word' id='word_1_413' title='bbox 1913 2145 2008 2185; x_wconf 83' lang='grc'>648,</span> <span class='ocrx_word' id='word_1_414' title='bbox 2041 2145 2096 2177; x_wconf 87' lang='grc'>10.</span> 
     </span>
     <span class='ocr_line' id='line_1_62' title="bbox 1140 2206 2094 2252; baseline 0 -13"><span class='ocrx_word' id='word_1_415' title='bbox 1140 2209 1221 2240; x_wconf 84' lang='grc'>112.</span> <span class='ocrx_word' id='word_1_416' title='bbox 1245 2207 1341 2240; x_wconf 84' lang='lat' dir='ltr'>Ovid.</span> <span class='ocrx_word' id='word_1_417' title='bbox 1357 2208 1432 2239; x_wconf 74' lang='lat' dir='ltr'>fast.</span> <span class='ocrx_word' id='word_1_418' title='bbox 1450 2209 1484 2249; x_wconf 86' lang='lat'>5,</span> <span class='ocrx_word' id='word_1_419' title='bbox 1504 2207 1590 2240; x_wconf 79' lang='grc'><strong>’554-</strong></span> <span class='ocrx_word' id='word_1_420' title='bbox 1610 2206 1669 2240; x_wconf 91' lang='lat' dir='ltr'>Sil.</span> <span class='ocrx_word' id='word_1_421' title='bbox 1688 2209 1723 2248; x_wconf 83' lang='lat'>5,</span> <span class='ocrx_word' id='word_1_422' title='bbox 1751 2207 1838 2252; x_wconf 78' lang='grc'>217)</span> <span class='ocrx_word' id='word_1_423' title='bbox 1864 2208 2094 2252; x_wconf 82' lang='lat' dir='ltr'>appellabatur,</span> 
     </span>
     <span class='ocr_line' id='line_1_63' title="bbox 1137 2266 2093 2316; baseline 0 -14"><span class='ocrx_word' id='word_1_424' title='bbox 1137 2271 1257 2316; x_wconf 85' lang='lat' dir='ltr'>pariter</span> <span class='ocrx_word' id='word_1_425' title='bbox 1290 2266 1385 2315; x_wconf 72' lang='lat' dir='ltr'>atque</span> <span class='ocrx_word' id='word_1_426' title='bbox 1411 2270 1502 2304; x_wconf 80' lang='lat' dir='ltr'>Juno</span> <span class='ocrx_word' id='word_1_427' title='bbox 1526 2271 1636 2314; x_wconf 83' lang='lat' dir='ltr'>regina</span> <span class='ocrx_word' id='word_1_428' title='bbox 1667 2269 1763 2315; x_wconf 80' lang='lat' dir='ltr'>(Aen.</span> <span class='ocrx_word' id='word_1_429' title='bbox 1792 2272 1831 2312; x_wconf 84' lang='grc'>1,</span> <span class='ocrx_word' id='word_1_430' title='bbox 1863 2272 1922 2304; x_wconf 82' lang='grc'>46.</span> <span class='ocrx_word' id='word_1_431' title='bbox 1949 2274 1982 2313; x_wconf 88' lang='grc'>7,</span> <span class='ocrx_word' id='word_1_432' title='bbox 2012 2273 2093 2303; x_wconf 80' lang='grc'>575.</span> 
     </span>
     <span class='ocr_line' id='line_1_64' title="bbox 1137 2333 2091 2376; baseline -0.004 -8"><span class='ocrx_word' id='word_1_433' title='bbox 1137 2336 1221 2368; x_wconf 86' lang='grc'>620.</span> <span class='ocrx_word' id='word_1_434' title='bbox 1239 2333 1378 2375; x_wconf 78' lang='lat' dir='ltr'>Ov‘i&#39;d.6,</span> <span class='ocrx_word' id='word_1_435' title='bbox 1399 2336 1458 2367; x_wconf 90' lang='lat'>57.</span> <span class='ocrx_word' id='word_1_436' title='bbox 1482 2334 1542 2367; x_wconf 86' lang='lat' dir='ltr'>Sil.</span> <span class='ocrx_word' id='word_1_437' title='bbox 1560 2336 1592 2375; x_wconf 93' lang='grc'>7,</span> <span class='ocrx_word' id='word_1_438' title='bbox 1615 2335 1672 2366; x_wconf 88' lang='lat'>78.</span> <span class='ocrx_word' id='word_1_439' title='bbox 1688 2334 1794 2366; x_wconf 82' lang='lat' dir='ltr'>Plaut.</span> <span class='ocrx_word' id='word_1_440' title='bbox 1815 2334 1896 2368; x_wconf 87' lang='lat' dir='ltr'>Cist.</span> <span class='ocrx_word' id='word_1_441' title='bbox 1914 2335 1948 2376; x_wconf 96' lang='grc'>2,</span> <span class='ocrx_word' id='word_1_442' title='bbox 1978 2336 2009 2374; x_wconf 81' lang='lat'>1,</span> <span class='ocrx_word' id='word_1_443' title='bbox 2033 2334 2091 2365; x_wconf 83' lang='lat'>57.</span> 
     </span>
     <span class='ocr_line' id='line_1_65' title="bbox 1138 2394 2090 2437; baseline -0.004 -9"><span class='ocrx_word' id='word_1_444' title='bbox 1138 2395 1206 2428; x_wconf 89' lang='lat' dir='ltr'>Cie.</span> <span class='ocrx_word' id='word_1_445' title='bbox 1226 2394 1260 2426; x_wconf 88' lang='lat' dir='ltr'>in</span> <span class='ocrx_word' id='word_1_446' title='bbox 1273 2395 1367 2428; x_wconf 84' lang='lat' dir='ltr'>Verr.</span> <span class='ocrx_word' id='word_1_447' title='bbox 1385 2397 1419 2437; x_wconf 85' lang='grc'>5,</span> <span class='ocrx_word' id='word_1_448' title='bbox 1444 2396 1500 2427; x_wconf 88' lang='grc'>72.</span> <span class='ocrx_word' id='word_1_449' title='bbox 1523 2396 1593 2428; x_wconf 81' lang='lat' dir='ltr'>Liv.</span> <span class='ocrx_word' id='word_1_450' title='bbox 1614 2397 1652 2436; x_wconf 81' lang='lat'>5,</span> <span class='ocrx_word' id='word_1_451' title='bbox 1677 2396 1735 2427; x_wconf 85' lang='grc'>21.</span> <span class='ocrx_word' id='word_1_452' title='bbox 1754 2396 1813 2436; x_wconf 87' lang='grc'>27,</span> <span class='ocrx_word' id='word_1_453' title='bbox 1839 2397 1897 2428; x_wconf 86' lang='lat'>57.</span> <span class='ocrx_word' id='word_1_454' title='bbox 1922 2394 2044 2427; x_wconf 80' lang='lat' dir='ltr'>Amol).</span> <span class='ocrx_word' id='word_1_455' title='bbox 2057 2395 2090 2425; x_wconf 77' lang='lat'>4.</span> 
     </span>
     <span class='ocr_line' id='line_1_66' title="bbox 1136 2456 2090 2504; baseline -0.003 -14"><span class='ocrx_word' id='word_1_456' title='bbox 1136 2472 1167 2504; x_wconf 90' lang='lat' dir='ltr'>p.</span> <span class='ocrx_word' id='word_1_457' title='bbox 1189 2459 1270 2492; x_wconf 74' lang='lat'>144.</span> <span class='ocrx_word' id='word_1_458' title='bbox 1296 2458 1412 2492; x_wconf 82' lang='lat' dir='ltr'>Victor</span> <span class='ocrx_word' id='word_1_459' title='bbox 1429 2460 1497 2491; x_wconf 88' lang='lat' dir='ltr'>urb.</span> <span class='ocrx_word' id='word_1_460' title='bbox 1517 2459 1638 2501; x_wconf 80' lang='lat' dir='ltr'>region.</span> <span class='ocrx_word' id='word_1_461' title='bbox 1657 2459 1716 2503; x_wconf 84' lang='grc'>15)</span> <span class='ocrx_word' id='word_1_462' title='bbox 1732 2459 1766 2491; x_wconf 90' lang='lat' dir='ltr'>id</span> <span class='ocrx_word' id='word_1_463' title='bbox 1787 2458 1872 2502; x_wconf 85' lang='lat' dir='ltr'>quod</span> <span class='ocrx_word' id='word_1_464' title='bbox 1897 2458 1930 2489; x_wconf 87' lang='lat' dir='ltr'>in</span> <span class='ocrx_word' id='word_1_465' title='bbox 1949 2456 2090 2501; x_wconf 81' lang='lat' dir='ltr'>lapidum</span> 
     </span>
     <span class='ocr_line' id='line_1_67' title="bbox 1136 2518 2088 2565; baseline -0.002 -12"><span class='ocrx_word' id='word_1_466' title='bbox 1136 2521 1232 2553; x_wconf 84' lang='lat' dir='ltr'>etiam</span> <span class='ocrx_word' id='word_1_467' title='bbox 1243 2520 1343 2553; x_wconf 80' lang='lat' dir='ltr'>titulis</span> <span class='ocrx_word' id='word_1_468' title='bbox 1363 2521 1549 2554; x_wconf 80' lang='lat' dir='ltr'>observatur</span> <span class='ocrx_word' id='word_1_469' title='bbox 1565 2521 1672 2565; x_wconf 81' lang='lat' dir='ltr'>(Grut.</span> <span class='ocrx_word' id='word_1_470' title='bbox 1689 2521 1722 2560; x_wconf 82' lang='lat'>4,</span> <span class='ocrx_word' id='word_1_471' title='bbox 1740 2521 1770 2550; x_wconf 92' lang='lat'>7.</span> <span class='ocrx_word' id='word_1_472' title='bbox 1787 2518 1827 2560; x_wconf 63' lang='grc' dir='ltr'>ζ8,</span> <span class='ocrx_word' id='word_1_473' title='bbox 1845 2518 1900 2550; x_wconf 84' lang='grc'>12.</span> <span class='ocrx_word' id='word_1_474' title='bbox 1927 2520 1961 2559; x_wconf 80' lang='lat'>5,</span> <span class='ocrx_word' id='word_1_475' title='bbox 1979 2519 2088 2551; x_wconf 80' lang='lat'>5—6.</span> 
     </span>
     <span class='ocr_line' id='line_1_68' title="bbox 1137 2582 2089 2630; baseline -0.002 -13"><span class='ocrx_word' id='word_1_476' title='bbox 1137 2586 1170 2626; x_wconf 84' lang='lat'>7,</span> <span class='ocrx_word' id='word_1_477' title='bbox 1192 2585 1210 2618; x_wconf 83' lang='grc'>1.</span> <span class='ocrx_word' id='word_1_478' title='bbox 1238 2597 1328 2630; x_wconf 79' lang='lat' dir='ltr'>seqq.</span> <span class='ocrx_word' id='word_1_479' title='bbox 1344 2585 1411 2627; x_wconf 81' lang='grc'>24,</span> <span class='ocrx_word' id='word_1_480' title='bbox 1446 2586 1478 2618; x_wconf 89' lang='lat'>6.</span> <span class='ocrx_word' id='word_1_481' title='bbox 1501 2587 1533 2617; x_wconf 86' lang='lat'>7.</span> <span class='ocrx_word' id='word_1_482' title='bbox 1559 2585 1624 2625; x_wconf 75' lang='grc'>25,</span> <span class='ocrx_word' id='word_1_483' title='bbox 1649 2585 1681 2616; x_wconf 86' lang='grc'>8.</span> <span class='ocrx_word' id='word_1_484' title='bbox 1710 2583 1823 2622; x_wconf 78' lang='grc'>1065,</span> <span class='ocrx_word' id='word_1_485' title='bbox 1850 2582 1885 2616; x_wconf 75' lang='grc'>4.</span> <span class='ocrx_word' id='word_1_486' title='bbox 1912 2582 2025 2625; x_wconf 75' lang='grc'>1065,</span> <span class='ocrx_word' id='word_1_487' title='bbox 2053 2583 2089 2621; x_wconf 73' lang='grc'>4,</span> 
     </span>
    </p>
   </div>
  </div>
 </body>
</html>
