2310 2860
169 135 261 177 602
724 129 923 172 Martiani
954 127 1154 184 Capellae
1181 126 1254 167 lib.
1284 125 1383 168 VII.
1415 129 1447 178 ᾗ.
1471 127 1572 168 750.

172 258 216 284 se
246 239 530 294 incompositi,
577 236 754 290 quidam
786 250 861 291 per
894 251 937 276 se
970 233 1211 290 compositi,
1258 233 1433 287 quidam
1473 234 1582 275 inter
1612 249 1655 275 se
1694 236 1981 291 incompositi,
2032 238 2144 292 quiff

175 324 274 365 dam
309 323 415 361 inter
445 334 488 359 se
520 317 760 373 compositi3
810 332 862 356 ex
894 315 1052 370 quibus
1083 314 1170 355 duo
1202 315 1363 369 priores
1396 315 1523 371 primi
1554 315 1746 367 numeri,
1792 316 1878 356 duo
1910 328 2131 372 sequentes

176 401 348 446 secundi
382 399 667 440 nominantur.
736 398 819 439 Sed
850 413 898 439 ea
928 413 995 438 res
1029 412 1116 452 quo
1147 396 1313 437 facilius
1345 397 1502 438 addisci
1533 398 1680 452 possit,
1712 398 1879 454 planius
1913 399 2132 441 indicanda

177 495 246 525 est.
305 482 449 523 Prima
489 490 528 520 et
567 479 743 520 minima
783 478 918 518 omnis
959 478 1130 518 numeri
1171 493 1373 522 mensura
1416 481 1681 536 singularitas
1721 490 1800 532 est,
1846 481 1947 535 quia
1989 481 2130 523 nullus

175 579 383 608 numerus
421 578 505 604 non
544 563 586 602 in
621 560 800 615 singula*
822 558 954 601 dividi
994 569 1147 614 potest3
1188 560 1341 602 deinde
1373 577 1472 602 eum
1505 562 1631 603 etiam
1664 562 1769 603 aliae
1802 577 2029 603 mensurae
2061 577 2133 602 ex-

177 649 358 704 cipiunt,
401 655 448 686 ut
487 644 814 700 duplicationes,
865 657 977 697 quae
1016 642 1172 698 duplo,
1220 643 1538 699 triplicationes,
1580 659 1692 698 quae
1722 643 1848 699 triplo
1876 644 2136 700 increscunt.

178 731 326 780 Quum
361 728 440 769 hoc
471 729 527 768 ita
561 728 629 777 sit,
669 725 929 781 quibusdam
966 726 1155 766 numeris
1189 727 1230 766 in
1263 726 1549 781 singularitate
1581 726 1668 767 sola
1700 740 1903 766 mensura
1938 734 2019 775 est,
2060 725 2135 780 qui

177 813 252 852 nisi
288 812 327 851 in
361 810 524 865 singula
570 809 700 863 digeri
740 824 825 849 non
864 817 1063 864 possunt,
1107 807 1254 861 quales
1294 816 1376 848 trcs
1416 817 1513 847 sunt
1543 817 1647 862 tres,
1688 808 1865 862 quidam
1897 815 2062 847 tantum
2093 804 2137 845 in

178 907 321 947 pares,
355 890 530 944 quidam
560 890 603 930 in
634 889 842 945 impares,
873 898 920 929 ut
949 897 1048 928 sunt
1081 896 1267 941 quatuor
1298 896 1337 927 et
1367 902 1549 939 novem,
1581 902 1681 927 nam
1714 888 1776 927 bis
1809 888 1906 928 bina
1939 895 2138 940 quatuor,

2076 967 2139 1007 Ac

180 1068 304 1108 saepe
343 1068 426 1093 non
465 1067 551 1093 una
593 1052 766 1106 quidem
808 1052 899 1092 talis
941 1066 1140 1092 mensura
1184 1064 1388 1091 numeros
1422 1048 1572 1098 habet,
1617 1048 1689 1088 sed
1721 1048 1887 1103 plures,
1925 1046 2136 1101 siquidem

177 982 239 1012 ter
272 981 388 1012 terna
429 986 583 1012 novem
629 980 747 1022 sunt,
787 971 842 1011 ita
881 970 952 1010 illa
996 969 1302 1024 duplicatione,
1352 967 1458 1007 hacc
1488 968 1768 1022 triplicatione
1800 967 2017 1008 metimur.

179 1144 269 1174 octo
302 1134 439 1174 metiri
471 1142 509 1173 et
534 1132 931 1187 quadruplicatione
962 1141 1001 1171 et
1033 1131 1317 1185 duplicatione
1348 1129 1469 1169 facile
1502 1138 1582 1178 cst,
1615 1143 1749 1180 quum
1785 1137 1824 1167 et
1856 1136 2006 1181 quater
2037 1127 2136 1166 bina

180 1225 218 1255 et
250 1215 311 1255 bis
342 1223 549 1268 quaterna
580 1222 670 1252 octo
707 1213 807 1262 sint3
847 1212 1037 1265 itemque
1070 1211 1240 1251 evidens
1274 1220 1348 1260 est,
1376 1209 1588 1265 quidquid
1622 1210 1763 1263 aliqua
1791 1209 2137 1263 multiplicatione

181 1296 404 1345 metimur,
453 1294 590 1334 metiri
629 1308 704 1333 nos
742 1294 865 1332 etiam
899 1292 1184 1346 singularitate
1222 1307 1360 1346 posse,
1412 1292 1485 1331 sed
1516 1306 1599 1330 non
1636 1291 1884 1343 ubicunque
1916 1290 2140 1343 singulari-

178 1376 269 1416 tatis
295 1388 496 1414 mensura
524 1382 602 1421 est,
635 1387 723 1412 esse
756 1372 935 1423 alicujus
967 1371 1090 1410 etiam
1127 1370 1497 1425 multiplicationis
1558 1371 1616 1410 Ita
1650 1370 1915 1424 singularitas
1939 1369 2139 1410 omnibus

56 1458 138 1498 751
171 1468 372 1495 mensura
413 1452 673 1502 communis,
717 1451 976 1506 quibusdam
1018 1451 1143 1491 unica
1179 1460 1250 1490 est.
1313 1450 1367 1490 Et
1407 1465 1545 1505 quum
1579 1450 1659 1490 hoc
1691 1450 1746 1490 ita
1781 1451 1851 1500 sit,
1894 1466 1970 1505 per
2000 1466 2044 1491 se
2075 1451 2140 1491 in-

176 1533 392 1589 compositi
430 1532 598 1572 numeri
630 1531 851 1582 dicuntur,
898 1533 973 1586 qui
1004 1531 1169 1572 nullam
1203 1546 1448 1572 mensuram
1486 1532 1665 1582 habent,
1711 1533 1788 1573 nisi
1819 1534 2138 1588 singularitatis3

177 1631 252 1670 per
285 1630 328 1655 se
362 1629 462 1655 vero
493 1614 734 1668 compositi,
775 1628 881 1667 quos
915 1614 1053 1654 metiri
1086 1629 1170 1654 non
1203 1624 1367 1654 tantum
1399 1614 1707 1668 singularitate,
1739 1615 1812 1655 sed
1849 1615 1929 1655 alia
1960 1629 2136 1669 quoque

178 1695 523 1749 multiplicatione
558 1694 673 1743 licet,
717 1701 755 1732 ct
796 1692 899 1732 haec
940 1692 1116 1746 quidem
1158 1694 1424 1749 singulorum
1469 1707 1753 1734 numerorum
1797 1695 2026 1736 aestimatio
2060 1704 2132 1735 est.

252 1817 391 1858 quatuor
421 1811 534 1841 deinde
562 1808 701 1854 species]
736 1811 826 1841 Theo
854 1810 1051 1854 Smyrnaeus
1080 1812 1132 1854 (dc

179 1875 332 1906 arithmet.
349 1876 387 1915 6,
416 1887 448 1918 p.
464 1876 522 1906 51.
546 1874 623 1916 52)
643 1872 724 1907 τῶν
740 1871 780 1907 δὲ
802 1870 982 1919 ἀριθμῶν)
1005 1875 1042 1909 οἱ
1063 1873 1133 1918 μὲν

179 1937 327 1984 πρῶτοι
356 1936 566 1971 καλοῦνται.
589 1934 727 1975 ἁπλῶς
752 1935 815 1970 καὶ
839 1934 1068 1977 ἀσύνθετα,
1097 1939 1133 1972 012

179 2001 219 2035 ὑὲ
245 1999 343 2046 πρὸς
370 1997 568 2045 ἀλλήλους
593 2000 742 2045 πρῶτοι
768 1999 831 2034 καὶ.
857 1998 939 2046 οὐχ
969 1997 1107 2040 ἁπλῶς
1123 2011 1130 2017 ·

179 2066 215 2099 οἱ
247 2063 287 2098 δὲ
317 2059 500 2098 σύνθετοι,
527 2061 681 2106 ἁπλῶς,
720 2064 755 2097 οἱ
789 2062 829 2098 δὲ
859 2062 959 2109 πρὸς
985 2061 1132 2103 αὐτοὺς

180 2123 379 2161 σύνθετοι·
409 2124 557 2170 πρῶτοι
581 2124 650 2166 μὲν
673 2120 810 2164 ἁπλῶς
833 2123 896 2159 καὶ
922 2121 1133 2160 Memnon

180 2191 215 2224 οἱ
240 2185 318 2223 ὑπὸ
341 2185 505 2232 μηδενὸς
532 2187 601 2230 μὲν
622 2184 809 2233 ἀριθμοῦ,
839 2187 917 2223 ὑπὸ
942 2186 1064 2235 μόνης
1091 2188 1131 2224 δὲ

176 2247 347 2295 μονάδος
369 2245 619 2295 μετρούμενοι
635 2262 666 2282 κ.
682 2260 713 2282 τ.
728 2250 761 2283 λ.
790 2251 884 2281 Adde
902 2251 1133 2283 Nicomachum

178 2315 314 2353 (arithm.
337 2315 349 2344 1
365 2337 373 2352 ,
402 2314 476 2354 11),
499 2313 714 2344 Janiblielium
733 2312 785 2354 (ad
802 2314 925 2346 Nicom.
942 2316 1031 2358 p.5G
1049 2316 1131 2346 Ten-

178 2380 256 2420 nnl.)
283 2384 313 2409 et
339 2377 511 2408 Boethium
536 2377 671 2421 (arithm.
692 2378 728 2416 1,
756 2377 824 2419 14).

253 2441 383 2486 qnidam
416 2438 561 2484 lantum]
605 2438 741 2470 Cori-exi
768 2439 872 2471 locum
903 2452 998 2484 quem
1025 2452 1132 2474 eorru-

179 2501 320 2544 piissime
348 2501 443 2542 vulgo
473 2501 524 2532 cdi
547 2501 613 2543 jam
642 2500 776 2533 Grotius
806 2502 897 2541 vidit,
929 2515 946 2534 e
969 2504 1132 2535 codicibus

176 2563 425 2595 floriacensibus
456 2562 518 2607 (Α.
544 2562 608 2605 C)5
649 2562 743 2604 vulgo
782 2563 865 2594 enini
904 2564 947 2595 ita
982 2565 1130 2597 sonabat:

1190 1810 1364 1853 »quaedam
1386 1816 1508 1841 tantum
1530 1810 1683 1854 impares,
1714 1811 1869 1854 quaedam
1894 1812 1926 1842 in
1945 1812 2064 1855 impare
2080 1813 2131 1843 Ga

1182 1873 1234 1903 Ex
1258 1873 1372 1904 iisdem
1401 1872 1434 1903 iu
1462 1873 1670 1915 sequentibus
1706 1886 1834 1917 quoque
1869 1874 1989 1905 inserui
2015 1887 2080 1905 non
2107 1880 2138 1905 et

1182 1936 1256 1973 sed,
1291 1947 1388 1978 quum
1423 1934 1519 1975 vulgo
1555 1934 1597 1965 ita
1631 1935 1808 1976 legeretur:
1848 1949 1901 1968 »ac
1941 1949 2036 1980 saepe
2076 1948 2138 1968 nna

1183 1997 1311 2041 quidem
1334 1996 1406 2027 talis
1425 2008 1573 2027 mensura
1599 2009 1749 2028 numeros
1773 1998 1868 2029 hahet
1892 1999 2033 2042 plures«,
2050 2009 2136 2029 mox-

1183 2071 1244 2103 quc
1281 2058 1395 2101 scripsi
1432 2060 1570 2105 itemque
1596 2071 1654 2102 pro
1690 2061 1774 2090 inter
1803 2072 1903 2106 qnae,
1935 2060 1967 2090 in
2002 2065 2137 2102 utroque

1184 2123 1396 2166 adstipulante
1422 2122 1516 2153 etiam
1552 2123 1803 2155 Darnistattensi
1835 2129 1885 2159 ct,
1904 2123 1936 2154 in
1974 2123 2136 2166 superiore

1182 2185 1441 2218 Reichcnauensi
1465 2186 1583 2218 codiee.

1258 2251 1521 2293 multiplic-‘itione
1545 2248 1637 2293 lieet]
1672 2248 1794 2281 Mutavi
1827 2261 1891 2280 non
1918 2250 2013 2281 modo
2039 2251 2135 2283 inter-

1183 2314 1402 2359 punctionem,
1433 2326 1526 2357 quam
1550 2313 1683 2345 Grotius
1711 2324 1839 2359 quoquc
1867 2314 1962 2355 uulgo
1989 2315 2136 2347 vitiosam

1183 2389 1254 2408 csse
1279 2375 1451 2414 intellexit,
1485 2387 1548 2418 qua
1577 2376 1649 2406 licet
1678 2387 1749 2405 cum
1777 2376 1984 2418 sequentibus
2003 2383 2034 2408 et
2057 2378 2136 2410 haec

1184 2439 1312 2486 quidem
1341 2437 1552 2479 jungebatur3
1600 2436 1655 2467 sed
1696 2437 1790 2468 ctiam
1826 2438 2014 2477 lectionem,
2052 2451 2134 2483 quae

1183 2513 1223 2532 ex
1249 2499 1318 2543 ipsa
1344 2498 1400 2529 illa
1426 2498 1629 2529 distinctione
1656 2499 1891 2542 corruptionem
1916 2505 2070 2541 traxerat,
2099 2507 2135 2532 ut

1181 2566 1223 2597 sit
1253 2563 1415 2605 legeretur
1447 2574 1506 2607 pro
1542 2569 1607 2599 est,
1651 2563 1737 2606 quod
1773 2564 1900 2595 codices
1933 2565 2132 2597 Reichcnau—
