2310 2860
704 240 903 283 Martiani
935 241 1133 299 Capellae
1172 242 1241 284 lib.
1262 242 1336 285 VI.
1373 245 1404 296 ς).
1425 244 1524 286 585.
1998 249 2089 290 495

439 348 506 389 Sic
538 347 691 404 Cypris
724 348 885 390 Oceani
915 349 1088 404 perfuso
1119 348 1254 391 sidere
1289 350 1478 407 lymphis

524 428 726 470 Lucifero
758 439 966 471 annuerat
998 429 1162 472 lumina
1193 440 1276 473 tota
1307 447 1399 474 suo.

438 509 595 551 Omnia
627 525 803 566 compar
837 511 965 553 habet
996 511 1168 567 paribus
1198 513 1279 553 sub
1310 513 1473 568 legibus
1504 513 1631 566 ordo,

521 593 612 633 Nec
646 593 785 633 minus
816 592 921 633 haec
953 592 1062 634 mira
1096 603 1155 634 est
1185 608 1318 648 quam
1349 594 1503 635 domus
1535 595 1616 636 alta
1647 593 1789 637 deum.

435 671 558 713 Hane
589 672 752 713 mundo
781 672 1009 713 assimilem
1041 673 1201 727 stupuit
1236 674 1459 716 Trinacria
1497 675 1620 717 tellus

516 752 802 793 Archimedea
833 752 1085 794 astrificante
1116 769 1271 808 manu3

436 834 475 875 O
506 834 606 875 felix
639 849 764 886 cura,
803 844 841 876 et
870 835 1021 876 mentis
1053 835 1278 891 prudentia
1314 837 1472 891 major,

515 913 707 969 Corpore
737 914 817 954 sub
849 923 991 954 nostro
1028 915 1327 971 aequiparasse
1357 918 1523 960 Jovem.

116 990 312 1034 Tandem
359 995 484 1050 igitur
526 996 785 1050 reglutinatis
831 995 882 1036 ab
930 995 1101 1037 aethrae
1152 997 1466 1042 intel-vibrantis
1507 1001 1784 1044 admiratione
1832 1003 2069 1046 luminibus
2108 999 2195 1042 58ss

113 1071 275 1114 decenti
323 1075 572 1116 collustrans
613 1076 735 1118 divos
781 1087 1143 1133 conspectansque
1188 1095 1368 1124 censura
1413 1098 1551 1138 quum
1598 1085 1797 1126 omnibus
1835 1086 2077 1128 reverenda

111 1155 344 1196 venerabili
378 1156 576 1211 dignitate
607 1167 647 1197 et
677 1158 876 1213 magistra
907 1169 1171 1211 ceterarum,
1218 1176 1330 1216 quae
1361 1173 1485 1204 notae
1516 1164 1625 1206 divis
1656 1176 1753 1207 sunt
1789 1167 1975 1218 artibus,
2010 1167 2074 1208 di-

111 1244 298 1286 ceretur,
330 1237 591 1291 exquisitum
625 1247 685 1278 est
708 1238 956 1281 eruditionis
990 1255 1196 1282 arcanum
1228 1251 1276 1282 ut
1306 1243 1360 1283 ab
1387 1243 1486 1298 ipsis
1513 1246 1817 1301 praeceptionis
1850 1247 2074 1289 cunabulis

109 1317 325 1372 auspicata
353 1317 639 1373 depromeret.
695 1321 814 1361 Tum
845 1322 938 1372 illa,
969 1332 1133 1363 remoto
1166 1323 1392 1378 paululum
1431 1325 1649 1367 obstaculo
1682 1327 1860 1368 contorti
1892 1327 2017 1368 crinis
2048 1343 2073 1369 a

106 1398 233 1451 facie,
285 1398 458 1454 orisque
494 1399 712 1441 luculenta
750 1401 970 1455 majestate
1009 1403 1305 1459 resplendens,
1360 1413 1487 1458 atque
1527 1406 1647 1447 abaci
1691 1409 1757 1448 sui
1788 1409 2071 1463 superfusum

104 1547 205 1581 Vides
226 1547 310 1579 enim
335 1546 378 1578 ibi
401 1552 526 1578 noctem
545 1552 577 1578 ct
603 1559 713 1578 aurum
730 1553 762 1578 et
779 1547 1061 1581 flammam.Gno·r.
1169 1549 1356 1581 »Percurrit
1378 1551 1543 1593 proprium
1563 1552 1715 1583 mentitus
1737 1551 1874 1595 signifer
1898 1554 2003 1586 orbem
2008 1578 2021 1595 >

104 1630 151 1635 —
179 1611 301 1644 Confer
321 1615 353 1642 ct
374 1610 546 1641 Horatium
570 1610 647 1654 (Od.
671 1612 706 1651 l,
737 1612 799 1652 12,
827 1612 907 1655 46):
1163 1611 1207 1641 Et
1233 1612 1384 1642 sinnclala
1408 1623 1489 1641 nouo
1511 1611 1650 1653 Cynthia
1678 1625 1786 1645 mense
1808 1614 1920 1646 redita

253 1693 301 1698 —
322 1692 370 1697 —
393 1674 507 1706 »micat
529 1676 614 1706 inter
637 1686 746 1706 orienes
1111 1672 1252 1706 Videtur
1280 1673 1462 1704 meminisse
1485 1673 1638 1705 Ovidiusz

148 1737 274 1769 Julium
300 1737 389 1768 sidus
412 1737 499 1768 velut
523 1738 608 1769 iuter
631 1736 721 1778 ignes
1167 1738 1269 1771 -Arte
1291 1737 1463 1781 Syracosia
1484 1750 1660 1781 suspensus
1684 1740 1719 1770 in
1743 1743 1819 1771 ae're
1842 1740 1952 1773 clauso

252 1800 348 1831 Luna
373 1800 546 1830 minores«.
1155 1799 1229 1832 Stat
1253 1800 1387 1843 qlobzcs,
1411 1801 1560 1831 immensi
1583 1812 1686 1843 parva
1706 1800 1814 1844 fiqura
1837 1803 1931 1845 polin·

99 1861 222 1894 ,meare
248 1862 315 1905 pari
342 1862 437 1893 modo
466 1867 498 1893 et
521 1861 647 1893 Seneca
675 1860 805 1905 (oedip.
824 1861 904 1904 45):
1107 1859 1271 1893 Gnor.—
1287 1862 1338 1893 De
1355 1862 1489 1905 sphaera
1507 1860 1710 1894 Archimedis
1727 1869 1871 1895 veterum
1889 1864 1979 1896 locos
2003 1865 2066 1896 col-

157 1925 310 1956 »ΝιιΗιιηι
337 1927 459 1956 serenis
487 1925 634 1956 noctibas
657 1924 746 1956 sidus
776 1924 889 1956 micat·
1104 1921 1185 1964 legit
1207 1922 1375 1955 Fabricius
1397 1923 1451 1965 (ad
1474 1921 1565 1954 Sext.
1582 1923 1675 1968 Einp.
1696 1924 1735 1964 9,
1757 1925 1796 1965 2,
1823 1926 1912 1966 1145
1941 1928 2066 1970 p.577.

97 1989 245 2032 idemque
273 1988 386 2032 (Herc.
412 1988 471 2018 fur.
495 1987 594 2030 125)=
1105 1985 1209 2028 578),
1236 1997 1331 2029 quem
1359 1985 1439 2017 ¹vide.
1467 1985 1620 2018 Ceterum
1641 1999 1658 2018 e
1685 1987 1848 2020 codicibus
1865 1989 2067 2022 Monacensi-

153 2052 247 2083 nJam
271 2063 351 2083 rara
371 2051 488 2083 micant
512 2050 633 2082 sidera«
653 2068 700 2074 —-
1103 2048 1165 2082 bus
1187 2047 1250 2093 (Α.
1271 2049 1318 2092 C)
1344 2054 1376 2080 et
1407 2050 1658 2081 Darmstatteusi
1691 2051 1807 2095 scripsi
1831 2053 2065 2094 Archimeden,-

97 2121 129 2148 ct
154 2121 266 2148 noster
288 2115 370 2147 infra
394 2114 436 2159 (ἓ.
453 2114 555 2157 911);
1104 2110 1238 2143 Grotius
1263 2111 1508 2142 Arclu'medaea.

150 2181 216 2212 »Te
240 2192 317 2211 nam
336 2179 532 2224 flammigeri
553 2179 675 2210 semina
693 2177 816 2221 fomitis
1177 2171 1396 2217 reglutinacis]
1412 2172 1538 2203 Eodem
1557 2183 1667 2213 sensu,
1689 2184 1753 2216 quo
1766 2172 1916 2206 Catullus
1929 2175 2001 2218 (23,
2015 2174 2066 2218 9)=

144 2242 354 2287 Sparqenlem
379 2243 525 2286 referunt
549 2248 633 2274 astra
659 2242 837 2273 micantia«
1159 2235 1271 2279 »Quae
1299 2248 1386 2269 nunc
1416 2238 1480 2268 tuis
1514 2236 1553 2267 ab
1581 2237 1744 2281 unguibus
1771 2237 1930 2279 reglutina
1960 2245 1992 2270 et
2012 2251 2060 2270 re-

93 2303 188 2336 Adde
213 2304 383 2345 Virgilium
414 2304 515 2347 (Aen.
537 2305 577 2345 2,
600 2303 692 2347 475)
719 2310 751 2335 et
773 2309 882 2335 notam
907 2303 1049 2348 superio·
1502 2301 1620 2332 mitte-u

93 2377 159 2398 reni
183 2365 237 2409 (ad
263 2364 401 2409 §.550).
1096 2360 1337 2405 Nonnunquam
1378 2360 1462 2393 enim
1493 2373 1609 2395 rursus
1646 2362 1828 2406 qlutinare,
1864 2360 2057 2393 contrarium

167 2430 252 2461 hanc
277 2426 414 2472 ιιιιιηιῐο]
441 2428 603 2459 Describit
626 2430 687 2461 hoc
713 2429 852 2461 carmine
882 2430 1049 2475 sphaeram
1099 2425 1212 2469 igitur,
1249 2425 1416 2467 significat·

92 2491 353 2531 Archimedeam‚
378 2490 418 2521 de
443 2501 506 2533 qua
526 2489 572 2521 sie
597 2489 812 2523 Claudianus:
1170 2487 1328 2534 contorti]
1373 2488 1508 2521 Grotius
1544 2491 1711 2523 contracti.
1746 2487 1818 2530 Ego
1847 2498 1922 2519 vero
1944 2487 2055 2521 lectio-

142 2572 190 2577 —-
207 2572 253 2576 —-
274 2563 491 2599 nreqnumque
515 2551 646 2582 deorum
1095 2563 1184 2591 nem,
1217 2563 1312 2595 quam
1339 2550 1378 2582 ad
1401 2551 1574 2593 marginem
1596 2550 1764 2592 relegavit,
1792 2549 1914 2593 recepi,
1958 2550 2054 2582 adsti-

136 2615 221 2647 Ecce
248 2614 438 2657 Syracosius
456 2614 622 2646 transtulit
644 2616 713 2646 arte
731 2625 851 2646 senex«
1094 2612 1283 2658 palantibus
1309 2613 1559 2648 Monacensibus
1590 2612 1651 2658 (A.
1673 2611 1719 2656 C)
1749 2617 1781 2643 et
1805 2611 2053 2645 Darmstattcnsi

91 2683 123 2708 et
141 2682 266 2722 postca:
1095 2677 1215 2711 codice.
