2310 2860
73 656 162 698 408

201 124 289 169 572

767 115 966 158 Martiani
999 113 1198 171 Capellae
1227 111 1299 153 lib.
1321 111 1398 154 IV.
1428 114 1460 164 §.
1480 113 1582 154 407.

197 230 370 280 dicitur,
401 242 425 269 a
451 224 572 270 nohis
596 223 679 265 diei
702 232 835 280 potest
866 221 1037 264 confinis
1065 219 1293 261 conclusio.
1353 218 1630 260 Ratiocinatio
1653 219 1779 275 igitur
1809 221 1896 263 sive
1926 223 2147 279 propriam

199 323 239 354 Ol.
275 325 397 354 suam

458 309 548 349 sive
601 305 812 348 confinem
851 305 1012 345 habens
1051 301 1387 352 conclusionem,
1439 300 1643 342 dividitur
1681 301 1724 342 in
1763 301 1849 343 duo
1887 317 2061 357 genera,
2105 305 2147 344 in

197 388 535 448 praedicativum
572 396 612 428 et
641 385 966 428 conditionalem
1001 383 1310 438 syllogismum.

559 544 708 595 QUID
744 543 834 585 SIT
868 539 1342 584 PRAEDICATIVUS
1377 539 1799 581 SYLLOGISMUS.

363 650 679 692 Praedicativus
721 659 800 702 est,
847 651 889 690 in
921 663 1008 704 quo
1046 656 1189 689 sumta
1227 649 1284 688 ita
1321 648 1399 688 sibi
1438 663 1549 689 nexa
1579 657 1697 699 sunt,
1735 657 1782 688 ut
1813 647 1957 702 aliquo
1990 646 2147 687 extrin-

193 748 312 776 secus
354 733 492 774 addito
530 733 829 789 suppleantur,
882 741 930 772 ut
966 731 1069 782 hoc,
1115 728 1235 785 quod
1273 743 1404 784 supra
1442 728 1602 769 dictum
1645 738 1724 778 est,
1777 728 1913 768 omnis
1953 728 2147 783 voluptas

192 815 356 855 bonum
397 824 477 865 est,
526 829 651 855 omne
682 814 844 854 bonum
875 812 978 853 utile
1009 820 1080 851 est.

1138 810 1349 852 Videmus
1380 811 1525 865 itaque
1554 826 1640 851 11011
1671 819 1828 861 totum,
1870 809 1987 865 quod
2017 823 2147 864 supra

194 897 379 950 positum
415 905 494 947 cst,
528 895 712 946 dictum,
755 894 828 935 sed
868 909 1000 935 unam
1032 892 1129 933 inde
1160 901 1326 947 partem
1356 900 1543 932 sumtam
1575 891 1898 941 declarativam,
1939 903 2052 945 quae
2081 903 2143 929 se-

190 977 329 1017 01111110
360 977 586 1032 proloquio
616 977 725 1017 facta
757 986 816 1016 cst
845 976 1101 1029 subjectiva3
1144 973 1262 1028 quod
1284 973 1562 1028 proloquium
1594 973 1846 1023 secundum,
1877 981 1924 1012 ut
1951 969 2147 1026 impleret

190 1057 453 1108 sententiam,
478 1057 640 1112 aliquid
656 1056 803 1112 petivit
828 1056 1101 1105 extrinsecus,
1127 1053 1170 1094 id
1194 1063 1266 1103 est,
1298 1054 1399 1093 utile
1425 1063 1496 1098 est.
1528 1054 1666 1107 Hujus
1691 1054 1820 1093 illatio
1846 1050 2065 1092 conficitur
2091 1065 2142 1090 ex

189 1151 237 1177 00
265 1136 381 1190 quod
407 1136 577 1176 accessit
601 1136 859 1176 extrinsecus
885 1144 923 1174 et
949 1150 1001 1174 ex
1027 1150 1075 1175 00
1098 1133 1215 1189 quod
1237 1147 1322 1173 non
1343 1143 1403 1174 est
1420 1134 1661 1188 repetitum,
1691 1133 1733 1173 id
1759 1141 1830 1182 est,
1861 1133 1998 1172 omnis
2019 1131 2143 1186 igitur

190 1215 388 1270 voluptas
419 1214 529 1255 utilis
562 1223 633 1254 est.
690 1213 830 1267 Hujus
861 1214 1024 1267 generis
1055 1223 1138 1253 tres
1158 1212 1322 1253 formae
1353 1222 1462 1253 sunt.
1493 1212 1636 1252 Prima
1661 1221 1732 1262 est,
1764 1214 1806 1250 in
1837 1225 1925 1265 qua
1950 1210 2142 1251 declara-

185 1296 272 1336 tiva
295 1295 501 1350 particula
525 1294 753 1349 superioris
778 1294 907 1334 sumti
930 1294 1144 1348 sequentis
1180 1292 1361 1333 efficitur
1386 1292 1621 1345 subjectiva
1655 1300 1725 1331 aut
1748 1290 1983 1343 subjectiva
2015 1304 2143 1345 supe-

183 1375 304 1415 rioris
336 1373 593 1413 declarativa
622 1372 849 1426 sequentis.
880 1374 885 1391 ³
923 1372 1196 1414 Declarativa
1227 1373 1455 1428 superioris
1488 1372 1532 1413 fit
1565 1372 1801 1426 subjectiva
1831 1372 2065 1426 sequentis,
2097 1380 2143 1411 ut

182 1455 226 1495 in
256 1453 466 1509 superiori
497 1453 711 1508 proposito
741 1452 955 1507 exemplo.

1014 1454 1257 1508 Subjectiva
1287 1454 1517 1509 superioris
1549 1452 1593 1493 fit
1623 1453 1880 1494 declarativa
1909 1453 2142 1508 sequentis,

181 1534 217 1574 si
246 1533 330 1574 hoc
361 1532 489 1573 modo
526 1533 629 1574 velis
666 1543 933 1575 convertere:
967 1549 1093 1575 011100
1124 1535 1289 1574 bonum
1320 1534 1423 1574 utile
1454 1543 1533 1583 est,
1581 1533 1718 1574 omnis
1749 1533 1944 1588 voluptas
1975 1534 2139 1573 boumn

181 1623 259 1665 est,
299 1613 435 1654 omnis
473 1613 599 1667 igitur
638 1613 834 1667 voluptas
870 1614 982 1653 utilis
1028 1623 1097 1654 cst.

179 1742 196 1760 a
228 1730 406 1772 sylloqismo
437 1729 657 1771 distinguitur3
693 1730 777 1774 apud
807 1728 1016 1761 Aristotelem
1050 1730 1133 1761 euim

181 1790 308 1822 nonnisi
325 1791 425 1833 ipsam
445 1791 677 1823 conclusionem
699 1791 764 1822 sive
782 1792 953 1823 illationem
970 1792 1134 1834 significat.

254 1879 547 1909 &conditionalem
567 1876 796 1922 syllogismum]
826 1878 881 1910 Sic
909 1880 1034 1911 codices
1063 1881 1132 1911 Mo-

178 1950 332 1970 nacenses
351 1940 402 1982 (C.
426 1940 482 1983 F):
507 1939 540 1970 in
570 1940 662 1970 editis
689 1939 805 1980 legitur
834 1946 955 1971 tantum
980 1942 1131 1973 conditio-

178 2003 270 2040 nale,
304 2007 339 2032 ut
362 2014 464 2045 yetzus
486 2003 698 2046 supplendum
721 2004 820 2044 soret,
851 2004 902 2035 eui
919 2004 1050 2036 lectioni
1070 2005 1130 2037 cla-

176 2062 293 2095 riorem
317 2063 462 2106 praefero
488 2063 582 2094 illam.

252 2140 314 2171 sibi
336 2137 435 2183 nexa]
462 2139 510 2170 Ita
541 2139 666 2170 codices
691 2140 895 2172 Monacensis
921 2141 976 2184 (C)
998 2148 1029 2173 et
1055 2142 1129 2173 Rei-

179 2203 407 2242 cllenailcusi53
433 2214 498 2232 non
523 2204 665 2237 innexa,
686 2209 721 2233 ut
748 2204 780 2234 in
801 2204 905 2236 editis.

252 2273 409 2319 videmus]
425 2274 540 2306 Nonne
563 2274 712 2305 miremur
735 2275 897 2316 Grotium,
921 2277 976 2320 qui
996 2276 1131 2308 ediderit

185 2338 346 2370 »videmus
381 2339 491 2384 utiquc
524 2349 588 2368 non
622 2343 723 2368 lotum
751 2340 837 2381 qnod
864 2351 958 2383 supra
989 2340 1130 2384 positum

179 2407 227 2433 cst
245 2414 309 2433 uon
339 2401 493 2441 (licinum,
519 2412 616 2444 quum
641 2401 814 2432 anteriores
833 2403 988 2434 editiones
1012 2416 1128 2445 veram,

179 2475 271 2506 quam
298 2474 356 2493 nos
382 2461 620 2507 revocavimus,
642 2461 709 2503 jam
735 2463 887 2494 haherent
913 2464 1104 2497 lectionem?

253 2545 315 2571 tres
348 2537 489 2583 formae]
520 2538 643 2570 Pariter
673 2537 854 2582 Appulcjus
888 2540 1008 2582 (dogm.
1045 2543 1126 2574 Plat.

1167 1613 1364 1654 Secunda
1394 1613 1535 1653 forma
1567 1622 1647 1663 est,
1689 1613 1732 1653 in
1765 1628 1852 1668 qua
1882 1613 2136 1654 declarativa

1184 1741 1214 1772 p.
1233 1728 1302 1759 271
1326 1727 1440 1770 Oud.):
1465 1728 1563 1759 »Tres
1587 1728 1682 1770 igitur
1707 1728 1860 1759 formulae
1884 1729 1977 1765 liunt,
2005 1741 2136 1773 quarum

1182 1791 1287 1833 prima
1306 1789 1442 1829 dicatur,
1469 1802 1567 1832 quum
1586 1789 1640 1820 illa
1664 1790 1839 1821 communis
1861 1790 2017 1833 particula
2035 1791 2069 1822 in
2094 1792 2138 1822 al-

1185 1856 1252 1882 tera
1279 1852 1438 1894 subjecta,
1472 1850 1505 1880 in
1536 1851 1636 1882 altera
1670 1851 1837 1882 declarans
1873 1857 1938 1892 est,
1974 1852 2029 1896 qui
2060 1853 2137 1884 ordo

1184 1925 1249 1944 non
1274 1919 1397 1944 tantum
1420 1913 1657 1944 enumeratione
1688 1914 1744 1945 scd
1770 1914 2011 1947 conclusionum
2039 1916 2137 1958 digui-

1183 1980 1247 2006 tate
1269 1980 1438 2006 contentus
1465 1981 1522 2005 est.
1559 1975 1688 2018 Quippe
1711 1975 1820 2007 ultima
1843 1982 1891 2007 est
1916 1977 2052 2008 formula
2075 1983 2136 2009 ter·

1182 2040 1246 2078 tia,
1275 2038 1348 2080 quia
1377 2037 1455 2068 nihil
1478 2038 1511 2069 in
1544 2050 1581 2068 ea
1604 2038 1667 2068 nisi
1689 2040 1885 2081 particulare
1919 2039 2135 2078 concluditur,

1182 2103 1241 2133 hac
1264 2100 1409 2144 superior
1429 2106 1478 2131 est
1502 2102 1662 2139 secunda,
1689 2114 1769 2144 quae
1796 2102 1892 2132 habet
1912 2102 2134 2134 conclusiones

1182 2163 1401 2200 universales,
1447 2162 1504 2193 sed
1523 2163 1718 2194 abtlicalivas
1747 2168 1884 2202 1111110111ς1
1924 2168 1956 2193 et
1985 2163 2058 2195 ideo
2088 2164 2133 2195 sic

1179 2227 1285 2269 prima
1308 2225 1426 2268 pollet,
1457 2225 1531 2268 quia
1555 2226 1588 2256 in
1617 2237 1707 2256 omne
1733 2237 1832 2265 genus
1854 2225 2034 2257 illationum
2058 2238 2131 2258 eon-

1181 2289 1346 2321 cluditur.«
1378 2288 1493 2319 Ititlem
1518 2288 1662 2319 Isidorus
1684 2288 1789 2330 (etym.
1812 2288 1852 2328 2,
1876 2289 1934 2328 28,
1960 2289 2011 2332 2):
2037 2290 2131 2321 »For-

1180 2353 1284 2384 mulae
1319 2354 1585 2395 caleyoi·1'‹.·orum,
1619 2351 1652 2381 id
1678 2355 1727 2381 est
1751 2352 2042 2394 praedicativorum
2069 2353 2130 2397 syl-

1178 2415 1386 2457 logismorum
1414 2420 1488 2446 sunt
1514 2420 1595 2453 trcs3
1622 2413 1742 2457 primae
1765 2415 1918 2446 formulae
1946 2416 2032 2448 modi
2058 2421 2131 2448 suut

1179 2490 1311 2511 novcmu
1340 2484 1371 2509 et
1391 2477 1437 2509 sie
1459 2490 1554 2521 porro
1575 2489 1705 2521 prorsus
1726 2484 1760 2509 ut
1782 2479 1866 2523 apud
1885 2485 2038 2512 nostrum.
2064 2479 2131 2513 Alii

1179 2540 1296 2585 quippe
1319 2545 1454 2584 quatuor
1481 2540 1598 2572 formas
1625 2539 1775 2572 fecerunt.
