2310 2860
696 140 894 183 Martiani
926 139 1124 197 Capellae
1153 139 1224 182 lib.
1247 139 1325 183 IV.
1361 141 1393 194 ᾗ.
1416 140 1521 183 565.
2000 146 2092 188 549

135 249 451 306 intelligentiam
482 262 629 291 morae
659 248 701 290 in
735 248 856 290 nobis
889 248 1060 290 faciunt.
1121 247 1238 299 Quid
1271 247 1402 289 situs?
1437 257 1588 305 utputa
1616 249 1742 304 jacet,
1783 250 1910 294 sedet.
1968 253 2086 304 Quid

135 331 333 374 habitus?
382 342 429 374 ut
463 332 694 384 calceatus,
744 339 958 384 armatus,
1017 331 1248 372 substantia
1279 339 1338 372 est
1367 329 1518 383 homo,
1565 341 1604 373 et
1637 332 1742 376 haec
1778 335 1838 377 illi
1880 335 2086 379 accidunt.

136 413 254 465 Quid
285 413 457 456 facere?
502 422 549 456 ut
583 427 745 465 secare,
784 427 926 455 urere.
987 412 1105 464 Quid
1139 411 1253 468 pati?
1292 421 1339 454 ut
1375 412 1532 466 secari,
1571 413 1652 455 uri.

721 593 870 646 QUID
917 592 1283 636 SUBSTANTIA
1318 593 1509 636 PRIMA.

305 701 545 744 Substantia
575 709 654 753 est,
689 714 800 756 quae
838 715 916 741 nee
954 701 997 742 in
1035 701 1223 756 subjecto
1259 710 1317 742 est
1351 700 1707 757 inseparabiliter,
1751 716 1892 757 neque
1921 702 1974 744 de
1999 702 2088 744 ullo
2119 695 2212 738 564

133 782 324 836 subjecto
358 783 640 838 praedicatur.
705 781 1046 838 Inseparabiliter
1091 793 1234 824 autem
1273 781 1327 822 ob
1363 781 1445 822 hoc
1488 780 1717 822 definitioni
1756 781 1972 836 adjectum
2011 791 2090 834 est,

133 863 249 918 quod
281 865 418 905 omnis
455 864 594 919 prima
626 863 880 915 substantia,
912 865 1109 920 quamvis
1142 865 1185 907 in
1219 864 1312 905 loco
1347 864 1487 919 aliquo
1518 864 1588 916 sit,
1626 873 1767 905 tamen
1794 864 1846 905 ab
1887 879 1935 904 eo
1967 879 2091 919 sepa-

132 946 218 986 rari
250 955 289 986 et
320 946 503 1000 migrare
533 954 686 1001 potest,
738 955 787 986 ut
822 944 970 986 Cicero
1005 946 1061 987 ita
1101 946 1144 986 in
1187 945 1306 987 curia
1337 961 1424 986 esse
1455 945 1718 1001 intelligitur,
1759 953 1807 985 ut
1837 943 1933 984 inde
1965 944 2093 999 possit

133 1024 277 1078 aliquo
309 1023 548 1075 discedere3
593 1032 633 1064 et
666 1038 763 1080 pars
798 1023 964 1080 primae
994 1025 1268 1079 substantiae,
1300 1028 1496 1083 quamvis
1522 1028 1565 1068 in
1597 1036 1681 1068 toto
1714 1026 1784 1077 sit,
1827 1040 1915 1066 non
1946 1034 2091 1066 tamen

129 1103 486 1159 inseparabiliter;
533 1118 635 1145 nam
684 1104 773 1144 sive
809 1118 857 1145 re
906 1105 998 1159 ipsa
1035 1105 1124 1146 sive
1155 1107 1398 1161 cogitatione
1432 1106 1620 1162 separari
1667 1120 1690 1146 a
1734 1120 1910 1161 corpore
1947 1114 2090 1146 nostro

129 1183 358 1226 brachium
392 1193 538 1240 potest.
611 1184 666 1226 At
702 1199 808 1225 Vero
843 1184 1056 1226 rhetorica
1091 1186 1146 1226 ita
1179 1195 1238 1226 est
1270 1186 1313 1227 in
1352 1186 1494 1227 animo
1528 1185 1762 1236 Ciceronis,
1806 1194 1854 1225 ut
1894 1185 2019 1226 etiam
2056 1185 2091 1225 si

133 1264 275 1318 aliquo
323 1279 425 1307 casu
473 1279 561 1306 esse
602 1264 822 1316 destiterit,
878 1280 965 1307 non
1006 1276 1149 1308 tamen
1197 1267 1453 1324 intelligatur
1500 1267 1706 1322 migrare3
1766 1265 1970 1320 quoniam
2012 1280 2090 1306 nee

132 1360 271 1401 quum
307 1361 394 1388 esse
426 1347 629 1402 coeperit,
675 1347 919 1402 intelligitur
953 1347 1184 1389 advenisse.

681 1514 830 1567 QUID
862 1515 1138 1559 SECUNDA
1167 1516 1548 1559 SUBSTANTIA‚

298 1620 495 1662 Secunda
532 1619 765 1662 substantia
801 1630 885 1674 est,
936 1635 1049 1676 quae
1083 1619 1136 1661 de
1179 1620 1338 1674 prima,
1390 1629 1439 1659 ut
1481 1619 1644 1659 dictum
1682 1629 1763 1669 est,
1805 1619 2088 1674 praedicatur,
2116 1621 2206 1665 565

129 1712 176 1747 ut
209 1703 341 1747 homo
373 1703 426 1746 de
460 1703 688 1754 Cicerone,
724 1712 765 1744 et
796 1702 954 1745 animal
989 1701 1043 1744 de
1080 1700 1255 1743 homine
1286 1707 1326 1739 et
1355 1696 1574 1737 Cicerone.
1633 1696 1688 1738 Et
1717 1695 1928 1750 quidquid
1953 1711 2088 1752 genus

201 1835 321 1882 morae]
348 1837 398 1869 lta
423 1836 550 1869 codices
571 1837 784 1870 Monacenses
807 1836 864 1880 (C.
887 1835 933 1879 F)
955 1841 988 1868 et
1008 1835 1083 1868 Rei·
1211 1833 1248 1865 ob
1275 1827 1352 1876 hoc]
1382 1827 1440 1862 Sic
1465 1827 1578 1873 scripsi
1605 1840 1622 1860 e
1650 1827 1812 1861 codicibus
1836 1827 2088 1863 Monacensibus

129 1899 347 1932 chenauensis.
378 1899 468 1930 Editi
498 1899 658 1938 morulae,
693 1910 757 1942 quo
797 1897 984 1929 diminutivo
1017 1908 1083 1929 non
1135 1895 1187 1941 (C.
1207 1896 1247 1939 F)
1269 1905 1327 1938 pro
1350 1893 1393 1924 ad
1413 1892 1471 1924 hoc
1492 1892 1526 1923 in
1550 1891 1654 1923 editis.

127 1960 190 1993 nisi
213 1960 417 2002 Augustinus
441 1961 642 2004 serior-esque
671 1961 844 2004 scriptores
866 1965 1008 1992 utuntur.
1207 1968 1284 2001 pars
1303 1957 1426 1999 primae
1449 1951 1669 1998 substantiae]
1696 1951 1891 1985 Aristoteles
1919 1953 2032 1997 (categ.
2054 1955 2090 1995 5,

201 2025 384 2056 substantia
404 2020 464 2067 est]
491 2021 647 2053 Nimirum
672 2022 789 2066 prima,
817 2021 850 2053 id
868 2021 956 2065 quod
975 2032 1016 2053 ex
1034 2020 1082 2052 in·
1136 2017 1212 2061 14)=
1229 2015 1280 2063 μὴ
1301 2014 1524 2063 ταραττέτω
1544 2013 1585 2050 δὲ
1607 2011 1710 2060 ’ἡμᾶς
1733 2011 1781 2049 τὰ
1803 2013 1899 2060 μέρη
1921 2014 2003 2050 τῶν
2028 2012 2090 2051 οὗ·

128 2085 301 2130 seriptione
326 2084 543 2136 repetendum.
580 2084 626 2115 Et
651 2085 730 2117 haee
755 2083 883 2127 quidem
909 2089 1020 2116 noster
1041 2094 1082 2114 ex
1134 2080 1229 2116 σιῶν
1265 2076 1320 2120 ὠς
1351 2080 1394 2116 ἐν
1419 2075 1691 2122 ὑποκειμένοις
1721 2075 1816 2112 ὄντα
1852 2083 1937 2118 τοῖς
1967 2076 2087 2122 ὅλοις,

126 2146 313 2181 Aristotelis
332 2146 504 2187 sententia,
531 2146 582 2178 cui
599 2147 785 2178 individuae
803 2146 999 2177 substantiae
1018 2145 1080 2190 pri·
1133 2141 1183 2190 μή
1223 2152 1320 2178 ποτε
1355 2139 1668 2188 ἀναγκασθῶμεν
1704 2137 1775 2175 οὐκ
1815 2136 1952 2181 οὐσίας
1987 2139 2088 2176 αὐτὰ

127 2220 198 2240 mae
226 2215 316 2250 sunt,
345 2221 465 2254 genera
490 2214 523 2240 et
543 2208 668 2252 t'ormae
694 2208 871 2250 secundae3
898 2209 991 2240 aliter
1015 2220 1080 2241 om-
1134 2201 1296 2253 φάόκειν
1328 2199 1443 2239 εἶναι·
1472 2199 1520 2238 οὗ
1549 2199 1623 2249 γὰρ
1652 2199 1756 2238 οὕτω
1788 2199 1836 2236 τὰ
1868 2203 1910 2238 ἐν
1936 2198 2087 2237 ὑποκει-

128 2271 205 2304 niuo
227 2271 408 2316 Appulejus
429 2273 546 2317 (dogm.
560 2273 645 2305 Plat.
666 2285 697 2317 p.
711 2274 781 2306 195
803 2272 919 2316 Oud.)=
941 2272 1004 2304 »Et
1018 2272 1081 2317 pri·
1131 2267 1236 2315 μένῳ
1259 2266 1413 2313 ἐλέγετο
1435 2263 1490 2306 ῶς
1506 2263 1555 2302 τὰ
1573 2264 1668 2312 μέρη
1686 2261 1921 2311 ὑπάρχοντα
1941 2263 1982 2300 ἔν
1998 2275 2082 2298 τινι.

127 2346 198 2367 mae
218 2336 346 2379 quidem
369 2336 564 2368 substantiae
587 2337 638 2369 vel
659 2338 816 2369 essentiae
833 2338 969 2382 primum
986 2338 1080 2369 deum
1205 2331 1328 2363 animal
1339 2331 1377 2362 de
1394 2328 1533 2376 homine]
1553 2329 1635 2361 Nam
1657 2329 1771 2360 animal
1787 2340 1889 2373 yenus
1905 2333 1964 2367 est,
1987 2328 2083 2358 homo

129 2407 212 2436 0⁵50>
238 2401 270 2427 et
285 2401 434 2437 mentem,
457 2397 637 2443 formasque
659 2411 776 2440 rerum,
795 2405 827 2432 et
850 2399 1002 2440 animam3
1030 2411 1079 2432 se·
1128 2394 1234 2439 forma
1251 2395 1318 2427 sive
1338 2396 1470 2438 speeies,-
1502 2393 1790 2437 »quemadmodum
1814 2397 1933 2430 autem,
1954 2388 2082 2421 Aristo-

128 2457 253 2490 cundae
286 2457 482 2490 substantiae
510 2459 629 2500 omnia,
665 2473 747 2505 quae
780 2461 855 2493 inde
886 2462 1078 2503 formantur,
1130 2458 1212 2491 teles
1242 2458 1355 2503 (categ.
1378 2459 1418 2499 5,
1451 2457 1487 2501 7)
1512 2457 1631 2502 inquit,
1665 2455 1786 2501 primae
1816 2453 2011 2485 substantiae
2042 2452 2084 2484 ad

128 2530 274 2564 quaeque
303 2518 491 2562 gignuntur,
521 2524 553 2551 effi
582 2532 662 2563 quae
691 2523 730 2555 ab
759 2524 958 2560 substantiae
984 2535 1078 2570 supe·
1129 2524 1254 2568 reliqua
1271 2523 1376 2555 omnia
1395 2534 1431 2555 se
1451 2523 1586 2563 habent,
1613 2521 1656 2553 ita
1680 2530 1808 2563 quoque
1832 2517 1955 2560 specics
1974 2517 2083 2559 generi

128 2580 220 2614 rioris
242 2579 388 2626 exemplo
409 2580 561 2625 originem
584 2582 737 2620 ducunt«,
1126 2587 1311 2632 subjicitur3
1337 2598 1453 2633 genera
1473 2586 1556 2621 euim
1575 2585 1613 2619 de
1637 2582 1803 2628 speciebus
1821 2581 2073 2626 praedicantum
