2310 2860
127 565 216 608 655

241 146 328 189 518
804 141 1002 183 Martiani
1034 139 1233 196 Capellae
1273 136 1346 180 lib.
1375 139 1449 182 VI.
1490 142 1520 192 ᾗ.
1542 139 1644 181 652.

244 260 371 305 atque
397 249 494 289 alias
518 246 775 288 contributas
806 247 1007 288 ducentas
1033 246 1258 300 nonaginta
1289 255 1474 301 quatuor
1499 254 1586 287 tota
1616 245 1908 301 complexione
1933 247 2186 289 dinumerat.

243 327 452 369 Tenditur
483 337 624 368 autem
655 343 730 383 per
760 328 1081 384 longitudinem,
1113 337 1324 382 quantum
1354 329 1542 384 Agrippa
1570 328 1834 381 dinumerat,
1865 330 2052 371 millibus
2082 344 2190 386 qua-

242 407 469 462 dringentis
500 409 760 464 septuaginta
792 410 1004 464 quinque,
1035 409 1253 450 latitudine
1284 408 1474 450 ducentis
1506 409 1649 465 viginti
1679 419 1886 465 quatuor,
1918 424 2056 465 quum
2087 411 2188 453 fines

245 486 544 544 Carthaginem
578 504 716 545 usque
746 491 1036 546 protenderet,
1089 506 1200 547 quae
1241 492 1381 547 opinio
1419 491 1631 546 Agrippae
1661 506 1744 532 non
1782 491 1983 546 exiguum
2016 490 2194 531 admittit

245 583 448 610 errorem.
518 571 630 612 Nam
670 572 876 627 Hispania
910 573 1046 613 omnis
1086 572 1253 612 citerior
1293 586 1316 613 a
1352 571 1571 626 Pyrenaeo
1608 571 1650 611 in
1693 571 1929 612 Castulonis
1961 571 2088 612 finem
2119 585 2194 626 per

243 659 438 691 sexcenta
475 660 635 706 septem
675 651 806 692 millia
843 651 1103 707 longitudine
1142 652 1426 707 protrahitur,
1475 654 1595 706 cujus
1634 667 1708 693 ora
1749 653 1878 708 paulo
1909 653 2091 708 amplior
2123 666 2192 692 ae-

242 731 458 784 stimatur3
516 731 690 773 latitudo
729 742 869 773 autem
903 747 927 773 a
966 733 1212 773 Tarracone
1243 734 1295 775 ad
1326 734 1439 775 littus
1469 732 1653 773 Jarsonis
1683 733 1875 774 trecentis
1906 741 2065 787 septem
2100 731 2195 771 mil-

245 812 359 853 libus
391 814 625 866 invenitur,
667 829 689 856 a
722 815 936 856 radicibus
966 816 1194 870 Pyrenaei,
1227 816 1301 855 ubi
1334 814 1558 868 utriusque
1589 813 1718 854 maris
1750 813 2063 868 propinquitate
2094 826 2194 852 con-

250 890 455 945 cluditur3
498 907 598 934 nam
630 894 834 950 paulatim
865 893 1058 936 diffusior
1091 895 1251 950 adjacet
1280 895 1322 936 in
1356 893 1586 936 latitudinis
1618 903 1952 935 excrementum.

444 1049 522 1090 DE
553 1049 765 1092 MONTE
798 1051 1114 1092 PYRENAEO
1145 1051 1223 1092 ET
1262 1049 1581 1091 PROVINCIA
1616 1049 2003 1091 NARBONENSI.

415 1152 536 1195 Idem
573 1156 699 1208 igitur
736 1157 979 1211 Pyrenaeus
1018 1171 1071 1196 ex
1111 1155 1191 1196 alio
1231 1155 1361 1195 latere
1392 1154 1631 1194 Galliarum
1664 1153 1819 1195 finibus
1850 1153 2129 1203 admovetur,
2178 1168 2200 1194 a

251 1232 371 1285 cujus
409 1233 621 1275 radicibus
663 1235 877 1291 quidquid
910 1237 1125 1290 interjacet
1163 1249 1301 1289 usque
1346 1236 1573 1286 Rhenum,
1625 1244 1664 1275 et
1698 1235 1799 1275 item
1838 1235 1945 1275 inter
1977 1235 2201 1275 Oceanum

251 1322 291 1353 et
324 1324 487 1355 montes
528 1316 778 1358 Gcbennam
820 1326 859 1357 ct
895 1317 1069 1367 Juram‘,
1120 1316 1292 1357 Gallicis
1320 1316 1562 1370 regionibus
1596 1315 1858 1355 attributum.

250 1442 395 1473 naeensis
406 1441 472 1486 (C),
491 1442 767 1482 Darmstattensis,
785 1448 817 1474 et
832 1442 1117 1474 Rcichenauensis.
1135 1441 1203 1474 Sed

249 1505 364 1536 iterum
383 1506 525 1537 Plinium
540 1507 621 1537 male
639 1505 806 1545 intellexit,
827 1506 901 1537 dum
918 1506 1099 1549 provinciae
1114 1516 1202 1549 prae-

250 1571 299 1597 ter
330 1567 527 1598 contributas
559 1567 702 1598 civitates
743 1566 916 1598 CCXCIV
946 1567 1072 1606 tribuit,
1106 1565 1204 1597 Plinii

251 1627 335 1659 euim
365 1628 461 1659 verba
498 1629 577 1658 haec
612 1632 703 1657 suntz
736 1625 922 1657 »Accedunt
956 1627 1095 1666 insulae,
1127 1637 1203 1669 qua-

252 1702 322 1721 rum
341 1691 502 1722 mentione
527 1689 677 1733 seposita,
698 1695 827 1732 praeter
845 1691 990 1721 civitates
1008 1690 1205 1720 contributas

253 1753 326 1784 aliis
361 1754 515 1784 ducentas
553 1754 731 1796 nonaqinta
771 1758 909 1798 quatuor
938 1752 1101 1796 provincia
1136 1752 1206 1795 ipsa

1124 1813 1205 1845 Con-

253 1879 394 1910 tributae
423 1884 527 1909 autem
558 1883 648 1917 sunt,
684 1889 764 1920 quae
800 1876 924 1908 Graece
953 1875 1208 1912 συντελοῦόαι

253 1815 396 1848 continet
420 1815 537 1859 oppida
558 1819 684 1845 centum
711 1813 910 1856 septuaginta
933 1825 1074 1845 novem.«

255 1940 308 1980 εἷς
329 1939 453 1986 ἄλλην
473 1937 590 1974 πόλιν
613 1940 823 1983 appellantur.

331 2010 485 2035 sexcenta
511 2001 643 2047 septem]
671 2002 759 2033 Editi
783 2004 988 2046 scptuayinlct
1009 2015 1067 2046 pro
1091 2009 1209 2046 septem

256 2063 391 2103 babent3
417 2064 475 2095 sed
498 2069 607 2094 nostra
632 2063 727 2094 lectio
754 2074 817 2093 non
841 2063 944 2094 solum
969 2064 1102 2105 margini
1127 2065 1209 2096 Gro-

258 2126 362 2156 tianae
383 2126 612 2168 codicibusque
636 2125 882 2157 Monac-ensibus
901 2125 955 2167 (A.
977 2125 1019 2168 C)
1047 2132 1078 2156 et
1098 2127 1210 2157 Darm-

260 2187 422 2228 statteusi,
445 2188 503 2219 sed
522 2187 629 2218 Plinio
654 2188 746 2218 ctiam
768 2188 820 2231 (5,
842 2189 882 2228 5,
903 2188 939 2230 ll)
958 2188 1128 2220 conformis
1152 2194 1210 2224 cst,

259 2251 432 2283 Praeterea
459 2262 499 2282 ex
529 2251 740 2282 anterioribus
771 2251 964 2282 editionibus
990 2251 1116 2282 restitui
1138 2264 1210 2295 pro-

261 2315 419 2352 trahitur,
453 2325 551 2357 quum
579 2313 712 2345 Grotius
742 2315 898 2355 protrahit
925 2314 1086 2346 edidisset.

336 2372 494 2418 Iarsonis]
512 2375 549 2405 Iu
566 2375 663 2405 Plinii
680 2374 840 2417 plerisque
855 2375 1016 2406 codicibus
1035 2376 1212 2407 Olarsom's.

264 2434 367 2467 Gnor.
383 2454 429 2458 —
458 2431 584 2470 Οἰαόὠ
611 2431 726 2474 πόλις
753 2440 801 2465 est
826 2435 1010 2467 Ptolemaeo
1034 2437 1055 2467 l.
1083 2438 1118 2477 2,
1146 2448 1175 2470 c.
1192 2437 1216 2467 3

264 2497 296 2528 in
309 2497 496 2530 Vasconum
515 2497 641 2541 oppidis
660 2497 839 2528 maritimis:
857 2510 941 2530 nunc
967 2511 1066 2542 pagus
1086 2500 1217 2541 Οἱανςο,

267 2560 364 2591 leucis
387 2573 405 2592 a
421 2560 612 2593 Fontarabia
639 2560 771 2593 duabus.
798 2560 956 2594 Martiano
976 2562 1075 2594 Jarso
1094 2562 1217 2595 dicitur.

1916 1316 1956 1356 N
1962 1315 2093 1356 arbon
2099 1316 2204 1356 ensis

1252 1440 1297 1473 Et
1318 1440 1527 1484 promontorii
1551 1451 1668 1472 nomen
1690 1446 1740 1472 est
1766 1441 1882 1473 Olarso
1897 1441 1930 1473 in
1951 1441 2117 1473 Oceanum
2134 1452 2206 1485 pro-

1253 1505 1343 1545 fecti,
1380 1516 1444 1548 quo
1478 1504 1587 1535 finitur
1610 1504 1784 1548 Hispania,
1824 1505 1928 1549 iuquit
1954 1505 2098 1537 Mariana
2124 1505 2146 1537 l.
2175 1506 2205 1537 1.

1254 1566 1325 1597 bist.
1351 1577 1377 1596 c.
1404 1566 1439 1605 2,
1463 1577 1492 1608 p.
1509 1567 1543 1597 5.
1564 1565 1671 1597 Ham).
1692 1566 1751 1609 (ad
1775 1566 1859 1598 Plin.
1882 1568 1922 1607 4,
1947 1567 2011 1607 20,
2038 1567 2085 1598 54
2108 1578 2140 1599 n.
2160 1565 2207 1608 5).

1256 1647 1303 1652 —
1324 1628 1419 1659 Alios
1449 1629 1604 1660 Gersonis
1630 1629 1737 1670 legere
1768 1629 1902 1661 Grotius
1929 1629 2051 1661 notavit
2074 1629 2108 1660 in
2129 1641 2207 1661 mar-

1256 1691 1345 1733 gine,
1372 1691 1403 1721 in
1427 1691 1591 1723 codicibus
1616 1692 1695 1722 nihil
1723 1692 1856 1723 subsidii
1883 1692 2000 1726 inveni.

1331 1754 1489 1800 quidquid
1505 1752 1684 1798 interjacet]
1701 1753 1844 1785 Eosdem
1859 1753 1984 1786 Galliae
2001 1754 2080 1785 fines
2100 1753 2211 1786 tribuit

1257 1814 1434 1847 Suetonius
1463 1815 1577 1858 (Caes.
1603 1814 1676 1857 25),
1704 1827 1798 1858 quam
1817 1815 1860 1846 ait
1885 1827 1920 1847 ua
1943 1815 2026 1847 saltu
2041 1816 2209 1859 Pyrenaeo

1257 1877 1461 1921 Alpibusque
1483 1883 1515 1909 et
1534 1884 1640 1909 moute
1661 1877 1832 1919 Gcbeuna,
1858 1878 2106 1923 fluminibusque
2124 1879 2208 1911 Rhe-

1258 1953 1300 1973 no
1325 1947 1357 1973 et
1379 1941 1539 1972 Rhodano
1567 1941 1732 1973 contineri.

1334 2001 1539 2047 Cebennam]
1580 2003 1688 2034 Habet
1721 2003 1831 2034 cadem
1865 2002 1950 2034 Mela
1978 2002 2031 2034 lib.
2053 2003 2094 2041 2,
2122 2013 2151 2033 c.
2178 2003 2209 2032 5.

1260 2067 1448 2099 Gebennam
1470 2078 1597 2110 quoque
1623 2066 1744 2098 Caesar
1764 2066 1817 2097 lib.
1840 2067 1862 2097 7
1883 2066 1957 2096 hell.
1981 2063 2066 2097 Gall.
2097 2076 2127 2106 p.
2149 2065 2209 2097 81.

1262 2128 1432 2160 Cebennas
1454 2133 1546 2158 vocat
1571 2127 1721 2159 Lucanus
1742 2127 1779 2158 L.
1800 2128 1836 2166 1,
1861 2137 1889 2156 v.
1907 2126 1997 2163 4553
2028 2130 2062 2156 et
2085 2124 2207 2156 Geben-

1261 2191 1348 2220 uicos
1375 2194 1499 2219 montes
1521 2189 1615 2220 Mela.
1652 2187 1737 2219 Galli
1765 2188 1810 2217 les
1832 2191 1937 2217 ηιοηίε
1962 2186 2017 2217 des
2035 2186 2209 2218 Cevennes.

1261 2250 1368 2281 nanu.
1383 2250 1436 2292 (ad
1455 2249 1540 2280 Plin.
1565 2250 1599 2288 5,
1622 2249 1662 2287 »713
1686 2253 1750 2278 not.
1771 2247 1807 2289 7)
1819 2265 1865 2270 —
1883 2247 2040 2278 Codicum
2057 2246 2212 2278 lectiones

1261 2312 1394 2351 variant,
1415 2312 1572 2355 siquidem
1586 2310 1791 2343 Monacensis
1804 2310 1859 2353 (C)
1876 2310 2075 2349 Gabennam,
2099 2310 2210 2341 Darni-

1262 2373 1428 2405 stattcnsis
1451 2373 1649 2416 Ueqenmun,
1673 2383 1780 2413 margo
1794 2371 2071 2413 Noriuibcrgensis
2088 2371 2212 2403 Gehen·

1265 2447 1341 2466 nam
1365 2433 1509 2473 exhibet,
1544 2433 1601 2464 sed
1627 2433 1800 2465 mutatione
1823 2444 1890 2464 non
1912 2444 2051 2474 egemus.

1340 2495 1475 2541 alm-nm]
1504 2497 1552 2528 Ita
1571 2495 1820 2543 Pltntnsgoms.
1852 2497 1974 2534 Duris,
2006 2496 2088 2526 forte
2107 2494 2213 2531 Juris,

1268 2566 1303 2592 ut
1329 2560 1361 2592 in
1390 2559 1496 2592 Soliui
1518 2560 1655 2605 antiquis
1681 2559 1854 2592 codicibus.
1889 2558 1974 2591 Ptol.
1998 2553 2211 2603 iovpeko‘eog.
