2310 2860
85 502 167 544 170
197 503 323 544 culati
371 502 546 557 fulgoris
591 501 731 543 radios
775 500 1007 542 revibrare.

199 153 290 194 2⁶24

780 145 978 189 Martiani
1009 144 1208 201 Capellae
1243 143 1317 186 lib.
1339 142 1394 185 II.
1425 145 1457 196 §.
1485 143 1579 186 169.

202 261 261 315 gis
296 258 568 314 complevere
600 255 863 307 coelestibus,
887 252 1121 296 'Lunarem
1151 251 1339 307 ingressa
1370 251 1582 293 circulum
1613 253 1752 309 virgo,
1795 251 1918 294 divae
1955 254 2154 308 congruis

203 341 422 383 nidoribus
447 338 747 395 supplicando,
778 337 830 379 de
857 336 1053 393 proximo
1080 335 1347 390 conspicatur
1373 334 1596 389 globosum
1622 334 1842 389 quoddam
1872 344 2158 390 tenerumque

203 437 356 479 eorpus
391 437 443 463 ex
481 421 657 477 superni
686 421 791 462 roris
830 419 997 461 levitate
1040 427 1312 473 compactum
1363 415 1493 457 instar
1538 415 1698 471 speculi
1732 416 2001 471 praenitentis
2042 416 2159 470 adja-

204 649 267 682 quo
283 638 356 670 loeo
368 637 519 670 Mercurii
534 636 622 668 sidus
637 636 778 668 vehitur«
797 641 855 667 cet.
873 647 953 679 quae
968 634 1012 666 ibi
1030 645 1159 678 quaere:

204 713 276 731 nam
295 700 465 731 admodum
481 700 520 731 ad
536 701 650 730 horum
658 698 800 731 locorum
819 697 1063 741 explicationem
1082 708 1156 728 cou-

204 761 333 794 ducunt.
359 760 497 793 Glossae
516 760 670 804 Capellae
693 759 732 791 ad
748 771 859 791 vocem
878 759 1049 790 Limmata:
1067 757 1157 790 »Cir-

204 825 267 856 ruli
292 824 449 857 caelestes
472 824 593 856 musica
621 824 743 856 ratione
767 824 819 855 vel
847 829 924 855 tono
951 823 1001 854 vel
1029 822 1156 854 semito-

204 889 257 921 nio
272 890 610 934 comprehenduntur.«
637 888 722 921 Vide
738 888 878 920 Macrob.
895 888 934 918 ad
950 898 1050 918 somn.
1069 886 1158 930 Scip.

205 951 309 983 (ἐπ’-(ιτ.
324 971 371 976 -—
399 951 527 994 Quodsi
552 952 594 982 ita
617 951 783 994 Hyginus,
809 950 953 994 profecto
976 949 1057 980 male
1081 948 1157 980 scri-

202 1013 330 1056 psisset.
346 1012 484 1056 Scripsit
500 1014 607 1056 potius
622 1012 719 1057 (poet.
734 1017 809 1044 astr.
822 1012 856 1043 4.
870 1024 902 1054 p.
913 1012 986 1044 485
1004 1010 1159 1053 Munck.):

211 1074 282 1106 *Ab
307 1076 368 1106 hoe
391 1074 529 1117 (Lunae)
554 1074 671 1106 circulo
698 1074 788 1105 abest
812 1073 950 1104 circulus
980 1074 1158 1109 semitonio,

205 1150 268 1182 quo
290 1138 441 1170 Mercurii
469 1139 556 1168 sidus
584 1137 734 1168 vehitur.«
767 1134 819 1167 Ac
847 1136 892 1167 sic
917 1136 1041 1166 demum
1071 1146 1156 1165 men-

205 1211 279 1230 sura
310 1211 381 1230 cum
409 1199 463 1229 illa
493 1198 642 1231 Martiani
671 1197 837 1238 convenit,
869 1197 924 1240 qui
956 1203 1049 1228 »tono
1075 1208 1158 1228 eom-

203 1263 291 1307 pleto
321 1275 339 1294 a
372 1268 455 1294 terra
495 1263 528 1294 in
556 1263 716 1294 Lunarem
754 1260 907 1293 circulum
931 1272 1152 1305 progressam«

203 1325 420 1365 Philologiam
443 1325 548 1366 fingit,
575 1324 648 1356 binc
667 1324 706 1355 ad
722 1323 915 1356 Mercurium
934 1321 975 1366 (ξ.
998 1322 1081 1366 171)
1107 1323 1159 1353 he-

203 1389 375 1418 mitonium
400 1391 624 1429 pei-meantem.
661 1384 729 1417 Sed
753 1384 881 1416 memini
906 1383 1082 1415 accuratius
1110 1394 1159 1414 me

201 1450 284 1480 hanc
298 1460 364 1479 rem
381 1448 456 1478 olim
474 1453 608 1478 tractare
626 1447 671 1490 (in
687 1446 839 1490 philolog.
857 1446 924 1478 crit.
937 1446 996 1477 ΠΙ.
1016 1444 1043 1489 §.
1061 1445 1159 1487 285),

203 1517 235 1542 vt
257 1511 474 1542 demonstrare
501 1517 591 1542 tonos
616 1522 681 1541 non
710 1510 814 1541 solum
835 1521 949 1549 sonos,
982 1509 1039 1540 sed
1066 1509 1161 1540 etiam

201 1573 367 1604 intervalla
404 1573 598 1613 significare,
649 1571 847 1613 multumque
885 1571 1041 1601 interesse
1078 1570 1162 1600 inter

201 1636 353 1667 metiendi
380 1636 542 1666 rationem.
582 1634 675 1666 Licet
705 1634 789 1665 enim
811 1646 877 1665 non
904 1645 1017 1674 negem
1041 1633 1159 1664 distan-

202 1698 279 1728 tiam
303 1697 385 1728 inter
404 1708 539 1740 corpora
560 1695 712 1727 coelestia
733 1694 869 1738 primum
894 1694 1014 1726 musica
1036 1695 1160 1726 ratione

205 1760 400 1791 aestimatam
433 1760 547 1798 fuisse,
586 1764 698 1802 postea
730 1763 836 1789 tamen
867 1758 1161 1790 mathematicorum

204 1825 384 1855 interventu
407 1823 525 1855 lactum
543 1834 615 1854 esse
633 1822 786 1862 arbitror,
815 1828 850 1852 ut
867 1822 1058 1863 geometrica
1079 1822 1159 1853 ratio

206 1900 276 1919 eum
298 1887 351 1918 illa
372 1887 630 1925 confunderetur,
655 1886 750 1917 immo
771 1886 989 1929 praevalerem
1016 1885 1160 1917 Plinium

206 1954 312 1980 tamen
341 1961 412 1980 eum
441 1960 557 1990 magno
588 1948 754 1979 Boeekbio
780 1947 827 1991 (iu
849 1947 953 1979 Daub.
985 1953 1017 1978 et
1043 1947 1159 1979 Creuz.

208 2013 290 2044 stud.
310 2013 367 2043 111.
386 2025 416 2055 p.
427 2011 489 2056 89)
507 2012 704 2053 ignorantiae
723 2011 755 2042 in
778 2011 899 2046 musica
925 2017 991 2043 arte
1011 2023 1159 2044 accusare

208 2076 316 2107 nolim.
356 2076 458 2116 Magis
482 2075 566 2106 enim
595 2076 650 2106 ille
677 2075 802 2106 sobrius
829 2080 1023 2116 geometraS,
1052 2088 1161 2119 quem-

209 2137 377 2168 admodum
404 2148 484 2180 opus
511 2148 603 2168 suum
629 2137 798 2180 poscebat,
825 2142 971 2178 secutus,
994 2137 1161 2169 intervalla

210 2199 363 2238 correxit,
403 2198 479 2229 licet
508 2197 645 2229 fictionis
676 2210 716 2228 ex
748 2198 912 2230 harmonia
943 2211 1009 2230 non
1032 2199 1160 2240 ignarus

209 2260 310 2291 videri
332 2259 439 2290 vellet.
481 2258 549 2290 Sed
573 2265 699 2302 praeter
720 2259 862 2291 Plinium
887 2261 942 2304 (2,
970 2261 1015 2291 21
1042 2266 1074 2292 et
1099 2260 1161 2303 22)

211 2325 249 2355 dc
265 2322 422 2355 distantiis
437 2322 633 2366 planetarum
652 2322 760 2354 confer
773 2323 970 2356 Mam-obium
988 2324 1041 2367 (ad
1061 2336 1161 2356 somn.

211 2388 313 2431 (Scip.
334 2387 367 2418 2.
391 2387 413 2418 5
443 2384 535 2428 extr.)
569 2390 599 2416 ct
624 2385 788 2428 Hyginum
818 2387 856 2418 de
883 2387 1004 2419 limitih.
1039 2400 1069 2431 p.
1090 2389 1158 2419 171

213 2451 342 2493 (ἔθεε),
369 2450 460 2492 cujus
490 2448 629 2480 tabulam
659 2448 693 2480 in
714 2449 900 2481 Monacensi
926 2451 1020 2482 etiam
1052 2451 1163 2483 codice

212 2516 243 2545 l)
267 2515 320 2546 sol.
344 2514 393 2546 45
414 2514 435 2545 b
459 2518 531 2544 ante
556 2512 748 2544 Martianum
776 2513 931 2556 depictam
957 2513 1030 2545 vidi.

286 2578 402 2620 viginti
427 2574 504 2622 sex]
531 2576 623 2609 Unus
657 2587 675 2607 c
713 2575 875 2607 codicibus
914 2577 1162 2609 Monacensihus

1080 498 1130 539 In
1169 513 1219 539 eo
1258 498 1379 539 sistra
1417 497 1602 549 Niliaca,
1647 497 1937 553 Eleusinaque
1976 497 2154 553 lampas,

1208 628 1345 677 (C)'non
1362 631 1425 664 nisi
1447 630 1608 664 »CXXIII
1629 631 1745 663 millia«
1760 630 1867 665 habet.
1892 630 2039 664 Stadium
2056 635 2161 662 autem

1208 703 1319 729 nostro
1354 695 1395 741 (§.
1420 696 1507 738 610)
1541 696 1611 727 125
1637 707 1790 739 passuum
1814 701 1872 727 est.
1915 695 2043 738 Quibus
2066 695 2163 737 igitur

1208 761 1348 793 numeris
1375 760 1592 804 multiplicatis
1630 766 1726 791 tonus
1756 760 1808 792 vel
1840 760 2064 800 15‚750000‚
2111 760 2162 791 vel

1210 823 1418 863 15‚575000
1447 834 1599 866 passuum
1639 822 1707 853 erit.
1756 821 1823 853 Sed
1855 822 2025 863 Hugianus
2060 822 2162 853 codex

1208 888 1309 919 multo
1334 886 1489 918 minorem
1512 898 1679 918 numerum
1702 886 1845 930 praebet,
1872 886 1990 930 quippe
2010 886 2065 930 qui
2091 898 2161 918 cen-

1209 956 1276 982 tum
1296 949 1428 980 omittat.

1284 1018 1493 1057 tenermnque
1519 1008 1653 1054 corpus]
1684 1010 1810 1042 Lunam
1846 1011 1930 1042 enim
1964 1011 2163 1042 »aetheream

1210 1079 1345 1103 terram«
1356 1072 1480 1115 physici
1495 1077 1700 1111 vocaverunt,
1719 1072 1853 1103 docente
1865 1072 2029 1104 Macrobio
2049 1073 2164 1115 (somn.

1210 1134 1298 1176 Scip.
1319 1134 1351 1172 1,
1379 1134 1421 1164 11
1444 1138 1476 1163 et
1503 1133 1571 1175 19).
1607 1132 1658 1164 Ac
1681 1132 1726 1163 sie
1750 1132 1844 1164 etiam
1867 1132 2020 1176 Aegyptii
2044 1134 2164 1176 (Proel.

1210 1195 1242 1226 in
1262 1195 1428 1226 Timaeum
1449 1195 1479 1225 1.
1496 1207 1526 1237 p.
1539 1193 1610 1236 45).
1638 1194 1758 1224 Rorem
1780 1194 1862 1225 a'eris
1883 1200 1914 1225 et
1932 1195 2042 1226 Lunae
2063 1195 2163 1226 filium

1211 1258 1330 1290 (lictum
1358 1257 1524 1301 ipsamque
1557 1257 1682 1288 Lunam
1714 1257 1873 1289 roscidam
1909 1258 2163 1299 cognominatam

1211 1331 1282 1352 esse
1309 1330 1404 1362 supra
1429 1318 1481 1361 (ad
1502 1317 1530 1361 ἓ.
1558 1318 1617 1360 14)
1645 1318 1793 1351 diximus.

1285 1378 1424 1424 speculi]
1461 1379 1567 1410 Debet
1599 1381 1678 1410 hane
1715 1380 1982 1424 comparationem
2017 1382 2165 1426 populari

1212 1454 1270 1475 suo
1299 1441 1465 1486 (Appulcj.
1488 1446 1564 1474 met.
1593 1442 1648 1472 11.
1670 1454 1701 1485 p.
1726 1443 1798 1474 757
1819 1441 1929 1485 oud),
1955 1444 2010 1486 qui
2040 1449 2072 1475 et
2095 1444 2163 1488 ipse

1218 1507 1364 1551 »planam
1381 1506 1609 1537 rotunditatem
1628 1505 1662 1537 in
1683 1505 1813 1537 modum
1837 1507 1959 1549 speculi
1981 1507 2092 1539 Lunae
2116 1520 2163 1539 ur-

1212 1574 1414 1610 gnmentum«
1440 1566 1664 1610 appellaverat.

1273 1629 1461 1675 culjwulati]
1470 1630 1616 1662 Delenda
1627 1636 1704 1670 erat,
1723 1643 1804 1674 quae
1817 1632 1901 1675 apud
1910 1631 2057 1664 Grotium
2073 1645 2162 1677 prae-

1213 1696 1354 1735 cedebat,
1380 1694 1535 1738 partieula
1554 1700 1585 1725 et
1602 1694 1789 1726 auctoritate
1811 1696 1955 1728 codicum
1976 1697 2163 1737 Britannici,

1213 1756 1503 1798 Cantabrigiensis‚
1528 1756 1804 1797 Darmstattcnsis,
1830 1763 1862 1788 et
1888 1759 2041 1800 Hugiani.
2065 1759 2165 1792 Videt

1212 1822 1294 1852 enim
1311 1820 1492 1861 Philologia
1508 1820 1676 1861 globosum
1692 1832 1808 1864 corpus
1823 1821 1923 1853 instar
1938 1823 2060 1866 speculi
2073 1835 2164 1868 prae-

1212 1884 1343 1917 nitentis
1371 1884 1478 1915 radios
1510 1884 1679 1926 adjaculati
1712 1885 1845 1926 fulgoris
1873 1886 2032 1918 revibrare
2063 1887 2165 1931 (conf.

1212 1947 1240 1993 §.
1265 1946 1359 1990 110).
1384 1947 1529 1979 Verbum
1544 1947 1730 1991 adjaculare
1747 1953 1875 1990 praeter
1891 1955 2052 1989 nostrum,
2077 1949 2163 1992 quod

1212 2009 1326 2050 seiam,
1366 2021 1459 2040 nemo
1490 2008 1664 2052 usurpavit.
1712 2008 1919 2051 Significatur
1949 2022 2006 2052 eo,
2037 2011 2162 2042 Lunam

1213 2071 1417 2117 splendorem
1443 2083 1536 2102 snum
1561 2070 1761 2103 extrinsecus
1786 2071 1938 2115 accipere.

1286 2135 1321 2165 in
1343 2131 1393 2178 eo]
1426 2132 1544 2164 Omnia
1572 2132 1723 2176 mysteria
1747 2133 1781 2164 in
1806 2133 1899 2164 Luna
1927 2143 1999 2164 esse
2022 2132 2162 2176 reposita

1213 2198 1315 2230 docet.
1342 2197 1429 2228 Vere
1451 2197 1545 2227 ctiam
1562 2196 1687 2228 Plinius
1705 2196 1757 2239 (2,
1781 2196 1820 2235 9,
1846 2196 1895 2239 6)=
1922 2195 2091 2227 „Omnium
2108 2197 2162 2228 ad-

1213 2261 1416 2292 mirationem
1435 2258 1533 2290 vincit
1559 2257 1766 2289 novissimum
1789 2257 1877 2288 sidus
1901 2258 2059 2301 terrisque
2076 2259 2163 2289 sami-

1212 2322 1415 2356 liarissimum
1452 2328 1484 2353 ct
1512 2322 1545 2353 in
1566 2321 1768 2353 tenebrarum
1799 2322 1974 2353 remedium
2008 2335 2025 2354 a
2052 2329 2163 2355 natura

1213 2392 1391 2432 repertum,
1428 2386 1550 2417 Lunae.
1589 2385 1778 2416 Multisormi
1808 2386 1886 2417 haec
1917 2386 2047 2427 ambage
2074 2389 2163 2419 torsit

1214 2449 1340 2492 ingenia
1370 2448 1677 2491 contemplantium-m
1728 2446 1824 2478 Dicto
1858 2447 1952 2479 fidem
1982 2448 2102 2480 sanciunt
2130 2448 2164 2480 in

1215 2512 1441 2557 antiquissimis
1466 2511 1663 2555 temporibus
1684 2511 1888 2554 pronuntiata
1911 2512 1950 2543 ab
1971 2512 2058 2544 Jobo
2081 2513 2162 2555 (51.

1214 2578 1282 2617 26)
1312 2577 1424 2615 verba,
1462 2575 1642 2618 Latmiique
1671 2575 1778 2607 herois
1810 2576 1934 2607 fabella.
1974 2576 2024 2607 De
2052 2576 2162 2607 Lilaeo
