2310 2860
694 142 893 184 Martiani
925 141 1125 198 Capellae
1155 140 1225 181 lib.
1250 140 1325 183 Vl.
1354 143 1385 193 ζ).
1410 141 1512 182 659.

2001 140 2087 183 521

130 250 262 305 lignis,
287 249 415 300 Istris,
433 249 650 298 Liburnis,
675 258 714 289 et
740 248 885 289 ceteris
910 247 1076 303 populis
1097 246 1414 289 obscurioribus
1436 248 1672 300 habitatum
1702 248 1948 290 laevorsum
1973 263 2084 304 quo-

133 345 216 385 que
247 345 290 370 se
329 331 476 382 Hectit,
515 331 680 371 etitem
719 330 887 371 duobus
913 329 1209 385 promontoriis
1240 330 1374 384 peltae
1406 330 1688 370 Amazonicae
1712 329 2085 382 sormain·reddit;

132 410 284 452 dextro
304 426 437 452 cornu
459 413 769 467 Leucopetram
795 410 989 461 tendens,
1018 411 1140 452 laevo
1161 410 1396 451 Lacinium.
1414 409 1540 450 Unde
1562 424 1699 464 quum
1720 410 1842 464 longa
1864 410 1914 449 sit
1937 409 1989 449 ab
2006 408 2082 449 Al-

132 491 256 546 pibus
283 493 519 533 Praetoriae
543 493 758 547 Augustae
788 506 863 547 per
894 491 1047 531 urbem
1073 490 1265 546 Capuam
1296 501 1335 532 et
1357 490 1570 545 Rhegium
1601 490 1805 545 oppidum
1831 491 1990 545 absque
2013 503 2083 530 re·-

135 586 270 612 curvo
293 573 409 614 flexu
434 573 571 614 decies
595 583 768 614 centena
791 583 830 613 et
854 572 999 627 viginti
1025 573 1154 615 millia
1179 587 1407 629 passuum,
1437 586 1652 626 nusquam
1684 587 1785 613 vero
1814 581 1996 612 trecenta
2019 571 2084 611 la-

134 653 265 694 titudo
287 655 379 708 ejus
404 655 578 696 excedit.
608 656 644 696 A
663 655 751 695 solo
775 654 899 709 igitur
919 654 1061 694 Italico
1085 654 1290 695 Liburnia
1315 653 1522 707 Istriaque
1546 651 1747 691 discretae
1776 660 1873 691 sunt
1905 647 2087 690 centenis

134 736 324 777 millibus
363 751 593 792 passuum,
640 735 755 790 quod
793 735 915 776 distat
952 734 1005 774 ab
1037 734 1167 788 Epiro
1210 743 1250 774 et
1283 733 1455 787 Illyrico
1494 731 1799 786 quinquaginta
1841 731 1992 781 millia,
2033 728 2088 770 ab

135 815 277 856 Africa
302 816 409 857 intra
429 816 609 857 ducenta
633 816 777 865 millia,
809 825 855 856 ut
873 815 1013 855 Varro
1038 823 1358 863 commemorat,
1390 813 1443 853 ab
1463 811 1656 852 Sardinia
1679 821 1847 851 centum
1875 808 2032 864 viginti,
2064 822 2089 847 a

135 894 273 935 Sicilia
304 895 417 935 mille
444 896 694 950 quingentis,
728 910 750 936 a
780 894 951 935 Corsica
977 893 1117 934 minus
1141 892 1360 946 octoginta,
1391 892 1445 932 ab
1470 892 1554 932 Issa
1575 891 1891 946 quinquaginta.
1921 890 2090 930 Verum
2118 886 2210 926 6710

137 975 274 1014 omnis
306 975 451 1015 Italiae
484 976 682 1016 circuitus
722 974 907 1015 tenditur
939 974 1064 1015 vicies
1097 983 1270 1013 centena
1305 972 1586 1028 quadraginta
1617 986 1771 1012 novem
1806 969 1957 1020 millia3
2001 968 2093 1021 ejus

138 1055 369 1095 umbilicus
401 1056 443 1095 in
479 1071 578 1109 agro
616 1056 769 1096 dicitur
799 1055 999 1105 Reati1103
1048 1055 1260 1108 angustior
1299 1054 1540 1109 plurimum
1579 1062 1640 1093 est
1673 1052 1726 1093 ad
1756 1061 1928 1108 portum
1961 1063 2094 1104 quem

136 1136 386 1176 Hannibalis
419 1145 552 1176 castra
583 1136 750 1187 dicunt3
780 1150 880 1176 nam
914 1135 984 1176 vix
1021 1135 1079 1174 ibi
1115 1128 1267 1190 viginti*
1288 1134 1420 1174 millia
1455 1147 1659 1188 passuum
1692 1132 1774 1172 lata
1809 1140 1880 1170 est.
1926 1130 2093 1171 Verum

136 1215 254 1257 Italia
283 1217 408 1257 etiam
441 1216 554 1257 Pado
586 1216 764 1258 flumine
804 1216 1107 1269 memoranda,
1153 1230 1283 1271 quem
1320 1215 1501 1256 Graecia
1531 1214 1639 1254 dixit
1668 1212 1930 1263 Eridanum
1980 1209 2095 1249 hunc

209 1321 326 1367 peltae]
348 1322 421 1354 1100
438 1334 565 1366 quoquc
581 1328 613 1353 et
632 1334 713 1366 quae
735 1328 913 1365 sequuntur
933 1333 973 1352 cx
987 1321 1095 1352 Plinio

138 1385 190 1427 (5,
214 1384 265 1427 G):
295 1384 373 1414 »Est
398 1396 474 1425 crgo
499 1384 576 1414 solio
604 1383 738 1414 maxime
764 1394 885 1426 querno
910 1382 1096 1420 assimilata,

138 1445 238 1476 multo
258 1445 447 1488 proceritatc
469 1445 604 1488 amplior
627 1456 721 1487 qnam
741 1443 929 1483 latitudin03
956 1443 987 1473 in
1008 1443 1098 1473 laeva

140 1521 174 1541 se
194 1510 328 1541 flectens
346 1509 525 1547 cacumine,
545 1514 577 1539 et
592 1509 806 1539 Amazonicae
826 1508 925 1538 forma
947 1506 1098 1537 desinens

137 1583 286 1614 parmae,
316 1570 369 1600 ubi
403 1582 420 1600 a
453 1569 557 1600 medio
585 1580 722 1600 excursu
748 1569 925 1600 Coeinums
952 1572 1098 1606 vocatur,

139 1646 198 1678 per
217 1635 306 1665 sinus
323 1634 451 1664 lunatos
471 1633 534 1663 duo
553 1644 672 1664 cornua
687 1632 846 1670 emittens,
871 1632 1100 1673 Leucopetram

140 1697 267 1737 dextra,
305 1698 475 1728 Lacinium
507 1696 663 1727 sinistra.«
710 1696 832 1726 Panna
865 1695 949 1725 enim
985 1693 1099 1724 Latine

140 1759 227 1802 quod
256 1757 380 1804 πέλτη
416 1757 550 1790 Graece.
592 1756 812 1788 Amazonibus
842 1756 961 1800 pariter
991 1754 1101 1786 tribuit

141 1819 278 1851 Ovidius
302 1820 355 1862 (ex
379 1820 475 1851 Pont.
499 1821 540 1858 5,
565 1819 602 1857 1,
630 1818 707 1859 96):

201 1881 289 1911 „Nec
318 1881 376 1911 tibi
399 1879 578 1911 Amazonia
602 1891 662 1921 pro
687 1890 736 1909 me
758 1878 915 1908 sumenda
934 1879 1077 1914 securis,

192 1942 263 1974 Aut
286 1942 394 1974 excisa
415 1943 478 1972 leui
500 1942 585 1984 pelta
608 1942 751 1983 gerenda
776 1952 904 1970 »nanta«

144 2004 295 2037 Formam
318 2005 423 2048 peltae
444 2004 552 2035 videas
578 2003 662 2046 apud
691 2002 920 2045 Caryopliilum
943 2001 996 2045 (de
1021 2001 1102 2044 clyp.

145 2080 177 2112 Ρ.
194 2068 270 2109 55),
300 2066 479 2107 Segniuum
497 2065 596 2108 (num.
618 2076 647 2106 p.
667 2063 745 2105 25),
768 2063 955 2094 Passerium
979 2063 1031 2106 (de
1055 2062 1101 2093 lu-

147 2141 229 2161 ceru.
248 2128 296 2166 ll,
320 2127 398 2169 97),
422 2132 455 2157 et
475 2126 508 2156 in
531 2136 642 2156 museo
661 2124 847 2155 Florentino
872 2125 932 2167 (11,
956 2124 1015 2155 52.
1032 2123 1103 2165 55).

221 2192 359 2222 millibus
380 2187 553 2233 passuum]
587 2188 644 2220 Sic
665 2187 793 2219 codices
818 2187 1031 2218 Monacenses
1049 2184 1103 2229 (A.

150 2251 192 2294 C)
219 2257 252 2282 et
275 2250 560 2287 Dariustattensis3
587 2249 684 2289 vulgo
706 2249 864 2291 passibus.

226 2312 400 2357 octoginta]
433 2312 491 2344 Sic
519 2312 592 2343 dedi
622 2324 639 2344 e
666 2312 773 2343 Plinio
801 2317 834 2343 et
857 2310 997 2352 margine
1024 2309 1106 2342 Gro-

154 2379 237 2410 tiaua
260 2389 319 2421 pro
343 2377 546 2418 septuaqinla
576 2375 609 2406 in
633 2375 744 2415 editis,
776 2375 852 2406 licet
873 2373 1014 2417 alioquin
1040 2384 1107 2404 cor-

152 2447 248 2485 rupta
281 2440 324 2472 sit
358 2438 454 2471 lectio
492 2438 641 2480 marginis
674 2438 848 2471 Gratianae
880 2438 1020 2480 Corcyra
1050 2447 1108 2480 pro

158 2504 301 2538 Corsica.

1146 1320 1251 1351 insula
1278 1320 1310 1352 in
1333 1320 1412 1351 mari
1431 1319 1597 1351 Adriatico
1624 1319 1773 1360 adjacens
1798 1315 1985 1348 Dalmatiae.
2012 1313 2099 1344 Hine

1146 1383 1268 1414 Issicus
1293 1383 1397 1421 sinus,
1428 1383 1513 1414 Ptol.
1541 1382 1604 1413 tab.
1626 1382 1658 1413 4.
1694 1380 1812 1419 Asiae,
1840 1384 1873 1410 et
1896 1377 2055 1408 Ilerodnt.
2077 1375 2098 1406 l,

1148 1447 1186 1477 5:
1203 1440 1301 1477 κατὰ
1315 1440 1383 1476 τὸν
1400 1439 1555 1476 Ἰσσικὸν
1572 1437 1811 1483 καλούμενον
1829 1436 1986 1473 κόλπον.
1998 1436 2101 1468 Gnor.

1150 1527 1199 1531 —-
1222 1507 1344 1539 Confer
1367 1505 1561 1537 Strabonem
1590 1505 1642 1548 (2,
1670 1516 1699 1546 p.
1719 1504 1788 1534 124
1814 1501 1882 1533 init.
1909 1498 2071 1540 casaub).

1222 1577 1337 1622 vicies]
1366 1577 1422 1609 Sic
1442 1577 1568 1609 codices
1587 1577 1799 1607 Monacenses
1816 1573 1870 1617 (A.
1886 1573 1943 1615 C),
1966 1571 2100 1602 Reiche-

1149 1642 1314 1681 naueusis,
1335 1646 1367 1671 et
1387 1639 1664 1678 Darmstattensis,
1683 1650 1749 1669 non
1765 1639 1878 1680 viyies,
1900 1641 1936 1666 nt
1955 1635 1986 1665 in
2000 1633 2102 1665 editis.

1223 1724 1411 1770 umbilicus]
1446 1724 1572 1756 Plinius
1598 1724 1652 1766 (5,
1685 1723 1758 1765 17):
1784 1722 1840 1753 »In
1866 1733 1940 1762 agro
1965 1719 2101 1751 Reatino

1152 1788 1291 1821 Cutiliae
1315 1788 1435 1825 lacum,
1463 1785 1495 1817 in
1521 1797 1585 1828 quo
1604 1785 1737 1815 fluctuet
1758 1783 1880 1821 insula,
1901 1780 2013 1813 Italiae
2036 1792 2103 1811 um·

1152 1851 1283 1882 bilicum
1315 1860 1387 1880 esse
1419 1849 1464 1880 M.
1491 1848 1596 1879 Varro
1623 1847 1746 1878 tradit«
1792 1845 1970 1879 Martianus
1999 1851 2106 1875 tamen

1151 1913 1203 1944 hic
1231 1918 1263 1943 et
1289 1911 1321 1941 iu
1349 1910 1557 1954 sequentibus
1582 1909 1731 1941 Solinum
1756 1909 1864 1953 potius
1888 1906 2104 1953 (polyhistQ

1152 1975 1214 2019 25)
1238 1980 1311 2006 ante
1337 1974 1448 2005 oculos
1471 1974 1621 2005 habuisse
1652 1973 1784 2004 videtur.

1228 2057 1356 2103 viginti]
1384 2057 1441 2090 Sic
1462 2056 1596 2089 Grotius
1620 2056 1718 2088 edidit
1740 2067 1799 2088 nec
1824 2066 1884 2098 ego
1906 2060 2027 2086 mutare
2052 2065 2103 2084 au-

1154 2131 1211 2151 sus
1245 2132 1333 2160 sum,
1372 2131 1413 2151 ne
1448 2124 1565 2150 temere
1596 2123 1735 2149 mutasse
1769 2117 1942 2162 quidquam
1968 2116 2107 2153 viderer,

1153 2183 1230 2215 licet
1250 2195 1268 2214 a
1291 2182 1454 2215 codicibus
1478 2181 1643 2213 maximam
1663 2180 1970 2212 commendationem
1992 2178 2107 2208 habeat

1156 2252 1284 2278 centum
1310 2247 1463 2289 triginta,
1485 2245 1573 2288 qnod
1589 2245 1655 2286 jam
1680 2244 1814 2276 Grotius
1837 2243 1869 2273 in
1890 2241 2028 2282 margine
2050 2251 2106 2270 no-

1157 2307 1237 2339 tavit
1261 2307 1479 2350 praebentque
1505 2307 1717 2339 Monacenses
1741 2304 1796 2348 (Α.
1815 2303 1856 2345 C)
1880 2307 1912 2333 et
1932 2302 2106 2332 Darmstat-

1159 2370 1278 2410 tensisg.
1312 2370 1369 2401 scd
1403 2370 1487 2413 apud
1512 2369 1661 2402 Solinum
1691 2373 1740 2399 est
1763 2366 1996 2414 quadruvium,
2024 2363 2110 2406 apud

1160 2433 1302 2466 Plinium
1337 2433 1389 2476 (5,
1419 2434 1481 2474 10,
1514 2432 1572 2475 15)
1596 2433 1728 2476 viqinli,
1756 2440 1850 2473 quem
1877 2438 1972 2470 quum
2001 2430 2111 2456 noster

1165 2502 1198 2529 et
1223 2497 1307 2527 infra
1324 2495 1364 2539 (ξ.
1381 2495 1468 2539 649)
1485 2501 1651 2541 sequatur,
1675 2493 1736 2525 sibi
1759 2492 1863 2537 ipsum
1885 2492 2114 2534 repugnantem

236 2561 323 2609 Issa]
350 2562 399 2594 Ita
425 2567 457 2594 et
481 2560 616 2594 Plinius.
649 2560 735 2593 Urbs
759 2566 810 2594 est
833 2561 867 2593 in
886 2560 1004 2594 Lesbo.
1036 2558 1117 2592 Item
1167 2559 1270 2591 facere
1294 2556 1393 2589 nolui.

1668 2615 1716 2647 Ge
