2310 2860
278 209 368 251 742
838 203 1038 246 Martiani
1071 203 1270 260 Capellae
1299 204 1371 246 lib.
1395 204 1473 246 IX.
1504 207 1536 258 ᾗ.
1561 205 1665 248 949.

276 314 575 369 discrepantia3
623 321 812 366 tuncque
860 311 940 352 alia
982 311 1253 362 enarmonia,
1297 311 1379 352 alia
1419 310 1699 364 chromatica,
1739 313 1820 355 alia
1857 313 2084 370 diatoniea3
2123 317 2227 359 item

276 397 355 436 alia
388 394 512 444 artia,
557 393 637 434 alia
669 393 847 447 perissa,
890 391 962 433 sed
994 391 1134 447 prima
1166 391 1381 447 aequalia,
1428 392 1614 434 secunda
1656 395 1926 437 excurrentia
1963 397 2227 439 memorabo.

276 476 442 516 Verum
476 475 671 530 aequalia
708 484 826 526 sunt,
871 489 983 529 quae
1022 474 1065 514 in
1104 488 1265 529 aequas
1296 482 1436 530 partes
1468 483 1668 529 poterunt
1696 476 1907 532 separari,
1954 486 2002 518 ut
2033 486 2156 519 tonus
2185 478 2230 519 in

161 555 248 596 95ss
277 556 363 597 duo
394 556 648 608 hemitonia3
699 556 859 611 perissa
891 565 1061 606 autem,
1103 569 1215 610 quae
1245 555 1287 595 in
1321 555 1397 596 tria
1431 556 1664 599 hemitonia
1693 557 2005 600 discernuntur.
2064 558 2229 600 Deinde

156 1116 241 1159 951

275 638 355 678 alia
385 637 630 677 diastemata
662 638 813 691 spissa,
860 636 938 677 alia
969 636 1145 677 rariora.
1206 636 1346 690 Spissa
1378 646 1499 688 sunt,
1546 652 1658 692 quae
1687 653 1763 693 per
1793 639 1916 680 diesis
1952 639 2228 694 colliguntur3

271 717 455 767 rariora,
501 731 611 771 quae
652 716 778 768 tonis,
831 725 871 757 et
908 716 950 756 in
992 715 1056 756 his
1088 715 1169 756 alia
1198 715 1277 755 sibi
1308 726 1567 771 congruunt,
1612 718 1693 758 alia
1724 718 1976 774 discrepant.
2032 717 2115 758 Sed
2145 717 2230 759 dis-

275 798 540 852 crepantium
580 797 709 837 nimia
741 796 983 837 multitudo.
1041 796 1346 837 Convenientia
1380 811 1483 838 vero
1518 813 1594 853 per
1624 799 1808 853 singulos
1838 809 1980 855 tropos
2013 813 2087 839 sex
2117 807 2230 851 sunt,

271 877 314 918 id
346 887 404 918 est
447 877 726 928 diatessaron,
784 877 900 931 quod
939 877 991 918 de
1030 888 1215 933 quatuor
1258 878 1460 930 dicimus,
1505 878 1726 935 diapente,
1772 880 1888 936 quod
1928 881 1981 922 de
2020 881 2227 935 quinque,

272 958 426 1000 dehine
464 959 686 1013 diapason,
732 959 848 1013 quod
892 974 944 1000 ex
983 961 1182 1000 omnibus
1223 961 1421 1013 concinit3
1470 960 1577 1002 illud
1607 961 1757 1014 etiam,
1798 960 1916 1015 quod
1947 976 1999 1001 ex
2030 959 2229 1000 omnibus

273 1049 313 1080 et
343 1054 397 1079 ex
428 1048 613 1093 quatuor
645 1048 822 1090 constat,
857 1039 923 1080 vel
955 1054 1007 1080 ex
1039 1041 1237 1082 omuibus
1269 1051 1308 1083 et
1339 1041 1546 1096 quinque,
1577 1041 1647 1083 vel
1678 1042 1740 1082 bis
1774 1057 1826 1083 ex
1857 1042 2077 1092 omnibus,
2113 1039 2231 1096 quod

273 1120 335 1161 bis
366 1119 568 1175 diapason
599 1119 764 1161 dicitur.
827 1120 908 1161 Sed
940 1121 1045 1162 illud
1080 1121 1196 1176 quod
1230 1122 1512 1171 diatessaron,
1558 1120 1642 1162 hoc
1673 1131 1733 1163 est
1763 1137 1815 1163 ex
1845 1131 2032 1176 quatuor
2062 1121 2228 1170 dicitur,

277 1200 426 1254 recipit
454 1214 579 1240 sonos
611 1209 812 1254 quatuor,
844 1200 976 1255 spatia
1002 1209 1097 1251 tres,
1126 1210 1244 1241 tonos
1269 1200 1356 1241 duo
1382 1209 1420 1240 et
1443 1200 1590 1251 semis,
1622 1200 1852 1241 hemitonia
1877 1201 2084 1255 quinque,
2106 1199 2229 1240 diesis

273 1294 376 1321 vero
416 1278 586 1330 decem,
635 1289 674 1320 et
712 1289 772 1320 est
808 1280 850 1320 in
891 1280 1042 1336 epitriti
1083 1281 1265 1332 ratione,
1313 1290 1360 1322 ut
1395 1291 1493 1321 sunt
1533 1290 1718 1335 quatuor
1750 1281 1803 1321 ad
1841 1290 1936 1321 tres.
1995 1281 2227 1334 Diapente,

273 1361 392 1416 quod
424 1375 479 1401 ex
523 1361 716 1415 quinque
756 1369 835 1411 est,
883 1375 1006 1401 sonos
1036 1361 1184 1415 recipit
1223 1361 1437 1415 quinque,
1483 1360 1615 1414 spatia
1660 1368 1867 1414 quatuor,
1912 1368 2030 1400 tonos
2068 1368 2150 1400 tres
2191 1368 2230 1400 et

271 1441 418 1491 semis,
464 1440 694 1481 hemitonia
726 1451 913 1496 septem,
945 1441 1068 1482 diesis
1099 1441 1162 1482 bis
1192 1450 1377 1495 septem,
1418 1448 1457 1479 et
1488 1448 1546 1479 est
1583 1439 1624 1479 in
1655 1439 1857 1480 hemiolia
1894 1440 2072 1490 ratione,
2112 1438 2230 1494 quod

271 1531 368 1562 sunt
398 1530 480 1562 tres
511 1521 566 1562 ad
597 1521 698 1561 duo.
757 1521 972 1576 Diapason
1005 1531 1146 1562 autem
1174 1536 1296 1562 sonos
1320 1521 1449 1562 habet
1479 1531 1591 1573 octe,
1622 1521 1756 1577 spatia
1785 1530 1960 1577 septem,
1990 1530 2109 1562 tonos
2132 1535 2228 1574 sex5

272 1600 500 1641 hemitonia
539 1600 750 1657 duplicat,
800 1600 921 1642 diesis
973 1602 1292 1658 quadruplicat,
1347 1613 1473 1658 atque
1517 1603 1560 1644 in
1596 1602 1774 1660 diplasia
1811 1603 1972 1645 ratione
2012 1611 2227 1653 versatur,

346 1753 410 1784 alia
431 1750 620 1796 cohibentia]
648 1750 715 1782 Alii
743 1753 941 1792 conibentia,
972 1753 1028 1784 sed
1054 1753 1224 1795 legendum
1277 1754 1361 1786 uude
1385 1755 1544 1799 sequitur,
1571 1756 1654 1786 utin
1677 1755 1836 1787 diatonico
1860 1766 1976 1797 genere
1997 1755 2134 1799 spissum
2156 1755 2225 1786 nul-

271 1818 516 1855 convenienlia3
554 1815 633 1846 infra
665 1818 886 1847 convenientia
923 1829 1007 1848 vero.
1055 1817 1127 1848 Nisi
1162 1829 1225 1849 vox

270 1878 367 1910 lateat
384 1878 553 1922 antiquior.
579 1878 687 1911 Gloss.
699 1879 828 1910 Isidori:
841 1879 1016 1920 1›C0nivoli,
1037 1880 1223 1914 concordes.

271 1941 441 1981 Cohibuli,
476 1942 666 1981 concordes,
700 1942 870 1984 conjuncti.
912 1943 1120 1983 Cohibentia,
1150 1956 1223 1976 eon-

271 2002 400 2034 clusio.«
428 2001 592 2034 Gnor.-—
618 2002 786 2046 Appi-ebat
814 2004 1005 2035 Meibomius
1038 2006 1081 2048 (p.
1097 2006 1169 2037 554
1195 2018 1224 2037 v.

275 2064 351 2106 18),
380 2075 483 2106 neque
512 2064 602 2095 aliter
625 2076 698 2094 mox
723 2063 763 2108 (ξ.
783 2065 868 2108 950)
890 2065 1024 2108 legitur3
1057 2067 1113 2098 sed
1140 2066 1225 2099 eodi-

274 2139 344 2159 cum
370 2138 560 2158 eonsensum
585 2127 741 2158 desidero.

347 2187 444 2233 arlia]
474 2189 606 2221 Grotius
630 2189 736 2233 inepte
760 2190 901 2223 ediderat
923 2192 1013 2231 aria,
1044 2192 1129 2235 quod
1152 2191 1222 2235 ipso

274 2264 370 2285 sensu
389 2252 522 2293 jubente
542 2253 681 2293 correxit,
708 2256 903 2299 περισσοῖς
918 2255 1000 2286 enim
1020 2261 1224 2299 oppoununtur

274 2311 403 2361 ἄρτια,
430 2314 469 2344 de
492 2313 608 2357 quibus
633 2313 724 2357 plura
749 2314 781 2344 iu
805 2314 1025 2348 Arithmetiea.

347 2373 464 2419 spissa]
486 2371 637 2418 Πυκνὰ,
666 2375 704 2406 de
728 2374 842 2418 quihus
859 2376 927 2418 jam
948 2376 1094 2421 superius
1116 2381 1223 2418 egerat

274 2434 426 2480 (§.943).
468 2434 664 2467 Aristoxeno
694 2435 805 2479 (clem.
834 2438 931 2470 hai-m.
958 2439 995 2478 1,
1026 2451 1056 2482 p.
1076 2438 1143 2481 24)
1174 2442 1224 2469 est

274 2495 319 2533 τὸ
347 2499 387 2533 ἐκ
413 2495 482 2533 δύο
511 2494 780 2544 διαστημάτων
809 2498 1059 2546 συνεστηκὸς,
1089 2497 1112 2534 ἑξ
1137 2502 1223 2536 συν-

276 2559 442 2594 τεθέντα
470 2560 633 2594 ἔλαττον
658 2555 844 2604 διάστημα
867 2560 1035 2607 περιέξει
1059 2561 1129 2595 τοῦ
1156 2561 1225 2594 λει-

278 2620 453 2664 πομένου
490 2619 749 2667 διαστήματος
777 2623 818 2657 ἐν
847 2622 902 2669 τῴ
935 2621 995 2657 διὰ
1019 2620 1223 2669 τεσσάρων,

1276 1818 1342 1850 lum
1363 1818 1419 1858 sit,
1446 1818 1503 1850 sed
1530 1818 1563 1849 in
1588 1819 1779 1851 chromatico
1802 1824 1833 1850 et
1853 1818 2047 1850 enarmonio.

1349 1903 1408 1923 sex
1430 1890 1519 1936 sunl]
1546 1892 1631 1924 Vide
1651 1903 1711 1923 nos
1732 1892 1880 1936 superius
1900 1892 1952 1935 (ad
1980 1890 2008 1935 ἓ.
2023 1889 2121 1933 955).

1349 1965 1499 2011 concinit]
1526 1966 1648 2011 Recepi
1669 1968 1730 1999 hoe
1748 1978 1765 1998 e
1785 1966 1948 1999 codicibus
1966 1965 2225 2004 Darmstattensi,

1275 2028 1463 2060 monacensi
1489 2028 1572 2073 (C),
1610 2033 1642 2060 et
1668 2028 1883 2061 Meihomiauo
1905 2027 1957 2069 A3
1985 2027 2019 2059 in
2037 2027 2129 2059 editis
2158 2032 2226 2058 erat

1273 2093 1463 2124 continetur.

1348 2166 1411 2197 duo
1437 2171 1468 2198 et
1493 2163 1607 2210 semis]
1633 2165 1825 2197 Meibomius
1847 2164 2012 2206 utriusque
2035 2162 2153 2194 codicis
2176 2163 2225 2194 sui

1274 2229 1461 2261 auctoritate
1496 2234 1527 2260 et
1557 2228 1608 2261 hie
1634 2234 1666 2260 et
1689 2228 1819 2259 inferius
1842 2233 1873 2258 et
1897 2226 2074 2258 tollendum
2098 2231 2223 2266 censet3

1274 2292 1331 2322 sed
1352 2291 1384 2322 in
1409 2291 1476 2331 his,
1506 2303 1587 2335 quae
1613 2291 1697 2322 notis
1723 2290 1911 2334 plerumque
1938 2301 2003 2320 uon
2026 2289 2131 2321 verbis
2152 2300 2223 2333 per·

1274 2352 1391 2395 scripta
1413 2352 1595 2392 traduntur,
1619 2351 1669 2383 vel
1694 2351 1883 2396 optimorum
1908 2350 2054 2383 codicum
2075 2349 2223 2392 exiguum

1274 2420 1469 2447 momentum
1496 2419 1554 2445 est.

1349 2502 1435 2549 qnod
1454 2499 1543 2545 sunt]
1571 2499 1735 2532 omissum
1755 2500 1786 2532 in
1807 2500 1901 2532 editis
1920 2500 2050 2532 verbum
2072 2505 2149 2531 sunt
2169 2510 2220 2532 co-

1275 2563 1360 2595 dices
1382 2562 1670 2601 Reiehenaucnsis,
1696 2561 1976 2602 Darmstattensis,
2001 2566 2032 2593 et
2051 2561 2222 2594 Monacen-

1277 2625 1320 2657 sis
1350 2624 1404 2667 (C)
1428 2624 1677 2668 suppeditarunt.
