2310 2860
748 95 947 138 Martiani
978 95 1176 152 Capellae
1213 95 1286 137 lib.
1306 94 1380 138 III.
1419 98 1450 147 ᾗ.
1471 96 1572 138 516.
2053 101 2140 140 517

182 204 298 260 legis,
329 212 424 260 peto
449 204 574 260 petis,
608 212 678 245 aut
708 202 743 256 I,
773 204 893 260 rapio
924 203 1058 259 rapis,
1089 202 1197 243 facio
1220 201 1342 255 facis3
1375 211 1446 243 aut
1469 202 1525 255 V,
1557 212 1602 244 ut
1622 202 1772 255 induo,
1804 204 1934 246 irruo.
1967 204 2138 246 Tertiae

184 286 486 340 conjugationis
510 296 727 341 correptae
754 286 909 337 verba,
941 300 1052 340 quae
1083 283 1309 325 indicativo
1342 282 1469 324 modo
1496 291 1688 338 tempore
1723 284 1930 339 praesenti
1956 300 2138 339 persona

182 367 322 422 prima
345 368 383 407 O
407 368 549 417 litera,
593 367 710 407 nulla
743 366 823 407 alia
854 366 1131 421 praecedente
1168 364 1321 414 vocali,
1361 364 1666 414 terminantur,
1706 364 1854 405 eadem
1886 365 2138 421 imperativo

182 445 311 486 modo
330 455 522 501 tempore
540 447 749 502 praesenti
768 459 949 501 persona
969 445 1156 487 secunda
1173 445 1209 485 E
1231 452 1437 498 correpta,
1469 442 1747 498 praecedente
1771 455 2025 487 consonante
2052 447 2138 501 pri—

183 541 279 568 mae
305 528 518 582 positionis
542 529 835 578 terminantur,
862 536 909 568 ut
934 527 1026 582 lego
1052 527 1156 581 lege,
1186 533 1282 580 peto
1306 535 1422 581 pete;
1442 517 1566 580 'quae
1585 525 1628 566 V
1653 534 1692 565 et
1718 525 1771 576 O,
1803 540 1851 566 ea
1881 526 2135 581 imperativo

183 608 424 650 modoVet
448 609 484 650 E
510 609 767 659 retinebunt,
796 617 841 648 ut
871 607 1002 648 induo
1024 607 1175 658 induc,
1209 608 1328 648 irruo
1353 607 1484 650 irrue.
1518 605 1688 646 Tertiae
1710 607 2011 662 conjugationis
2043 624 2137 649 cor-

182 700 326 744 reptae
350 692 484 732 verba
506 690 699 731 infinitivi
723 688 839 731 modi
871 688 1030 742 adjecta
1057 686 1109 728 ad
1131 688 1435 743 imperativum
1459 685 1639 727 modum
1671 701 1716 727 re
1746 686 1910 741 syllaba
1941 698 2138 730 manente

180 773 446 827 correptione
467 772 762 823 terminantur,
792 779 840 811 ut
859 771 949 826 lege
973 770 1125 825 legere,
1155 779 1248 826 pete
1271 779 1424 825 petere.
1461 768 1630 810 Tertiae
1653 769 1956 823 conjugationis
1989 770 2137 822 verba,

181 867 294 907 quae
315 853 540 894 indicativo
565 851 692 892 modo
717 861 909 906 tempore
933 851 1141 906 praesenti
1164 865 1344 906 persona
1368 850 1508 905 prima
1531 850 1569 890 io
1594 849 1722 891 literis
1748 851 2054 903 terminantur,
2087 867 2137 893 ea

180 933 457 987 praeteritum
489 932 726 987 perfectum
758 940 797 971 et
817 930 1292 986 plusquamperfectum
1320 946 1395 971 sex
1420 930 1556 972 modis
1585 931 1823 973 enunciant.
1862 932 2030 973 Primus
2066 941 2139 982 est,

180 1013 257 1067 qui
297 1013 442 1053 tertiae
490 1012 792 1067 conjugationis
830 1011 1064 1067 productae
1105 1012 1312 1067 integram
1349 1012 1545 1067 regulam
1582 1012 1796 1067 sequitur,
1844 1011 1913 1052 hic
1959 1020 2018 1051 est
2065 1011 2139 1065 qui

177 1093 418 1148 imperativi
451 1092 566 1132 modi
595 1092 786 1147 regulam
815 1092 858 1133 in
883 1092 1207 1147 productionem
1234 1094 1382 1143 vertit,
1422 1102 1461 1134 et
1490 1093 1533 1133 in
1568 1092 1762 1134 absoluta
1791 1092 1930 1148 specie
1963 1091 2140 1131 assumit

179 1171 221 1212 vi
255 1172 464 1226 syllabam
504 1181 544 1212 et
581 1172 622 1212 in
665 1181 811 1213 exacta
857 1187 1029 1223 veram,
1088 1183 1135 1214 ut
1167 1173 1294 1228 cupio
1333 1173 1476 1228 cupivi
1519 1172 1779 1227 cupiveram.
1838 1170 1954 1210 Haec
1987 1169 2139 1209 eadem

179 1261 322 1293 tamen
356 1253 570 1294 interdum
612 1253 778 1294 sublata
810 1254 850 1295 V
876 1254 997 1295 litera
1026 1255 1069 1294 in
1102 1253 1291 1295 absoluta
1331 1253 1469 1309 specie
1514 1261 1553 1293 et
1590 1251 1800 1306 geminata
1829 1249 1870 1301 I,
1915 1250 1957 1290 in
1995 1258 2140 1290 exacta

181 1347 283 1373 vero
315 1342 507 1388 correpte
538 1334 687 1374 eadem
720 1336 1050 1389 pronunciatur,
1096 1343 1144 1374 ut
1184 1333 1297 1388 cupii
1335 1333 1569 1387 cupieram.
1628 1329 1849 1372 Secundus
1880 1328 2035 1370 modus
2068 1338 2139 1379 est,

180 1413 256 1468 qui
289 1412 452 1467 primae
492 1413 704 1467 positionis
750 1413 884 1454 verbo
916 1414 955 1454 O
987 1413 1153 1454 literam
1185 1412 1376 1468 deponit,
1417 1420 1457 1451 et
1490 1419 1768 1465 praeeuntem
1799 1408 2032 1462 syllabam,
2063 1421 2139 1448 seu

179 1502 341 1534 mutata
377 1492 512 1533 vocali
539 1506 614 1532 seu
638 1502 958 1547 perseverante,
998 1491 1219 1548 producit,
1266 1501 1313 1533 ut
1345 1492 1453 1532 facio
1487 1491 1589 1542 feci,
1619 1490 1736 1545 fugio
1767 1489 1879 1544 fugi,
1917 1490 1961 1529 in
1991 1498 2139 1530 exacta

178 1590 281 1616 vero
309 1574 447 1630 specie
477 1572 497 1613 I
531 1571 720 1627 deposita
747 1581 786 1613 et
815 1573 859 1613 in
888 1573 926 1614 E
957 1581 1120 1612 mutata
1151 1586 1247 1612 ram
1281 1570 1447 1625 syllaba
1477 1570 1674 1620 assumit,
1720 1579 1767 1609 ut
1810 1568 2018 1621 feceram,
2068 1571 2138 1611 fu-

176 1670 336 1713 geram.
393 1654 566 1695 Tertius
601 1652 755 1694 modus
788 1663 868 1704 est,
910 1667 1052 1709 quum
1083 1652 1103 1693 I
1134 1663 1175 1695 et
1207 1654 1245 1696 O
1287 1653 1329 1693 in
1360 1652 1403 1694 V
1434 1663 1474 1693 et
1506 1652 1526 1693 I
1558 1660 1886 1701 convertuntur,
1942 1659 1988 1691 ut
2019 1651 2137 1690 elicio

177 1737 301 1779 elicui
340 1735 582 1777 elicueram.
645 1734 836 1784 Quartus
877 1732 1073 1788 depositis
1126 1734 1166 1775 io
1210 1734 1340 1775 literis
1379 1743 1418 1774 et
1458 1742 1690 1789 praeeunte
1722 1741 1975 1774 consonante
2006 1747 2082 1787 per
2110 1732 2136 1772 S

177 1819 396 1874 geminum
419 1818 684 1867 enunciatur,
715 1826 762 1857 ut
790 1815 980 1872 percutio
1004 1816 1191 1870 percussi
1221 1829 1530 1871 percusseram.
1563 1813 1763 1865 Quintus,
1799 1813 1873 1868 qui
1897 1827 1973 1868 per
2000 1812 2060 1863 X,
2092 1821 2137 1852 ut

178 1899 332 1954 aspicio
358 1899 501 1954 aspexi
527 1912 790 1952 aspexeram.
827 1898 994 1947 Sextus,
1025 1899 1100 1952 qui
1123 1910 1200 1952 per
1223 1893 1549 1951 geminationem
1573 1892 1763 1948 syllabae
1789 1892 2055 1943 enunciatur,
2088 1901 2135 1932 ut

177 1978 296 2033 pario
322 1978 468 2033 peperi
496 1992 761 2033 pepereram.
802 1977 974 2017 Tertiae
1005 1974 1307 2031 conjugationis
1339 1983 1557 2028 correptae
1582 1972 1736 2023 verba,
1770 1987 1881 2027 quae
1912 1971 2138 2013 indicativo

177 2059 305 2101 modo
336 2068 529 2114 tempore
563 2058 773 2114 praesenti
812 2072 994 2113 persona
1032 2057 1174 2113 prima
1203 2056 1245 2097 V
1278 2065 1318 2096 et
1351 2055 1390 2096 O
1422 2054 1550 2095 literis
1588 2054 1892 2104 terminantur,
1930 2068 1980 2095 ea
2010 2068 2134 2109 prae—

177 2141 295 2182 terito
323 2149 363 2181 et
395 2139 586 2181 absoluto
619 2148 658 2180 et
690 2148 836 2180 exacto
868 2137 1038 2179 duobus
1068 2136 1204 2178 modis
1235 2135 1530 2177 enuncientur.
1592 2134 1646 2176 Et
1679 2143 1740 2175 est
1769 2134 1957 2190 primus,
1993 2148 2133 2189 quum

178 2221 342 2277 primae
366 2220 580 2277 positionis
606 2218 740 2260 verba
764 2219 803 2259 Ο
828 2219 870 2259 in
896 2218 916 2259 I
942 2225 1220 2268 commutant,
1249 2224 1297 2257 ut
1323 2214 1454 2256 induo
1480 2213 1601 2256 indui
1625 2213 1876 2265 indueram3
1907 2212 2132 2261 secundus,

254 2334 310 2361 aut
331 2327 368 2373 Ι]
393 2328 423 2359 Ε
451 2326 699 2359 Darmstattensi
733 2327 843 2359 codiee
868 2326 991 2358 literam
1014 2326 1031 2358 1
1054 2337 1128 2370 sup·
1178 2334 1311 2368 prorsus
1337 2322 1539 2363 omittuntur,
1566 2327 1678 2366 estque
1703 2320 1869 2366 probabile
1893 2331 1910 2352 e
1934 2318 2033 2352 literIS
2052 2318 2080 2348 h.
2104 2329 2130 2349 e.

179 2389 279 2437 plevi,
305 2402 444 2434 moxque
470 2390 583 2434 scripsi
599 2391 633 2424 V
653 2402 712 2434 pro
730 2403 772 2423 uo
790 2390 824 2422 in
845 2389 956 2431 editis3
982 2394 1015 2422 et
1031 2388 1127 2434 paulo
1179 2388 1254 2432 (hoc
1277 2385 1339 2429 est)
1364 2386 1446 2417 male
1469 2386 1640 2418 intellectis
1666 2390 1736 2417 orta
1759 2395 1841 2416 esse.

180 2457 254 2496 post
275 2451 380 2482 addidi
410 2452 475 2482 alia
497 2456 572 2493 post
597 2452 696 2483 malla.
1258 2448 1293 2478 V
1309 2453 1340 2479 et
1362 2447 1391 2480 0
1416 2445 1529 2492 literis]
1555 2447 1606 2478 Ita
1628 2446 1730 2478 codex
1751 2443 1855 2477 Grotii
1876 2440 2013 2482 rectius,
2037 2452 2131 2485 quam

253 2513 304 2545 hic
327 2510 394 2557 est]
421 2512 511 2544 llaec
544 2511 640 2545 verba
667 2512 700 2545 in
728 2513 836 2547 codice
862 2511 1048 2547 Monacensi
1071 2510 1128 2555 (C)
1188 2509 1236 2543 »0
1256 2510 1367 2542 literaa
1393 2508 1426 2541 in
1452 2508 1546 2541 editis
1573 2508 1706 2552 aliisque
1733 2502 1966 2547 manuscriptis.

2168 1968 2254 2012 518
