2310 2860
2067 154 2097 184 V

145 258 193 290 ut
220 250 383 292 interna
414 264 589 306 quoque
624 250 916 291 commentarii
955 249 1114 291 indoles
1153 263 1304 291 eorum
1344 252 1609 306 potissimum
1650 255 1866 309 ingenium
1902 257 2097 308 referret,

146 328 260 369 undo
285 330 506 370 materiam
532 330 649 384 operi
676 330 874 384 petiisset3
907 343 1014 383 quos
1035 331 1107 371 etsi
1134 330 1309 371 minime
1333 334 1660 375 contemnendos
1687 347 1877 378 auctores
1898 337 2096 391 dixerim,

145 406 271 449 hodie
301 419 441 450 tamen
474 410 569 450 satis
601 419 756 451 constat
787 418 826 449 et
856 409 896 448 in
927 409 1047 451 docta
1079 410 1290 465 farragine
1321 414 1612 456 coacervanda
1643 415 1759 458 haud
1787 433 1884 459 raro
1916 419 2097 461 modum

144 491 389 540 excessisse,
431 500 470 531 et
499 506 589 532 rem
623 491 807 532 criticam
840 505 923 530 non
951 501 1066 532 tanta.
1095 506 1192 532 cum
1221 506 1324 533 cura
1356 502 1394 532 et
1423 493 1633 548 diligentia
1666 509 1826 551 quanta
1857 514 1972 540 nunc
2004 500 2097 542 fieri

143 571 274 612 soleat
302 572 521 624 factitasse,
545 583 582 613 et
605 572 644 611 in
672 571 1032 627 reprehendendis
1066 573 1246 613 aliorum
1275 574 1469 613 sententis
1489 574 1598 627 justo
1624 576 1835 618 interdum
1859 581 2095 622 acerbiores

143 651 291 702 fuisse,
336 668 476 707 neque
519 651 685 691 efficere
730 651 872 705 potui,
918 660 965 691 ut
994 651 1152 705 Koppii
1195 652 1404 691 annotatio
1436 652 1500 692 his
1531 656 1676 695 naevis
1707 659 1878 697 omnino
1910 668 2094 712 careret3

141 733 335 774 nonnihil
366 731 539 786 quidem
575 731 737 771 resecui
769 731 837 771 vel
870 732 1083 782 contraxi,
1125 732 1199 772 ubi
1240 741 1405 786 praeter
1443 735 1729 776 necessitatem
1762 738 1838 776 sibi
1870 738 2093 780 indulsisse

141 813 380 862 videretur,
410 812 482 852 scd
514 812 657 852 onmia
687 812 944 865 nequibam,
976 813 1079 866 quin
1113 813 1226 853 color
1253 813 1460 867 ingenuus
1486 815 1654 869 virique
1684 817 1899 870 ingenium
1927 820 2093 873 periret.

139 893 239 933 Una
266 902 430 933 tantum
461 892 503 932 in
535 907 581 932 re
612 902 651 932 et
679 892 789 946 ipsos
820 893 911 933 illos
944 893 1124 933 Batavos
1155 893 1362 934 acerrime
1396 895 1735 949 reprehendebat
1767 899 1819 937 ab
1853 914 2092 955 eorumque

140 972 455 1013 auctoritatibus
487 981 526 1012 et
557 973 762 1027 exemplis
796 973 1036 1027 longissime
1069 973 1272 1023 discessit,
1323 974 1396 1014 sed
1429 984 1474 1014 ut
1503 975 1631 1016 simul
1663 977 1786 1018 etiam
1821 993 1967 1018 omnes
2000 980 2096 1034 phi-

135 1052 313 1107 lologiae
343 1054 524 1094 rationes
555 1068 712 1107 susque
743 1053 884 1108 deque
916 1054 1110 1103 haberet,
1142 1055 1182 1093 in
1215 1054 1392 1095 lectione
1422 1057 1599 1111 inquam
1630 1059 1935 1100 conformanda
1967 1070 2094 1115 atque

134 1133 424 1188 dijudicanda,
458 1149 544 1189 quo
571 1135 612 1174 in
642 1135 806 1189 negotio
829 1135 884 1175 ita
914 1135 1174 1190 plerumque
1202 1146 1392 1176 versatus
1424 1146 1503 1185 est,
1535 1147 1581 1177 ut
1609 1137 1929 1193 diplomaticum
1957 1140 2095 1194 potius

135 1228 266 1268 quam
306 1216 498 1255 criticum
542 1230 781 1270 cognoscas.
845 1216 898 1256 Et
935 1217 1127 1270 primum
1172 1216 1346 1270 quidem
1386 1218 1635 1269 conjecturis
1668 1219 1727 1258 uti
1763 1219 2091 1273 pertinacissime

136 1297 363 1336 renuebat:
404 1311 511 1350 quas
550 1297 646 1337 licet
684 1298 772 1351 ipse
804 1312 857 1337 ex
890 1297 1117 1337 beatissimi
1157 1297 1310 1351 ingenii
1348 1298 1461 1338 fonte
1492 1297 1704 1339 interdum
1737 1300 2093 1355 praeclarissimas

134 1375 350 1426 funderet,
397 1386 539 1416 tamen
586 1378 859 1418 Barthiorum
903 1388 942 1418 et
978 1378 1253 1418 Hcinsiorum
1286 1378 1466 1433 vestIgiis
1504 1378 1727 1419 deterritus
1768 1395 1870 1420 cane
1902 1381 2022 1435 pejus
2054 1390 2094 1420 et

134 1467 271 1508 angue
304 1454 538 1502 metuebat,
584 1467 632 1492 ac
671 1470 723 1492 ne
764 1456 1101 1496 manifestissima
1142 1457 1318 1510 quidem
1358 1459 1544 1498 lectionis
1589 1460 1745 1500 menda
1784 1461 1872 1501 sinc
1916 1471 2089 1502 externa

135 1535 379 1575 auctoritate
411 1533 620 1587 corrigere
653 1533 857 1584 audebat·⁷
906 1535 1023 1588 quod
1055 1545 1102 1574 ut
1132 1536 1173 1575 in
1214 1536 1409 1589 plurimis
1441 1536 1528 1574 aliis
1559 1538 1854 1590 scriptoribus,
1899 1554 2090 1593 quorum

133 1616 284 1658 melior
314 1615 484 1655 fortuna
514 1613 615 1663 fuit,
668 1614 840 1654 omnino
871 1614 1144 1668 probandum
1177 1615 1306 1666 foret,
1357 1615 1413 1655 ita
1449 1615 1492 1654 in
1523 1615 1754 1666 Martiano,
1802 1632 1930 1671 quem
1963 1619 2092 1661 innu-

133 1697 405 1739 merabilium
444 1695 719 1736 librariorum
758 1695 918 1735 inscitia
950 1695 1318 1750 corruptissimum
1352 1693 1405 1734 ad
1439 1709 1514 1734 nos
1546 1696 1788 1749 pervenisse
1820 1707 1997 1749 constat,
2033 1700 2090 1740 sic

134 1788 245 1819 certe
275 1776 604 1832 temperandum
637 1785 748 1825 erat,
780 1785 827 1815 ut
857 1776 930 1815 etsi
961 1776 1246 1826 conjecturas,
1280 1789 1392 1828 quae
1414 1774 1612 1829 opinione
1643 1784 1807 1816 tantum
1839 1778 2088 1830 niterentur,

132 1867 363 1913 respueret,
393 1856 672 1897 correctiones
692 1865 849 1906 tamen,
884 1870 995 1909 quae
1012 1856 1101 1906 ipso
1122 1856 1350 1896 sententiae
1370 1865 1514 1896 tenore
1534 1857 1698 1897 interna
1721 1872 1820 1898 cum
1842 1861 2084 1901 necessitate

134 1939 513 1987 confirmarentur,
565 1936 754 1990 recipere
792 1951 846 1976 ne
880 1935 1115 1994 dubitaret..
1163 1937 1277 1977 Nam
1315 1936 1349 1975 si
1382 1950 1469 1990 qua
1506 1936 1627 1976 lectio
1669 1952 1720 1978 ex
1756 1939 2084 1996 orthographiae

132 2029 296 2061 tantum
339 2016 705 2073 pronunciandive
743 2015 984 2057 diversitate
1006 2024 1110 2058 ,orta
1150 2015 1368 2057 videretur
1398 2017 1466 2057 vel
1507 2017 1677 2057 aliunde
1709 2019 1967 2060 extrinsecus
1998 2021 2088 2062 sive

133 2118 185 2145 ex
215 2103 305 2156 ipso
335 2099 537 2154 scriptore
561 2098 649 2138 sive
673 2112 725 2138 ex
755 2097 900 2151 aliquo
931 2095 1065 2146 fonte,
1104 2111 1233 2151 quem
1267 2097 1336 2137 ille
1368 2105 1462 2137 ante
1493 2096 1637 2136 oculos
1665 2096 1900 2149 habuisset,
1931 2101 2086 2155 corrigi

131 2191 290 2239 posset,
339 2181 428 2236 ipse
459 2178 654 2234 Koppius
688 2178 776 2217 sine
815 2177 904 2218 ulla
939 2175 1210 2216 haesitatione
1246 2175 1520 2226 emendabat,
1567 2190 1654 2230 qua
1694 2176 1784 2231 ipsa
1814 2177 1856 2217 in
1889 2193 1936 2219 re
1967 2179 2084 2220 haud

131 2262 215 2303 scio
247 2276 299 2302 an
331 2259 545 2300 interdum
577 2257 780 2298 audacius
809 2266 1019 2311 grassatus
1043 2255 1170 2296 fuerit
1200 2257 1518 2311 correxeritque
1550 2271 1663 2312 quae
1693 2273 1776 2297 non
1807 2258 2083 2299 librariorum

132 2342 203 2383 sed
223 2342 353 2396 ipsius
377 2339 575 2380 Martiani
605 2348 776 2394 peccata
808 2348 963 2390 essent3
997 2338 1097 2379 alias
1129 2347 1274 2379 contra
1304 2338 1580 2389 mutationes,
1609 2338 1705 2378 licet
1735 2353 1884 2380 sensus
1915 2340 2091 2380 eviden-

133 2421 287 2462 tissime
317 2421 543 2475 flagitaret,
581 2419 730 2460 acriter
760 2419 1003 2470 recusabat,
1053 2419 1131 2459 nisi
1169 2420 1212 2460 in
1244 2435 1330 2462 uno
1362 2421 1507 2476 aliquo
1538 2420 1683 2462 codice
1712 2431 1874 2462 exstare
1903 2422 2084 2475 vidisset,

133 2514 258 2555 saepe
292 2500 524 2557 philologos
554 2501 799 2556 increpans,
848 2499 924 2555 qui
955 2508 1117 2542 veteres
1149 2502 1372 2557 scriptores
1402 2517 1481 2558 pro
1512 2502 1685 2545 arbitrio
1715 2501 1970 2557 refingerent
2006 2518 2085 2543 nec
