2310 2860
192 157 222 196 4
795 149 993 192 Martiani
1030 147 1228 205 Capellae
1267 148 1338 189 lib.
1364 147 1396 189 Ι.
1435 150 1465 200 §.
1494 150 1530 189 1.

589 260 724 300 Sexus
756 258 1007 307 concilians,
1056 265 1096 296 et
1124 254 1204 295 sub
1235 269 1381 295 amore
1411 254 1561 295 fidem:

472 340 510 381 O
542 339 791 394 Hymenaee
823 339 995 390 decens,
1035 335 1233 391 Cypridis
1265 336 1341 390 qui
1371 337 1562 377 maxima
1593 351 1697 378 cura
1727 352 1788 378 es:

269 445 380 491 sexus]
415 445 482 489 Qui
500 444 710 477 Aristotelem
731 445 785 489 (de
810 446 928 477 mundo
952 445 988 489 5)
1020 445 1144 486 legerit,

195 522 260 543 non
287 509 442 541 dubitabit
461 510 545 540 hunc
572 514 643 540 ante
663 509 774 541 oculos
795 510 894 540 fuisse
918 514 1048 540 nostro:
1066 509 1145 539 adeo

195 572 339 613 congruit
360 583 430 603 cum
446 583 495 610 eo,
523 570 573 601 vel
591 570 623 602 in
649 572 710 602 hoc
726 571 796 614 ipso
818 570 965 611 eligendo
989 569 1144 613 exemplo.

270 631 457 677 concilians]
488 631 622 664 Grotius
646 632 773 675 quidem
789 633 958 672 concilias,
983 632 1039 663 sed
1054 631 1144 670 illud,

195 697 281 740 quod
299 696 414 739 recepi,
439 702 566 740 praeter
584 696 709 727 Barthii
730 695 812 740 (adv.
828 709 858 739 p.
877 696 964 739 961)
986 701 1018 727 01
1032 693 1144 727 vossii

193 759 321 803 (Arntz.
348 759 435 791 mise.
451 772 482 803 p.
500 760 584 803 197)
608 760 751 799 codices,
774 759 1047 801 Cantabrigiensis
1067 770 1144 802 quo-

195 834 274 865 que,
313 821 536 860 Britannicus,
572 821 791 861 Basilecnsis,
819 826 851 851 et
882 821 937 864 qui
961 821 1000 852 ad
1018 820 1143 852 Norim·

194 884 358 926 bergensis
380 885 453 915 libri
485 884 657 925 marginem
676 884 776 915 notati
799 890 891 923 sunt,
919 885 1045 915 habent.

266 946 386 992 arnon-e]
413 948 464 979 De
482 946 621 987 Amore,
654 948 713 978 deo
738 947 874 977 maximo
897 945 991 992 (cons.
1005 947 1144 990 Oppian.

194 1010 233 1042 (10
248 1017 351 1042 venat.
370 1012 404 1048 2,
430 1011 474 1041 41
485 1013 515 1047 1,
544 1015 575 1041 et
590 1010 732 1051 Ilugium
750 1011 782 1042 in
796 1011 876 1041 libro
893 1011 1064 1042 vernaculo
1081 1022 1145 1041 ser-

192 1083 286 1103 mone
315 1072 432 1114 scripto
479 1071 536 1102 »de
569 1073 696 1114 mytho«
736 1085 766 1115 p.
794 1074 873 1103 190.
908 1073 1011 1115 191),
1050 1084 1145 1114 quem

193 1129 472 1167 δυνατώτατον
488 1138 519 1163 et
533 1131 715 1177 μέγιστον
727 1138 840 1175 poc-tue
857 1134 1018 1176 appellant
1030 1132 1146 1164 Graeci

194 1193 395 1240 (Athenaeus
432 1194 492 1233 12,
529 1206 559 1236 p.
588 1194 670 1224 599.
699 1195 772 1225 600
791 1194 943 1237 Casaub.)
972 1200 1146 1237 nosterque

193 1256 332 1301 (§.725>
361 1269 512 1300 »puerum
535 1258 701 1296 liei-ilem«,
732 1257 879 1300 equidem
903 1258 964 1289 alio
988 1258 1059 1289 loco
1077 1257 1145 1301 (pa-

190 1320 308 1361 laeogr.
335 1320 402 1351 crit.
423 1319 473 1350 111
502 1318 529 1363 ξ.
547 1320 630 1363 150)
647 1319 792 1351 disserui.
833 1320 895 1353 Cui
922 1333 1020 1364 quum
1035 1320 1145 1353 Chaos

193 1382 268 1413 olim
292 1381 520 1423 adjungeretur
554 1380 594 1423 (v.
618 1381 814 1426 superiorem
851 1382 941 1425 not.),
971 1382 1141 1414 verisimile

192 1451 257 1485 cst,
289 1445 328 1476 ab
349 1444 568 1487 antiquissimo
584 1444 651 1485 jam
671 1449 814 1487 tempore
832 1445 1023 1488 adscriptam
1041 1446 1141 1476 fuisse

191 1512 383 1550 potestatem
403 1506 559 1536 elementa
580 1504 716 1545 ligandi,
744 1510 775 1535 ct
796 1501 932 1548 γάμων
956 1503 1139 1548 θεσμοὺς,

192 1569 273 1601 sicut
290 1581 330 1600 ex
359 1568 505 1599 Hesiodo
533 1568 651 1611 (theog.
677 1567 761 1610 125)
790 1568 876 1598 addit
902 1568 1071 1611 Oppianus
1094 1569 1140 1611 (in

191 1631 320 1662 halieut.
336 1631 380 1668 4,
402 1630 473 1672 25).
500 1630 679 1660 Memoratu
704 1628 833 1668 dignum
853 1634 920 1668 cst,
947 1629 1061 1660 similia
1079 1629 1141 1660 Or-

191 1695 308 1737 pheum
336 1692 505 1731 docuisse,
539 1692 618 1722 adeo
646 1696 681 1721 ut
709 1696 818 1721 noster
838 1704 909 1722 eum
931 1698 1003 1723 ante
1032 1693 1142 1724 oculos

191 1755 340 1786 habuisse
365 1754 517 1785 videatur.
557 1752 703 1796 Namque
734 1752 772 1783 ab
795 1752 886 1784 initio
908 1753 1142 1795 Argonautico-

191 1830 261 1849 rmn
282 1817 357 1861 (12)
381 1817 434 1847 illc
459 1817 573 1847 habet:

237 1876 418 1925 Ἀρχαίου
449 1875 520 1921 μὲν
542 1875 678 1922 πρῶτα
702 1873 899 1911 ΧᾸΟῩΣ
924 1874 1144 1923 ἀμέγαρτον

392 1934 565 1983 ἀνάγκην

242 2001 318 2037 Hal
342 1998 585 2043 XPO'NON,
615 1995 658 2038 ὃς
682 1997 894 2045 ἐλόχα-σευ
918 1997 1141 2048 ἀπειρεσίοι-

389 2065 449 2096 σιν
469 2057 532 2109 ὑφ’
552 2058 682 2100 ὁλκοῖς

240 2122 401 2168 Αἰθέρα,
423 2120 485 2155 καὶ
504 2121 625 2168 διφυῆ
645 2121 843 2167 περιωπὲα
863 2120 1141 2170 κυὸρὸνἘΡΩ-

390 2183 455 2217 TA
467 2211 477 2225 ,
507 2189 565 2214 cet.

193 2247 288 2282 Adde
303 2246 438 2278 eundem
453 2246 562 2276 eadem
574 2252 771 2289 repetentem
786 2249 881 2291 paulo
891 2249 1022 2280 inferius
1031 2249 1140 2293 (419).

264 2306 372 2352 fidem]
399 2306 559 2347 Ambigua
592 2313 641 2338 cst
669 2309 835 2340 sententia.
883 2309 1023 2351 Intelligi
1058 2311 1141 2342 enim

196 2375 302 2413 potest
327 2369 565 2411 »Hymenaeum
578 2380 636 2410 per
650 2369 775 2412 nuptias
793 2371 885 2401 tidem
901 2371 1016 2402 addere
1033 2373 1141 2414 conju-

1074 2433 1142 2465 Alii

198 2494 301 2525 locum
325 2494 432 2523 forsan
451 2491 619 2522 maluerint
650 2493 807 2535 explicare
837 2495 1013 2527 »inferioris
1033 2497 1141 2528 condi-

198 2431 334 2470 galpmuz
365 2431 424 2461 snb
459 2428 541 2459 enim
574 2440 668 2472 saepe
694 2442 751 2472 pro
781 2432 815 2462 in
842 2439 1021 2476 usurpatur.

198 2556 293 2588 tionis
319 2556 411 2587 tidem
435 2567 506 2587 esse
534 2567 627 2599 quam
646 2567 783 2587 amorem
792 2571 802 2583 u
817 2580 825 2595 ,
858 2558 975 2603 quippe
996 2560 1050 2603 qui
1068 2566 1140 2591 ante

1197 445 1301 476 omnia
1329 445 1494 477 exstiterit.
1520 445 1568 476 Ita
1593 444 1676 476 enim
1693 451 1725 476 ct
1742 444 1877 477 Ovidius
1888 445 1966 487 (her.
1986 444 2019 483 4,
2040 442 2139 486 lssl):

1203 508 1380 538 »Nobilitas
1396 509 1453 539 sub
1468 519 1574 538 αηιονε
1590 507 1695 550 jacet«
1723 506 1818 549 (conf.
1834 506 1992 550 palaeogr.
2010 504 2076 536 crit.
2090 503 2141 536 111

1195 568 1223 612 ἓ.
1237 569 1330 613 150).
1356 569 1585 601 Verumtamen
1600 573 1701 598 totum
1716 566 1822 599 locum
1838 568 1951 598 iterum
1966 564 2141 598 conferenti

1196 633 1272 664 mihi
1288 632 1431 672 videtur,
1457 645 1474 663 a
1493 637 1604 663 nostro
1622 630 1777 662 Amorem
1798 630 1919 661 socium
1936 630 2004 661 dari
2020 630 2140 672 Hyme-

1195 706 1275 726 naeo
1304 695 1336 725 in
1360 693 1566 726 conciliandis
1592 692 1758 724 elementis
1784 703 1893 723 5001101
1917 690 2141 735 pugnantibus.

1195 757 1244 788 Ita
1272 756 1355 787 enim
1377 756 1614 800 Quinctilianus
1637 754 1683 799 (in
1708 753 1838 785 declam.
1866 753 1922 785 14.
1940 765 1971 796 p.
1991 753 2070 784 159.
2093 751 2142 783 ed.

1197 819 1322 864 Oxon.)
1354 819 1508 851 Amorem
1530 819 1690 863 depinxit,
1730 817 1841 861 »quasi
1856 828 1914 861 per
1938 828 2012 847 eum
2038 826 2144 846 rerum

1196 887 1327 913 naturae
1355 893 1444 913 saera
1467 881 1639 925 primordia
1667 880 1829 922 totiusque
1857 878 1967 909 mundi
1989 877 2145 909 elementa

1197 943 1370 983 creverint,
1403 943 1457 986 qui
1483 947 1590 973 teneat
1610 953 1694 972 01100
1721 941 1860 983 figatque
1886 939 2023 970 rixantia
2045 944 2078 970 et
2104 937 2144 968 de

1197 1005 1364 1036 contrariis
1390 1003 1671 1047 pugnantibusque
1697 1001 1870 1033 seminibus
1895 1001 2011 1033 molem
2031 1011 2144 1044 perpe-

1693 1063 1792 1106 Quod
1817 1063 2037 1106 Quinctiliano
2075 1072 2145 1093 »90-

1195 1130 1292 1161 010105
1317 1133 1507 1172 perpetua«,
1530 1129 1591 1158 hoe
1607 1132 1717 1157 nostro
1745 1127 1862 1157 »fides«
1890 1131 1948 1157 est.

1197 1073 1269 1097 tuae
1292 1065 1453 1096 societatis
1473 1064 1626 1096 animarit.
1636 1078 1646 1090 «

1271 1190 1399 1235 decens]
1426 1190 1564 1223 Veneris
1582 1195 1677 1233 atque
1695 1188 1876 1221 Gratiarum
1898 1188 2062 1231 epitheton
2075 1187 2143 1231 Hy—

1196 1266 1328 1286 menaeo
1349 1254 1531 1286 Gratiarum
1557 1253 1794 1294 consanguineo
1824 1252 2023 1292 attribuitur,
2057 1250 2145 1294 quod

1194 1318 1281 1348 illam
1299 1317 1429 1359 gratiam
1451 1316 1697 1360 pulcritudinem
1719 1328 1785 1347 non
1804 1327 1968 1358 nunquam
1993 1313 2145 1346 comitan-

1194 1387 1258 1412 tem
1284 1381 1377 1424 eiquc
1404 1381 1646 1419 adhaerentem,
1674 1390 1755 1422 quae
1780 1378 1904 1409 facilius
1930 1378 2078 1409 sensibus
2099 1382 2144 1408 at-

1193 1454 1254 1485 11110
1276 1442 1380 1472 animo
1406 1441 1596 1484 percipitur,
1633 1452 1727 1484 quam
1747 1439 1852 1471 verbis
1875 1439 2008 1483 exprimi
2030 1439 2144 1483 possit,

1192 1506 1346 1547 designat.
1372 1505 1486 1536 Horat.
1505 1505 1555 1547 (L.
1575 1506 1604 1535 1.
1620 1504 1670 1535 od.
1693 1505 1749 1542 18,
1781 1504 1804 1535 G
1828 1503 1911 1543 etl,
1942 1503 1977 1543 4,
2003 1502 2056 1547 9)ε
2078 1508 2143 1535 nte·

1193 1579 1254 1609 que
1279 1567 1395 1597 decens
1415 1565 1547 1597 Venus«
1571 1581 1618 1588 ——
1638 1563 1787 1595 »Gratiae
1814 1564 1993 1596 decentes«
2039 1564 2142 1596 Gonz.

1196 1647 1240 1655 —
1259 1628 1327 1661 Sed
1350 1634 1462 1660 noster
1481 1628 1562 1659 infra
1586 1639 1651 1658 non
1667 1627 1829 1659 Venerem
1849 1634 1972 1659 tantum
1999 1627 2040 1672 (§.
2055 1628 2142 1671 905)

1196 1692 1251 1723 5011
1269 1698 1300 1723 et
1313 1692 1442 1723 Floram
1460 1690 1501 1734 (ἓ.
1513 1690 1620 1734 888),
1649 1696 1681 1722 ct
1703 1691 1873 1722 »scientiae
1890 1692 2046 1732 fontem«,
2066 1691 2144 1735 quin

1195 1753 1394 1785 Claudianus
1425 1753 1519 1783 etiam
1550 1751 1651 1795 (cons,
1681 1753 1704 1783 6
1730 1752 1854 1784 Honor.
1877 1752 1964 1797 557)
1994 1759 2136 1784 »aerem-

1195 1816 1359 1847 decentem
1386 1814 1543 1858 appellat,
1576 1813 1619 1844 ita
1645 1818 1680 1844 ut
1700 1814 1851 1856 restringi
1874 1814 1928 1846 vix
1953 1814 2057 1858 possit
2081 1815 2143 1847 hoc

1195 1879 1358 1923 epitheton
1383 1878 1422 1909 ad
1442 1889 1540 1908 11011111
1561 1877 1744 1908 alterumve.

1268 1941 1416 1983 Cypridis
1434 1941 1491 1986 qui
1509 1941 1651 1970 maxima
1669 1951 1747 1970 cura
1765 1937 1812 1983 es]
1838 1939 1920 1970 Nam
1944 1945 2027 1971 teste
2044 1939 2141 1972 Clau-

1194 2004 1287 2036 diano
1310 2004 1367 2047 (51
1380 2025 1389 2043 ,
1417 2002 1495 2046 51)=
1521 2002 1636 2033 »Hunc
1658 2013 1748 2033 musa
1769 2002 1911 2043 genitum
1929 2003 2007 2044 legit
2024 2003 2141 2046 Cythe-

1193 2078 1246 2097 rea
1263 2065 1439 2107 duccmque
1455 2063 1648 2106 Praeposuit
1668 2063 1833 2094 thalamis«
1852 2063 2012 2096 GnoT.--
2026 2064 2139 2095 Ilm-at.

1193 2128 1230 2159 L.
1249 2128 1278 2158 1.
1299 2126 1350 2158 od.
1376 2125 1438 2156 14:
1468 2136 1625 2167 nem-aque
1647 2136 1711 2155 non
1732 2124 1840 2156 levis«
1868 2125 1911 2156 Et
1925 2124 2072 2157 Catullus
2094 2124 2140 2168 (in

1193 2193 1281 2234 nupt.
1303 2186 1370 2219 Jul.
1390 2191 1422 2216 et
1441 2185 1553 2216 Manlii
1574 2187 1618 2216 (31
1648 2185 1745 2228 seq.):

1339 2250 1398 2282 Nl
1416 2254 1518 2292 potest
1538 2251 1608 2280 sine
1627 2254 1657 2279 te
1684 2249 1815 2286 Venus,

1339 2311 1443 2343 Fama
1467 2310 1552 2356 qnod
1574 2310 1655 2340 bona
1682 2310 1877 2352 comprobet,

1343 2374 1507 2407 Commodi
1536 2385 1647 2415 capere
1655 2386 1667 2411 ,-
1704 2378 1737 2403 al
1760 2378 1864 2415 potest

1346 2437 1390 2467 Te
1422 2435 1566 2465 volente.-
1592 2435 1664 2481 quis
1698 2434 1772 2465 111(ἰο
1802 2433 1859 2465 deo

1345 2497 1569 2539 Compararier
1593 2495 1701 2526 ausit?
1717 2513 1766 2519 -

1195 2559 1294 2591 Gon-:z-
1318 2575 1362 2584 —
1382 2557 1451 2590 Sed
1471 2557 1566 2589 verba
1585 2555 1762 2600 composuit
1784 2561 1893 2586 noster
1914 2555 1952 2587 ad
1973 2555 2050 2587 illud
2067 2555 2138 2587 Vir-
