2310 2860
739 119 938 163 Martiani
976 120 1175 178 Capellae
1212 121 1285 164 lib.
1307 121 1339 164 Ι.
1384 125 1413 175 §.
1436 123 1507 166 50.
2036 131 2092 172 97

142 226 251 278 filia,
304 242 356 268 ex
402 236 519 269 sexta
557 227 791 284 poscimini.
872 229 988 270 Nam
1034 229 1170 281 Mars,
1224 230 1432 280 Quirinus
1473 241 1512 272 et
1556 233 1716 274 Genius
1757 236 1952 290 superius
1992 247 2090 279 sunt

143 309 352 365 postulati.
396 309 478 350 Sed
503 310 629 351 etiam
655 310 785 351 Liber
813 324 859 351 ac
881 309 1159 351 Secundanus
1184 310 1302 350 Pales
1334 321 1541 352 vocantur
1572 328 1624 352 ex
1648 315 1836 367 septima.
1866 316 2086 358 Fraudem
2116 317 2170 356 51

141 402 318 444 quoque
350 403 401 429 ex
434 388 584 430 eadem
616 399 709 445 post
737 390 908 445 longam
939 389 1288 431 deliberationem
1326 389 1484 445 placuit
1524 390 1738 443 adhiberi,
1784 393 1901 449 quod.
1932 394 2083 435 erebro

137 466 216 522 ipsi
247 466 440 522 Cyllenio
472 468 600 509 suerit
630 470 842 510 obsecuta.
901 470 1065 511 Octava
1105 484 1208 510 vero
1238 471 1564 522 transcurritur,
1602 473 1805 526 quoniam
1848 490 1901 516 ex
1932 475 2082 518 eadem
2113 475 2172 518 52

138 548 276 588 cuncti
306 553 504 603 superius
535 550 762 605 corrogafi,
801 550 1004 605 solusque
1044 566 1096 591 ex
1133 551 1205 592 illa
1243 551 1368 592 Veris
1406 551 1569 594 fruetus
1611 553 1847 596 adhibetur.
1905 555 2082 599 sunonis
2112 557 2172 600 55

136 671 241 699 tamen
260 672 292 699 te
315 679 511 712 eon-sequar«
537 669 669 714 (Ilygin.
691 669 754 701 fab.
771 669 875 711 205);
902 674 1013 700 noster
1032 680 1084 699 au-

133 734 199 762 tem
224 730 308 763 insra
334 731 376 775 (§.
403 732 626 776 76)pe1mata
647 733 709 776 ipsi
735 732 869 774 vestigia
888 733 1009 764 tribuit.
1048 731 1085 763 In

133 791 299 824 Zoroastri
338 793 432 824 etiam
467 794 605 825 oraculis
646 793 758 837 (162)
789 791 919 837 ταχὺς
953 790 1085 838 ἠέλιος

134 851 259 886 dicitur.

208 915 423 949 Seeundanus
432 916 543 963 Pales]
564 918 609 949 Ut
622 930 717 962 snpra
731 917 959 951 Secundanum
968 918 991 950 J
994 930 1084 950 ovem

132 978 220 1011 dixit.
246 980 335 1011 Palis
357 981 490 1013 maseuli
507 982 649 1013 meminit
666 980 846 1014 Arnobius:
871 982 1009 1013 Genium
1026 982 1083 1013 Jo-

131 1041 261 1083 vialem,
298 1043 358 1083 ait,
395 1049 427 1074 ct
458 1044 588 1085 Palem,
626 1044 683 1075 sed
713 1056 779 1075 non
808 1044 895 1075 illam
922 1043 1082 1083 seminam,

129 1115 224 1147 quam
240 1104 412 1145 vulgaritas
436 1105 560 1148 accipit,
588 1105 646 1137 sed
669 1105 838 1137 masculini
854 1105 964 1137 neseio
987 1117 1082 1147 quem

128 1167 253 1208 generis
291 1167 470 1200 ministrum
498 1168 592 1200 Jovis
622 1180 658 1201 ae
682 1169 831 1200 villicum.
858 1169 902 1200 Et
929 1168 1081 1203 Servius2

128 1229 224 1261 Pales
256 1236 378 1272 antem,
408 1237 444 1263 ut
477 1231 631 1272 diximus,
666 1232 726 1264 dea
749 1238 799 1264 est
823 1232 950 1276 pabuli,
986 1244 1082 1275 quam

129 1291 182 1322 alii
205 1291 358 1333 Vestam,
387 1293 440 1324 alii
468 1299 601 1325 matrem
630 1293 728 1325 deum
762 1294 942 1325 voluerunt.
986 1294 1080 1326 Hane

131 1359 236 1386 autem
260 1355 412 1387 feminino
437 1367 552 1397 genere
572 1356 711 1400 appellat
723 1357 891 1398 Virgilius,
915 1357 978 1397 alii,
997 1357 1080 1389 inter

129 1429 210 1461 quos
240 1419 362 1459 Varro,
400 1419 585 1450 masculino.
613 1419 716 1451 Gnor.
738 1439 786 1444 ——-
820 1420 901 1452 Loci
923 1433 940 1452 a
966 1420 1081 1452 Grotio

127 1479 327 1521 negligenter
346 1479 468 1510 laudati
485 1485 560 1510 sunt
579 1480 663 1523 apud
683 1479 865 1511 Arnobium
886 1481 968 1512 libro
987 1481 1080 1512 tertio

127 1541 169 1584 (p.
190 1541 279 1579 1253
309 1541 393 1572 confi
414 1541 496 1580 115,
524 1540 607 1583 125)
628 1545 660 1571 et
682 1542 766 1583 apud
789 1541 937 1572 Servium
965 1543 1003 1572 ad
1030 1554 1082 1582 ge-

127 1603 233 1645 orgica
249 1602 298 1647 (5,
323 1602 366 1647 1).
391 1602 544 1646 Plerique
567 1608 652 1634 certe
669 1603 889 1634 Romanorum
911 1604 1080 1646 scriptores

126 1666 239 1699 Palem
261 1667 405 1699 seminini
422 1666 547 1708 generis
565 1666 655 1708 ajunt
666 1666 770 1711 (virg.
788 1678 894 1708 georg.
910 1668 945 1706 5,
965 1668 1004 1707 13
1023 1666 1083 1699 cel.

128 1732 162 1772 ὅ,
181 1732 238 1764 55.
266 1730 362 1763 ovid.
378 1730 450 1762 fast.
470 1731 506 1771 4,
529 1730 610 1762 722.
641 1731 723 1762 729.
742 1732 824 1762 776.
851 1729 969 1761 Tibull.
989 1731 1020 1770 1,
1048 1731 1080 1770 1,

129 1795 185 1826 14.
215 1795 250 1834 2,
279 1795 312 1835 5,
338 1794 396 1826 28.
423 1793 605 1826 Columella
629 1795 692 1833 10,
710 1794 744 1826 4.
762 1794 879 1825 Florus
902 1795 940 1833 1,
965 1794 1013 1825 20
1033 1793 1080 1837 s.)‚

127 1856 185 1887 sed
198 1855 303 1888 Servii
319 1856 416 1886 verba
435 1855 556 1886 nullam
573 1855 744 1886 admittunt
760 1855 1001 1886 dubitationem.
1016 1855 1079 1885 Co-

127 1917 235 1962 pulam
250 1922 281 1948 et
307 1921 379 1947 ante
393 1917 491 1947 Pales
512 1915 675 1958 Gyraldus
697 1916 808 1955 habet,
832 1927 933 1958 eaque
952 1915 991 1946 ad
1008 1915 1082 1946 libri

125 1977 403 2018 Norimbergensis
427 1976 618 2018 marginem,
644 1988 661 2008 e
680 1976 843 2009 Vossiano
870 1977 1005 2008 fortasse
1029 1988 1080 2008 co—

127 2042 196 2075 dice
220 2040 388 2085 (Arntzen.
411 2040 499 2072 mise.
525 2052 555 2083 p.
575 2039 662 2084 208)
687 2033 800 2071 'addita
827 2046 895 2081 est,
922 2040 956 2072 in
981 2040 1079 2071 Dres-

127 2103 219 2136 densi
235 2102 330 2134 etiam
348 2102 520 2148 Palesque,
544 2101 631 2145 quod
653 2101 747 2142 idem,
770 2101 902 2144 legitur:
927 2113 986 2144 ego
1004 2114 1078 2134 vero

127 2165 289 2207 vulgarem
310 2169 439 2196 secutus
467 2175 537 2194 sum
559 2162 748 2204 lectionem,
784 2163 941 2207 siquidem
962 2175 1080 2194 nomen

127 2227 339 2261 Semmdanus
359 2226 461 2257 solum
482 2225 536 2257 vix
550 2225 717 2269 quisquam
735 2225 937 2269 interpretari
953 2224 1079 2269 poterit.

128 2289 193 2322 Iste
218 2294 328 2321 contra
345 2287 443 2319 Pales
470 2298 509 2319 eo
532 2286 633 2328 magis
658 2287 814 2330 superiori
837 2286 879 2331 (ἓ.
897 2286 961 2330 50)
982 2298 1080 2331 oppo-

130 2352 209 2383 situs
231 2363 301 2383 esse
321 2351 466 2390 videtur,
490 2350 577 2394 quod
600 2350 682 2382 infra
706 2349 748 2394 (ξ.
767 2350 857 2395 425)
876 2350 973 2382 Pales
998 2350 1081 2382 inter

129 2414 208 2446 deos
236 2413 375 2444 minores
400 2412 555 2454 refertur,
594 2411 650 2456 qui
671 2411 779 2456 itaque
805 2412 890 2444 idem
917 2411 1080 2445 Secunda-

131 2488 192 2509 nus
217 2487 289 2508 esse
316 2481 430 2519 potest.

205 2537 382 2584 Frandem]
411 2537 543 2571 Graecis
563 2539 640 2572 haec
652 2535 805 2584 Ἀπάτη,
836 2538 902 2573 filia
927 2544 994 2573 erat
1017 2538 1081 2576 No-

1137 669 1196 700 ctis
1221 670 1315 712 (Hes.
1334 672 1439 712 theog.
1458 671 1564 715 225),
1583 673 1755 717 eademque
1781 687 1798 706 a
1816 675 1972 708 Romanis
1993 676 2087 709 etiam

1136 730 1278 761 Fraudis
1306 732 1432 763 nomine
1458 740 1651 766 memoratur
1674 736 1758 778 (Cic.
1773 736 1813 768 N.
1831 737 1871 768 D.
1894 739 1929 777 5,
1954 738 2013 781 17)
2035 738 2087 770 vel

1135 793 1281 825 Lavcrna
1307 795 1389 826 dicta
1425 801 1475 827 est
1499 796 1625 840 (Horat.
1651 798 1742 841 epist.
1776 800 1816 839 1,
1841 801 1903 839 16,
1929 802 1990 844 60)
2006 812 2087 843 quae

1133 855 1298 886 fraudibus
1317 862 1482 899 praeesset
1498 856 1633 901 (Arnob.
1650 859 1684 891 4.
1698 871 1730 902 p.
1745 859 1828 900 1455
1856 861 1926 893 add.
1943 861 2087 893 camden

1134 919 1286 962 praeleet.
1304 921 1389 951 acad.
1416 933 1447 964 p.
1467 922 1550 953 675.
1572 923 1657 956 077.
1679 921 1777 965 678).

1211 982 1350 1029 quoque]
1378 984 1486 1026 Vulgo
1516 987 1639 1031 qnippe.
1666 985 1770 1025 Illud,
1801 986 1888 1029 quod
1905 986 1973 1027 jam
1997 986 2085 1018 Von-

1135 1044 1223 1075 chius
1243 1045 1423 1085 conjecerat
1438 1046 1499 1089 (sp.
1515 1046 1582 1077 erit.
1600 1059 1629 1090 p.
1646 1046 1717 1090 80),
1740 1047 1959 1079 consentiente
1978 1047 2086 1080 codice

1132 1107 1314 1148 Bodlejano
1334 1108 1436 1151 primo
1462 1109 1578 1152 recepi.

1126 1154 1168 1196 .
1204 1168 1360 1214 Cyllenio]
1382 1169 1431 1201 lta
1446 1168 1611 1201 Arnobius
1625 1169 1698 1213 (lv.
1713 1182 1744 1214 p.
1759 1170 1844 1213 145)
1858 1181 1985 1214 quoque
2006 1169 2085 1201 »La-

1131 1243 1262 1263 vernam
1294 1244 1366 1264 eum
1393 1232 1553 1264 Mercurio
1588 1232 1681 1264 simul
1707 1233 1870 1264 fraudibus
1903 1232 2086 1277 praesidere

1129 1295 1273 1327 furtivis«
1299 1295 1481 1327 tradiderat.
1508 1296 1781 1328 Conflfloratium
1807 1296 1872 1340 (od.
1897 1297 1928 1335 1,
1958 1296 2014 1335 10,
2041 1294 2086 1337 7).

1209 1360 1305 1390 Veris
1325 1358 1466 1404 fruetus]
1494 1359 1588 1392 Adeo
1614 1360 1769 1392 obscurus
1784 1360 1845 1391 iste
1868 1360 1947 1391 deus
1969 1365 2029 1399 est,
2051 1364 2087 1390 ut

1132 1427 1260 1464 praeter
1279 1422 1471 1455 Martianum
1488 1434 1582 1454 nemo
1600 1424 1669 1464 ejus
1694 1423 1880 1455 meminerit.
1906 1422 2002 1454 Alius
2024 1422 2086 1453 Ve-

1132 1485 1179 1515 ris
1211 1485 1290 1515 deus
1313 1490 1378 1524 est,
1411 1497 1506 1528 quem
1535 1485 1730 1517 Mercurium
1757 1497 1827 1516 esse
1852 1490 1962 1516 noster
1990 1495 2086 1527 supra

1133 1543 1175 1587 (ἓ.
1193 1545 1256 1587 27)
1284 1545 1445 1575 docuerat.
1481 1546 1548 1576 Ver
1573 1545 1612 1576 ab
1636 1544 1754 1576 ovidio
1780 1545 1866 1588 (met.
1886 1545 1927 1585 2,
1957 1545 2021 1588 27)
2053 1549 2086 1575 et

1131 1604 1297 1648 Appulejo
1327 1607 1415 1647 (met.
1443 1619 1474 1650 p.
1502 1608 1584 1639 744.
1609 1607 1703 1651 745)
1726 1608 1821 1638 etiam
1845 1619 1902 1650 per
1930 1618 2084 1651 prosopo-

1131 1671 1256 1709 poci‘am
1282 1666 1373 1709 quasi
1391 1678 1508 1696 numen
1527 1667 1696 1698 inducitur.
1720 1667 1823 1708 Cujus
1846 1668 1968 1699 fructus
1987 1680 2085 1711 quum

1132 1727 1228 1758 ssorcs
1253 1727 1326 1767 sint,
1350 1727 1449 1758 Flora
1472 1726 1608 1768 intelligi
1634 1727 1754 1771 possit,
1780 1728 1897 1772 quippe
1925 1740 2006 1772 quae
2030 1740 2085 1760 »se

1136 1791 1221 1821 Vere
1236 1802 1362 1834 semper
1372 1789 1455 1821 frui«
1470 1791 1555 1833 apud
1569 1790 1721 1827 Osidium
1738 1790 1822 1834 (fast.
1837 1792 1872 1832 5,
1892 1792 1978 1834 207)
1994 1804 2085 1835 prae-

1131 1853 1224 1885 dicet.
1257 1853 1325 1886 Sed
1348 1853 1557 1885 masculinum
1571 1866 1672 1896 genus
1691 1854 1986 1898 interpretationem
2003 1856 2084 1886 hane

1131 1915 1263 1958 respuit.
1295 1915 1380 1947 Vide
1405 1915 1501 1955 igitur
1529 1927 1569 1947 an
1594 1927 1634 1947 ex
1657 1915 1868 1948 Etruscorum
1890 1915 2083 1959 antiquitati-

1130 1979 1191 2010 bus
1217 1978 1271 2009 ille
1302 1979 1411 2010 forsan
1438 1978 1591 2022 explicari
1611 1979 1741 2023 possit?
1768 1979 1865 2012 Certe
1890 1978 1975 2023 apud
1998 1979 2083 2010 Lau-

1130 2040 1268 2071 rentium
1292 2039 1420 2083 Lydum
1450 2040 1577 2083 (Mense
1610 2040 1706 2073 Febr.
1731 2041 1781 2073 20
1802 2054 1834 2085 p.
1856 2042 1927 2073 170
1950 2039 2084 2084 Roeth.)

1130 2103 1273 2146 Anysius
1313 2103 1406 2135 docet
1442 2119 1453 2132 »
1467 2102 1665 2150 Φεβροῦον
1706 2101 1776 2138 τὸν
1811 2115 1908 2138 κατα
1910 2099 2083 2148 χθόνιον

1132 2163 1230 2200 εἶναι
1254 2166 1300 2212 τῇ
1330 2163 1513 2202 Θούὸκων
1541 2166 1671 2213 φωνῇ,
1703 2164 1768 2201 καὶ
1790 2164 2083 2213 θεραπεύεσθαι

1131 2226 1229 2273 πρὸς
1260 2226 1342 2261 τῶν
1371 2227 1613 2274 Aoumque&
1641 2224 1740 2274 ὑπὲρ
1769 2224 1977 2267 ἐπιδόσεως
2001 2225 2081 2262 τῶν

1132 2289 1325 2335 accessurum
1366 2289 1619 2321 Subtcrranemn
1649 2289 1743 2330 dicit,
1776 2290 1889 2321 eodem
1905 2290 1989 2332 jure,
2016 2298 2078 2331 quo

1131 2351 1326 2394 Proserpina
1354 2351 1414 2382 dea
1438 2351 1539 2382 infera
1560 2356 1626 2391 est,
1657 2356 1690 2381 et
1717 2355 1839 2391 tamen,
1870 2357 1906 2382 ut
1931 2346 2079 2382 Martiani

1132 2414 1237 2445 verbis
1254 2413 1294 2458 (ξ.
1313 2414 1374 2457 81)
1397 2419 1476 2456 utar,
1503 2415 1643 2457 »stugem
1664 2415 1910 2459 exposcentibus
1934 2411 2071 2443 tribuit.-

1132 2476 1180 2508 lta
1201 2476 1396 2526 et-Februus
1413 2476 1479 2517 ille,
1498 2476 1573 2520 quia
1594 2477 1653 2508 sub
1675 2482 1758 2508 terra
1779 2475 1882 2507 omnia
1898 2476 2077 2516 praeparat,

1134 2545 1169 2573 ut
1191 2540 1312 2572 fruetus
1337 2551 1479 2572 creseere
1502 2538 1642 2584 possint,
1673 2538 1706 2569 id
1729 2536 1814 2581 quod
1835 2532 2022 2580 praesertIm
2044 2531 2076 2564 in

1628 2599 1672 2632 15
