2310 2860
686 165 886 208 Martiani
925 166 1122 224 Capellae
1160 167 1231 209 lib.
1254 167 1329 210 ΙΙΙ.
1369 170 1402 221 ᾗ.
1437 168 1535 211 257.
1997 176 2082 219 277

133 272 349 324 dicebant,
394 287 526 328 quem
564 286 679 314 nunc
709 272 894 315 Zethum
929 273 1094 327 dicunt3
1150 285 1291 316 tamen
1331 275 1437 318 haec
1473 276 1684 332 geminata
1723 279 1775 320 ab
1814 280 1912 337 ipsis
1954 283 2081 324 etiam

131 352 325 394 habetur.
380 354 495 395 Nam
525 368 548 395 a
579 354 619 395 T
650 363 690 395 et
717 352 750 394 C
784 353 1077 410 componitur,
1110 369 1243 409 quam
1274 365 1322 396 ut
1352 355 1545 399 advertas
1576 357 1814 413 duplicem,
1850 377 2078 419 nunquam

609 435 725 475 Haec
771 432 1048 490 praeponitur
1088 432 1135 473 M
1178 433 1344 485 literae,
1389 445 1438 476 ut
1479 437 1688 492 Zmyrna.
1757 440 1823 482 Ex
1856 442 1920 483 his
1955 444 2081 498 igitur

129 434 281 488 poterit
317 433 534 488 geminari.

128 514 336 555 universis
380 514 527 556 decem
569 524 608 556 et
645 524 736 555 octo
774 514 918 554 literae
957 514 1244 556 necessitatem
1275 526 1450 558 cunctae
1487 519 1800 574 conscriptionis
1838 523 2074 566 absolvunt.

126 592 266 634 Placet
296 594 408 635 enim
440 594 546 635 mihi
577 594 619 635 Y
648 595 690 635 in
721 593 935 635 vocalium
967 607 1201 635 numerum
1233 597 1488 652 congregari.
1546 598 1700 654 Neque
1733 600 1820 641 sine
1851 603 1931 643 hoc
1956 604 2077 659 Hya-

127 674 292 716 cinthus
340 685 411 717 aut
441 675 657 731 Cyllenius
688 675 838 730 poterit
871 675 1074 716 annotari.
1136 677 1203 717 Sic
1237 677 1361 732 igitur
1391 679 1468 719 crit
1503 688 1551 719 ut
1586 694 1711 722 senae
1745 681 1847 724 fiant
1887 683 2076 737 vocales;

124 756 399 798 semivocales
435 765 474 797 et
502 765 647 796 mutae
681 755 921 797 duodecim.
982 757 1022 798 H
1061 757 1173 797 enim
1204 758 1445 812 aspirationi
1473 759 1665 812 dabitur,
1693 776 2076 821 supervacuaeque

125 847 250 879 erunt
285 837 324 887 Q
357 847 396 878 et
423 838 483 889 K3
542 837 586 877 X
618 847 760 878 autem
799 849 847 879 ut
881 837 1041 895 duplex
1077 839 1164 879 sinc
1203 839 1399 881 elementi
1431 841 1601 883 cardine
1631 857 1716 884 non
1752 845 1981 899 probatur3
2040 847 2074 887 Z

125 933 226 960 vcro
255 933 277 958 a
306 920 464 961 Latinis
497 919 758 973 excluditur3
790 920 938 963 decem
970 932 1009 963 ct
1040 932 1131 963 octo
1163 938 1344 965 numero
1375 924 1484 965 sicut
1511 924 1672 967 dietum
1698 936 1758 967 est
1785 928 2069 983 supersidunt.

123 1000 246 1049 Quae
284 1009 425 1041 tamen
458 1015 558 1041 cum
598 1003 876 1056 supervacuis
909 1004 1160 1058 rejectisque
1196 1005 1355 1045 cunctis
1395 1019 1448 1045 ex
1479 1005 1606 1046 unius
1645 1007 1760 1047 vocis
1792 1007 1931 1048 sonitu
1968 1023 2068 1049 con-

119 1080 347 1132 formatae,
384 1081 572 1123 diversas
603 1082 807 1123 naturalis
839 1082 1088 1123 harmoniae
1123 1095 1269 1123 causas
1296 1082 1376 1124 sub
1411 1083 1492 1124 oris
1523 1086 1781 1129 concinentia
1810 1099 2072 1144 repererunt.

643 1236 721 1278 DE
752 1236 1146 1278 FORMATIONE
1178 1237 1543 1280 LITERARUM.

287 1341 489 1395 Namque
518 1341 556 1382 A
593 1341 672 1381 sub
704 1341 823 1382 hiatu
854 1343 935 1382 oris
967 1356 1153 1396 congruo
1185 1343 1272 1383 solo
1303 1344 1452 1398 spiritu
1483 1360 1789 1390 memoramus.

117 1468 222 1493 autem
249 1461 325 1493 dicit
354 1460 381 1491 Z
406 1473 446 1492 ex
463 1461 491 1492 T
514 1466 546 1492 et
572 1460 600 1493 C
627 1460 678 1492 vel
699 1460 744 1495 Σ.
764 1461 867 1493 Gnor.
886 1478 933 1483 -——
963 1459 1065 1491 Recte

115 1523 305 1556 Martianum
325 1522 483 1553 intellexit
501 1522 650 1562 Grotius,
673 1522 729 1553 sed
749 1522 841 1565 plura
860 1521 955 1552 verba
979 1521 1064 1561 fecit,

115 1596 208 1629 quam
233 1595 366 1615 necesse
392 1588 476 1622 erat,
506 1583 590 1613 haud
619 1582 685 1613 seio
709 1594 749 1613 an
774 1583 823 1613 sui
846 1582 948 1625 ipsius
973 1588 1062 1625 typo-

113 1647 218 1678 thetae
247 1645 357 1676 fraude
385 1644 551 1684 inductus,
588 1643 643 1687 qui
666 1643 716 1675 bis
745 1643 776 1674 G
799 1643 908 1686 posuit
932 1655 992 1686 pro
1017 1642 1062 1682 C,

114 1717 149 1742 ut
161 1722 221 1742 nos
235 1721 275 1741 ex
290 1708 521 1752 antiquioribus
535 1707 728 1739 editionibus
742 1707 947 1739 restituimus
963 1706 1061 1738 Prae-

114 1780 199 1804 terea
219 1784 236 1803 c
267 1771 431 1803 codicibus
458 1770 646 1802 Monacensi
668 1768 752 1813 (C),
786 1768 1061 1809 Reiclienauensi‚

113 1839 146 1866 et
170 1832 417 1864 Darnistattensi
439 1831 564 1863 Latinis
586 1831 686 1862 literis
713 1831 825 1874 scripsi
844 1830 977 1863 Sellium
999 1842 1058 1874 pro

113 1894 268 1928 Grotiano
300 1900 422 1932 cetum,
454 1899 490 1924 ut
512 1893 597 1937 apud
624 1892 825 1923 priscianum
853 1904 981 1935 quoque
999 1892 1058 1935 (1,

112 1962 150 1999 S,
182 1957 244 2000 49)
271 1962 334 1988 est:
361 1956 501 1988 »Sethus
529 1967 588 1999 pro
615 1954 750 2000 Ζῆθος
779 1955 958 1996 dicentes«,
994 1966 1057 1998 quo

109 2028 205 2056 notus
223 2021 278 2052 ille
295 2019 488 2064 Amphionis
508 2019 605 2049 frater
622 2016 788 2062 (Apollod.
802 2018 837 2057 5,
861 2018 918 2057 10,
940 2015 974 2060 1)
996 2017 1056 2058 sig·

110 2083 229 2117 nificari
246 2083 380 2113 videtur.
408 2081 502 2113 Conf.
524 2086 556 2112 et
578 2079 729 2113 Schneid.
749 2080 852 2123 (elem.
872 2081 985 2124 9579
1000 2079 1055 2124 n.).

181 2142 335 2188 Zmyrna]
357 2142 542 2174 Priscianus
561 2142 688 2186 quidem
711 2141 757 2186 (1.
777 2155 810 2186 p.
827 2142 903 2185 55)=
929 2141 1055 2185 ”Smyr-

110 2218 163 2237 na:
185 2218 257 2236 nam
285 2205 396 2236 vitium
422 2204 558 2244 faciunt,
589 2204 645 2247 qui
673 2203 701 2234 Z
727 2208 799 2235 ante
819 2204 855 2235 Μ
878 2203 1028 2236 scribunt.
1037 2218 1048 2232 «

111 2266 178 2298 Sed
194 2277 259 2297 non
276 2266 379 2298 solum
394 2265 607 2298 monumentis
629 2270 739 2296 noster
753 2264 933 2296 defenditur
947 2265 1053 2309 (Rulie

109 2327 259 2370 philolog.
279 2339 363 2358 num.
392 2329 423 2359 1.
453 2340 483 2370 p.
505 2326 583 2370 55)3
615 2338 726 2358 verum
749 2326 885 2358 Luciani
911 2327 962 2370 (in
982 2327 1053 2368 jud.

109 2387 208 2420 vocal.
230 2387 255 2418 l.
283 2400 315 2431 p.
331 2388 388 2419 67.
415 2387 501 2430 Bip.)
523 2388 616 2419 ctiam
644 2388 838 2421 testimonio.
872 2388 994 2421 Confer
1021 2395 1053 2420 ct

109 2449 199 2481 Sext.
212 2447 407 2491 Empiricum
420 2446 502 2490 (adv.
520 2450 614 2480 math.
630 2450 662 2490 1,
686 2450 775 2490 1683
797 2462 830 2493 p.
844 2449 916 2482 255
933 2449 1052 2493 Fabr.)‚

107 2511 228 2553 Majum
256 2509 316 2553 (ad
345 2509 414 2541 Cic.
440 2508 480 2540 de
508 2509 549 2541 R.
578 2510 618 2543 P.
643 2513 680 2552 1,
709 2511 764 2556 8),
792 2518 825 2544 et
853 2512 1052 2546 Odot'redum

107 2575 278 2609 Mulierum
297 2572 420 2616 (Goett.
443 2570 526 2605 Anz.
547 2574 652 2606 1831.
675 2573 724 2608 St.
743 2576 800 2608 56.
825 2588 856 2622 p.
875 2575 976 2621 555).

1190 1462 1259 1492 sine
1283 1462 1430 1494 elementi
1451 1464 1600 1509 cardine]
1627 1466 1658 1496 X
1678 1467 1729 1498 hic
1751 1468 1852 1499 literis
1877 1480 1941 1501 non
1966 1482 2064 1503 annu-

1116 1527 1231 1563 merat,
1259 1522 1333 1554 facit
1357 1523 1441 1555 enim
1460 1530 1583 1556 tantum
1605 1526 1736 1567 XVIII,
1766 1529 1823 1559 has
1849 1530 2012 1563 videlieet:
2031 1533 2064 1564 A

1115 1583 2061 1625 BCDEFGILMNOPRSTVY.

1112 1643 1225 1686 Itaque
1241 1644 1426 1684 legendum:
1450 1645 1498 1676 »X
1521 1653 1625 1678 autem
1654 1653 1689 1678 ut
1716 1649 1835 1692 duplex
1860 1651 1893 1683 in
1916 1653 2063 1685 elementi

1114 1704 1241 1736 cardine
1271 1717 1336 1737 non
1363 1706 1544 1749 probatum:
1592 1707 1694 1740 Error
1719 1721 1760 1741 ex
1785 1713 1927 1755 repetitis
1951 1714 2062 1747 literis.

1114 1765 1216 1798 Gnor.
1229 1785 1277 1790 —
1302 1767 1390 1799 Vero
1410 1768 1521 1799 similis
1542 1769 1670 1812 quidem
1689 1777 1739 1803 est
1758 1774 1836 1805 haec
1859 1775 2062 1819 conjectura3

1112 1830 1168 1861 sed
1192 1830 1287 1862 lectio
1314 1831 1348 1862 in
1375 1832 1521 1863 omnibus
1542 1833 1632 1865 libris
1663 1841 1713 1866 est
1735 1835 1862 1877 eadem,
1894 1838 1928 1869 in
1951 1841 2060 1873 codiee

1110 1891 1205 1922 etiam
1227 1891 1484 1924 Reiehenauensi
1508 1899 1540 1925 et
1562 1894 1817 1929 Darmstatteusi.
1843 1898 1895 1931 Ae
1913 1900 1982 1932 fieri
2005 1914 2062 1945 po-

1109 1957 1173 1985 test
1197 1958 1233 1983 ut
1255 1953 1346 1984 locus
1375 1953 1421 1985 sic
1452 1955 1643 1998 explicetur:
1667 1957 1699 1987 Χ
1727 1958 1852 1991 literam
1884 1973 1950 1993 non
1978 1974 2061 2004 esse,

1110 2013 1183 2057 quia
1204 2019 1237 2044 ut
1258 2013 1392 2058 duplex,
1414 2026 1431 2045 e
1458 2015 1580 2047 duabus
1602 2017 1750 2049 nimirum
1773 2022 1963 2064 composita,
1992 2023 2061 2056 sine

1108 2075 1257 2107 elementi
1278 2076 1405 2108 cardine
1425 2076 1475 2108 sit.
1500 2077 1650 2120 Intelligo
1667 2081 1831 2113 cardinem
1847 2095 1911 2127 quo
1937 2095 1971 2116 se
1991 2097 2059 2117 ver-

1106 2139 1145 2170 tit
1170 2139 1272 2170 omnis
1290 2140 1440 2172 elementi
1459 2146 1572 2174 natura
1593 2147 1626 2174 et
1653 2143 1809 2186 conditio,
1833 2146 1950 2191 quippe
1971 2149 2058 2192 quod

1107 2202 1242 2246 simplex
1263 2214 1334 2233 esse
1358 2202 1484 2237 debeat.

1179 2277 1251 2297 eum
1272 2264 1492 2311 supervacuis]
1527 2266 1609 2299 Cum
1631 2280 1649 2299 a
1671 2268 1786 2302 Grotio
1812 2271 1992 2313 neglectum
2015 2285 2055 2304 ex

1105 2327 1315 2360 anterioribus
1339 2328 1530 2361 editionibus
1554 2330 1779 2377 codicibusque
1799 2333 2053 2367 Reichenaucnsi

1104 2396 1137 2422 et
1160 2390 1408 2421 Darmstattensi
1432 2391 1567 2422 restitui.

1177 2453 1216 2484 de
1240 2452 1432 2495 formatione
1458 2454 1642 2501 literarum]
1675 2456 1819 2489 Eandem
1842 2468 1909 2489 rem
1939 2464 2052 2490 tractat

1101 2515 1222 2546 Marius
1247 2515 1435 2547 Victorinus
1462 2517 1518 2561 (de
1541 2523 1608 2550 arte
1634 2531 1761 2560 gramm.
1786 2519 1808 2551 l.
1834 2519 1865 2558 Ι,
1895 2532 1926 2563 p.
1951 2520 2049 2553 2454

1101 2575 1265 2619 Putsch.),
1298 2577 1382 2609 unde
1415 2589 1451 2610 ea
1489 2591 1570 2622 quac
1598 2579 1754 2614 Martiano
1780 2579 1830 2610 vel
1859 2579 2048 2614 illustrando

2096 1350 2178 1391 ²261
