2310 2860
100 887 110 891 -·
156 922 244 965 866

253 258 344 301 674
804 249 1005 291 Martiani
1038 248 1237 304 Capellae
1267 247 1339 288 lib.
1362 247 1482 289 VIII.
1513 250 1545 299 ᾗ.
1572 248 1672 290 865.

260 364 481 415 noctisque
525 369 642 415 parte
684 357 976 410 consequitur,
1026 354 1141 410 quod
1182 353 1277 394 ideo
1318 353 1478 394 tardius
1518 355 1736 408 provenit,
1783 356 1884 409 quia
1916 371 2050 411 quum
2088 371 2215 397 suum

266 441 473 500 peregerit
506 439 739 488 circulum,
768 439 855 493 ipse
888 437 958 477 Sol
983 436 1035 476 ab
1066 436 1215 476 eodem
1248 436 1364 485 loco,
1394 449 1481 488 quo
1507 435 1544 474 ei
1574 435 1723 475 lumen
1745 435 1941 486 dederat,
1973 438 2219 487 excurrerit,

269 523 380 563 et'in
408 521 523 575 signo
555 519 753 574 proximo
778 518 999 558 autetiam
1027 517 1157 556 altero
1182 517 1405 571 reperitur.
1464 516 1577 556 Nam
1609 516 1644 556 si
1678 517 1720 556 in
1751 516 1907 557 Librae
1947 526 2020 557 aut
2061 517 2220 572 Scorpii

272 611 344 643 aut
374 600 579 654 Sagittarii
613 599 762 639 ultima
800 606 918 652 parte
956 597 1103 636 lumen
1143 597 1367 651 acceperit,
1409 613 1494 638 non
1529 612 1629 638 eum
1668 598 1710 638 in
1741 598 1934 651 sequenti
1964 599 2102 653 signo,
2147 598 2220 639 sed

272 684 315 724 in
348 682 477 722 altero
509 689 812 734 consequetur,
870 678 974 719 haec
1014 679 1127 718 enim
1167 678 1245 719 tria
1283 679 1399 734 signa
1430 679 1659 735 aliquando
1696 680 1962 729 transcurrit,
2011 679 2222 734 quemad-

274 764 451 806 modum
486 763 549 804 his
583 762 790 803 contraria
829 761 1089 816 plerumque
1120 761 1182 800 bis
1214 761 1386 802 invenit.
1450 761 1564 801 Nam
1605 761 1809 814 quoniam
1849 761 1907 800 ibi
1950 760 2020 801 Sol
2058 760 2223 814 triginta

274 845 423 885 diebus
455 843 557 884 etin
581 841 772 882 Geminis
806 841 972 895 triginta
1002 840 1171 880 duobus
1205 849 1417 890 moratur,
1449 842 1597 890 Luna,
1633 855 1744 894 quae
1769 840 2050 895 undetriginta
2073 839 2223 879 diebus

274 934 313 966 et
340 924 515 965 dimidia
546 933 664 978 parte
695 937 795 962 eum
829 922 1123 975 consequitur,
1164 921 1220 960 ibi
1253 920 1401 973 utique
1431 921 1581 975 poterit
1612 921 1812 961 invenire.
1873 921 2041 962 Verum
2074 919 2222 960 eadem

273 1008 399 1048 Luna
422 1004 649 1060 aliquando
672 1003 994 1058 quatuordecim
1022 1003 1185 1051 diebus,
1216 1000 1446 1055 aliquando
1469 1000 1727 1055 quindecim,
1760 1001 2020 1055 plerumque
2040 999 2221 1040 sedecim

272 1087 449 1142 plenum
480 1084 641 1140 perficit
675 1085 843 1135 lumen,
889 1084 944 1124 ita
971 1093 1135 1133 tamen,
1182 1092 1228 1123 ut
1257 1083 1298 1122 in
1332 1082 1480 1122 eodem
1513 1080 1764 1136 deponendo
1796 1090 2049 1136 compenset.
2108 1082 2222 1122 Nam

272 1169 306 1208 si
340 1167 505 1208 decimo
539 1175 691 1220 quarto
722 1164 789 1204 die
820 1165 967 1204 lumen
999 1163 1258 1218 impleverit,
1306 1162 1550 1216 quindecim
1583 1162 1732 1201 diebus
1765 1163 1935 1209 amittit,
1975 1172 2022 1202 ut
2055 1162 2223 1203 dierum

272 1249 378 1289 ratio
418 1248 577 1301 integra
611 1243 901 1285 concludatur.

407 1338 422 1359 Ι

273 1368 336 1400 nisi
360 1368 469 1399 eadem
499 1367 598 1397 bessis
624 1363 810 1405 significatio
840 1367 942 1402 esset,
979 1362 1125 1393 nimirum
1157 1367 1224 1393 octo

271 1437 380 1475 partes
411 1441 452 1461 ex
482 1428 664 1465 duodecim,-
704 1438 775 1456 nam
807 1437 846 1455 ne
879 1426 1015 1455 sedecim
1052 1426 1146 1455 horas
1186 1436 1225 1455 ex

272 1495 390 1538 viqz'ntz'
418 1497 556 1539 quatuor
582 1489 714 1521 indicari
743 1488 920 1527 existimes,
949 1488 1058 1519 confer
1083 1487 1224 1518 Plinium

272 1556 331 1598 (2,
361 1554 419 1596 ss):
448 1552 618 1584 »Proxima
651 1550 747 1591 igitur
778 1549 898 1581 cardini
932 1549 1067 1592 ideoque
1096 1548 1224 1579 minimo

273 1617 407 1656 ambitu,
445 1615 563 1647 vicenis
598 1613 710 1644 diebus
740 1612 944 1654 septenisque
970 1617 1001 1642 et
1041 1613 1135 1642 tertia
1165 1612 1227 1641 diei

272 1686 383 1724 parce,
427 1677 551 1722 peragit
586 1676 687 1719 spatia
719 1674 828 1705 eadem
862 1685 943 1716 quae
977 1673 1108 1704 Saturni
1138 1674 1225 1704 sidus

275 1743 461 1775 altissimum
490 1739 618 1780 triginta
651 1737 769 1768 anuis«
812 1736 938 1766 Pariter
966 1736 1122 1767 Geminus
1143 1737 1176 1779 (l.
1200 1749 1226 1768 c.

277 1808 314 1845 1,
341 1818 371 1848 p.
387 1804 438 1845 4)=
464 1799 670 1845 κατωτέρω
689 1797 730 1833 δὲ
758 1795 919 1832 πάντων
939 1797 1098 1844 φέρεται
1116 1795 1140 1844 ἡ
1172 1802 1226 1833 σε·

275 1864 373 1914 λήνη
399 1867 441 1901 ἐν
463 1862 624 1910 ἡμέραις
640 1876 662 1897 κ
682 1860 745 1896 καὶ
767 1861 789 1902 ζ
814 1860 877 1896 καὶ
902 1861 1019 1909 τρίτῳ
1039 1864 1227 1908 διαπορθ-

275 1925 468 1973 μευομένη
495 1922 564 1959 τὸν
594 1921 784 1964 ζωδιακὸν
811 1921 964 1958 κύκλον.
1014 1925 1114 1956 Plura
1140 1924 1227 1956 dabit

275 1989 532 2030 Lindenhrogius
556 1988 608 2031 (ad
630 1987 765 2019 Censor.
787 1986 825 2016 de
849 1987 898 2017 die
923 1992 985 2018 nat.
1003 1987 1076 2030 22).

351 2052 407 2084 sed
428 2048 545 2093 Solem]
573 2049 680 2080 Minus
699 2053 843 2079 accurate
859 2049 1042 2080 Macrobius
1060 2049 1105 2092 (in
1126 2061 1226 2080 somn.

278 2113 366 2156 Seip.
401 2113 438 2151 ⁴1,
480 2111 532 2153 G),
570 2110 626 2140 sed
657 2114 692 2139 ut
733 2109 856 2139 abunde
886 2109 1025 2141 illustret
1064 2116 1226 2141 nostrum:

287 2176 396 2207 »Luna
422 2178 493 2205 octo
521 2176 553 2202 et
577 2170 689 2211 viginti
719 2181 818 2214 prope
847 2171 958 2202 diebus
982 2171 1079 2202 totius
1107 2172 1228 2203 zodiaci

280 2239 431 2272 ambitum
467 2235 609 2273 conticit,
647 2246 719 2265 nam
750 2233 810 2265 etsi
845 2246 902 2278 per
928 2234 1056 2277 triginta
1089 2235 1156 2265 dies
1188 2235 1226 2266 ad

281 2302 393 2335 Solem
418 2298 501 2330 unde
528 2296 668 2340 prosecta
694 2300 743 2326 est
765 2302 899 2336 remeat,
930 2297 1017 2328 solos
1040 2301 1143 2327 tamen
1162 2297 1228 2327 fere

281 2363 393 2407 viginti
423 2367 496 2393 oeto
529 2360 562 2391 in
595 2364 661 2390 tota
693 2359 814 2390 zodiaci
845 2360 1028 2392 circuitione
1060 2360 1231 2398 consumit,

282 2426 414 2471 reliquis
439 2424 567 2463 Solem,
601 2422 655 2466 qui
680 2422 718 2453 de
741 2422 813 2454 loco
832 2436 896 2467 quo
913 2435 985 2455 eum
1006 2423 1135 2468 reliquit
1159 2424 1229 2455 abs—

282 2495 437 2529 cesserat,
467 2486 732 2531 comprehendit.«

357 2554 423 2595 ipse
439 2548 507 2593 Sol]
534 2548 699 2580 Meliorem
724 2548 805 2578 lianc
827 2552 965 2578 nostram
986 2548 1154 2579 lectionem
1172 2547 1228 2578 Et-

284 2609 665 2646 tenlieiinini'insteriensis
695 2608 848 2652 praebuit.
883 2608 1016 2641 Grotius
1049 2609 1148 2640 edidit
1170 2619 1230 2640 »ex

287 2690 350 2725 qno
380 2676 439 2709 Sol
471 2675 539 2718 ipse
568 2674 606 2705 ab
638 2673 749 2704 eodem
778 2671 849 2704 Ioco
883 2684 945 2716 quo
979 2671 1008 2703 ei
1040 2672 1146 2704 lumen
1176 2671 1228 2703 de·

960 1244 1127 1284 Verum
1165 1241 1312 1282 eadem
1351 1244 1475 1282 Luna
1504 1242 1652 1296 implet
1682 1256 1841 1282 annum
1873 1256 2000 1282 suum
2033 1243 2225 1283 trecentis

1276 1361 1365 1391 derat
1391 1362 1589 1392 excurrerit«
1620 1360 1719 1399 male,
1752 1361 1866 1391 frustra
1891 1361 1974 1391 enim
2001 1360 2046 1392 sic
2076 1361 2225 1404 apodosis

1276 1423 1455 1467 quaeritur,
1490 1435 1570 1466 quae
1599 1423 1645 1453 illi
1672 1435 1770 1470 quum
1797 1424 1999 1466 respondeat.

1349 1485 1462 1531 altero]
1480 1487 1591 1527 Margo
1604 1487 1758 1519 Grotiana
1773 1489 1807 1517 in
1822 1489 1928 1526 tertio,
1949 1488 2084 1518 sortasse
2102 1487 2226 1518 melius.

1351 1547 1582 1595 consequetur]
1624 1548 1680 1579 Sic
1714 1548 1840 1580 codices
1875 1549 2080 1581 Monacensis
2106 1548 2171 1592 (C)
2196 1554 2228 1580 et

1276 1612 1557 1651 Darmstattensis5
1583 1612 1679 1652 vulgo
1702 1615 1919 1658 consequitur,
1950 1613 2001 1644 cui
2024 1612 2161 1656 praetuli
2179 1612 2225 1643 fu-

1278 1680 1381 1704 turum
1405 1678 1535 1715 propter
1562 1673 1754 1703 antecedens
1776 1675 1940 1715 acceperit.
2153 1664 2161 1671 i

1351 1735 1395 1764 ibi
1410 1733 1478 1777 Sol]
1507 1734 1620 1765 Codex
1639 1734 1903 1765 Darnistattensis
1925 1735 1996 1773 ubi,
2018 1735 2104 1778 quod
2122 1740 2226 1766 tamen

1277 1806 1342 1825 non
1368 1794 1467 1835 magis
1492 1795 1708 1837 recipiendum
1739 1801 1806 1825 erat
1831 1807 1925 1838 quam
1953 1808 2027 1827 mox
2053 1808 2093 1827 ex
2114 1797 2226 1827 Etten·

1278 1857 1588 1889 heimmi'iusteriensi
1623 1863 1655 1888 et
1685 1858 1940 1889 Reielienauensi
1974 1860 2132 1906 Lunaque
2168 1872 2227 1903 pro

1277 1921 1371 1952 Luna
1395 1929 1486 1966 quae.
1524 1919 1574 1950 De
1600 1931 1634 1950 re
1661 1918 1731 1962 ipsa
1756 1919 1827 1949 vide
1851 1920 1997 1962 superius
2020 1920 2061 1964 (§.
2081 1921 2168 1964 848)
2196 1927 2229 1953 et

1277 1983 1490 2015 Censorinum
1510 1982 1561 2025 (de
1590 1982 1640 2013 die
1669 1982 1763 2013 natali
1781 1983 1839 2021 22,
1868 1983 1921 2024 4),
1951 1983 2095 2026 inprimis
2122 1989 2226 2016 autem

1276 2044 1473 2077 Maerobium
1491 2044 1536 2087 (in
1554 2056 1655 2074 somn.
1678 2043 1765 2086 Scip-
1786 2045 1820 2082 l,
1854 2044 1905 2086 ss):
1934 2045 2030 2076 »Inde
2056 2046 2122 2077 fere
2147 2058 2225 2077 nun·

1279 2121 1372 2151 quam
1394 2107 1425 2138 in
1450 2108 1561 2137 eodem
1585 2107 1676 2147 signo
1700 2107 1749 2137 bis
1774 2107 1914 2138 nascitur
1933 2107 1994 2138 nisi
2014 2109 2047 2138 in
2070 2108 2227 2148 Geminis,

1278 2171 1332 2202 ubi
1360 2173 1421 2202 hoc
1445 2182 1674 2212 nonnunquam
1703 2170 1823 2209 evenit,
1854 2170 1928 2212 quia
1954 2169 2022 2200 dies
2044 2170 2077 2201 in
2100 2183 2139 2202 eo
2167 2172 2227 2204 Sol

1279 2232 1360 2263 duos
1395 2243 1491 2275 supra
1525 2231 1653 2272 triginta
1681 2230 1845 2261 altitudine
1876 2230 1958 2271 signi
1985 2237 2128 2264 morante
2151 2245 2225 2265 eon-—

1280 2292 1404 2324 sumit.«

1353 2355 1460 2397 implet
1491 2351 1634 2397 annum]
1670 2352 1721 2383 De
1752 2365 1834 2384 anno
1866 2353 1968 2385 lunari
1997 2362 2141 2388 accurate
2163 2358 2227 2400 agit

1281 2417 1437 2450 Geminus
1468 2417 1573 2459 (elem.
1600 2416 1731 2455 astr.G,
1768 2428 1798 2459 p.
1823 2418 1868 2448 51
1902 2417 2041 2460 Petam),
2069 2419 2119 2450 cui
2146 2421 2226 2453 adde

1280 2480 1494 2513 Censorinum
1522 2479 1554 2521 (l.
1583 2478 1605 2512 l.
1637 2480 1680 2510 18
1708 2479 1826 2522 seqm),
1857 2480 2054 2512 Muci-obium
2083 2481 2224 2527 (Saturn-

1283 2545 1318 2584 1,
1350 2544 1425 2585 15),
1459 2548 1490 2573 et
1513 2542 1717 2573 Theodorum
1748 2542 1869 2574 Gazam
1897 2543 1949 2586 (de
1969 2545 2131 2577 mensibus
2155 2559 2180 2579 c.
2201 2548 2225 2579 9

1280 2611 1311 2637 et
1335 2607 1379 2637 10
1404 2604 1437 2635 in
1459 2604 1583 2635 Potavi}
1613 2604 1741 2636 Uranol.
1765 2617 1794 2647 p.
1813 2605 1886 2635 292
1911 2605 2028 2649 sequ),
2054 2607 2107 2639 ubi
2132 2607 2224 2639 etiam

1279 2669 1318 2700 de
1345 2667 1636 2700 intercalationibus
1662 2667 1751 2710 plura
1774 2667 1932 2709 leguntur.
