2310 2860
785 114 919 158 Index
949 115 1186 158 verborum
1215 129 1465 171 rerumque.
2010 121 2095 163 785

143 225 277 259 cerritus
291 223 320 270 ยง.
332 223 413 258 509.

142 288 313 321 certamina
340 288 496 330 gallorum
519 288 601 320 177.

141 361 234 381 cerva
258 350 370 381 Lunae
396 361 484 381 sacra
508 349 588 381 170.

143 412 227 444 cervi
252 412 367 443 fistulis
389 412 556 456 capiuntur
577 410 659 442 927.

143 474 296 505 cervicem
315 474 437 515 jactare
460 474 541 505 545.

142 548 292 580 ceryceus
316 539 400 569 551.

141 604 284 633 cessator
310 601 394 632 726.

141 662 256 694 cessim
280 662 340 694 25.
371 662 454 693 805.

141 724 305 767 Cethegus
329 725 413 757 269.

141 788 242 821 Cetus
267 788 391 831 signum
417 789 498 821 850.
522 789 604 822 852.
631 789 712 821 858.
737 789 821 822 845.

141 850 271 883 Chalcis
297 851 381 883 659.

141 913 303 946 Chaldaea
328 914 478 946 miracula
504 914 584 946 142.

141 975 296 1008 Chaldaei
321 977 404 1007 681.
434 976 514 1007 701.

140 1037 287 1069 chalcan
312 1043 424 1080 portus
449 1038 518 1068 651
545 1041 612 1068 not.

139 1098 289 1131 Chaones
320 1100 403 1130 651.

138 1163 233 1195 chaos
257 1162 464 1202 foedifragum
486 1159 569 1192 912.

137 1224 252 1257 Charis
274 1223 356 1254 trina
381 1224 464 1254 888.

138 1286 286 1319 Charites
310 1286 392 1318 152.
415 1286 499 1317 907.

137 1349 267 1381 Charon
291 1348 373 1378 142.

136 1411 317 1456 Charybdis
340 1410 424 1442 641.

335 1472 501 1505 luxuriosa
525 1471 606 1504 512.

136 1536 257 1570 Chciac
278 1536 312 1568 in
334 1535 464 1568 zodiaco
491 1534 575 1566 859.

276 1598 296 1630 i.
322 1611 353 1642 q.
379 1596 506 1629 brachia
524 1596 595 1627 905
615 1600 680 1627 not.

135 1662 244 1707 chelys
268 1663 327 1695 56.
354 1662 438 1693 910.
462 1660 546 1691 912.

271 1724 407 1757 Arionia
430 1723 514 1756 908.

269 1788 364 1820 Jovis
388 1787 671 1831 enueaphthongos
695 1786 752 1817 66.

265 1849 379 1881 Latoia
396 1849 480 1880 220.

267 1912 427 1944 Pindarea
447 1912 527 1942 119.

135 1975 358 2008 Cherronesus
375 1975 456 2006 658.
482 1974 565 2006 669.

135 2038 303 2070 Chimaera
322 2048 414 2067 mons
437 2035 520 2067 684.

133 2101 376 2144 chirographum
393 2099 476 2131 499.

135 2165 236 2197 Chius
259 2163 364 2195 insula
391 2163 473 2194 616.
496 2161 586 2196 638.

134 2228 274 2269 chlamys
299 2228 330 2258 5.
355 2227 439 2257 999.

133 2292 265 2324 Chones
283 2289 356 2320 642
374 2294 440 2320 not.

133 2351 350 2386 cl10rdacistae
369 2349 454 2381 924.

133 2413 233 2447 chorii
255 2412 338 2443 992.

134 2477 250 2509 chorus
274 2473 447 2504 Parcarum
469 2470 528 2502 52.

276 2536 441 2569 Musarum
465 2534 481 2565 1
491 2534 506 2564 1
514 2534 545 2564 7.

1148 226 1276 257 chroma
1296 225 1481 257 modulandi
1504 237 1604 267 genus
1631 225 1662 271 ฮพ
1676 226 1759 260 955.
1783 227 1866 261 956.
1892 228 1975 261 959.

1147 288 1337 321 chromatice
1365 289 1462 320 diesis
1485 290 1567 321 950.

1147 350 1359 383 chromaticus
1384 351 1467 381 942.
1492 351 1575 383 949.
1598 352 1679 382 955.
1703 352 1787 384 966.

1145 412 1313 444 chronicus
1339 411 1537 455 planetarum
1564 419 1651 444 ortus
1676 414 1749 445 887
1770 419 1838 446 not.

1145 474 1290 516 Chrysea
1312 473 1414 504 insula
1437 474 1519 505 695.

1141 535 1340 579 Chrysippus
1358 535 1443 566 527.

1143 599 1360 642 Chrysoceras
1382 596 1634 642 promontorium
1656 599 1739 630 657.

1143 664 1257 697 Cicero
1289 664 1372 695 456.

1285 726 1398 760 consul
1423 727 1507 758 451.

1288 790 1451 822 trabeatus
1473 790 1557 821 429.

1290 853 1482 895 apostrophe
1505 851 1687 893 frequenter
1713 849 1813 881 utitur
1837 850 1919 882 525.

1290 913 1447 946 Catonem
1472 912 1604 943 laudans
1630 913 1713 943 468.

1293 982 1391 1009 artem
1415 976 1618 1007 dissimulans
1643 976 1725 1007 516.

1292 1050 1403 1071 versus
1427 1050 1489 1069 non
1514 1037 1610 1068 evitat
1630 1037 1712 1067 517.

1289 1101 1532 1145 reprehenditur
1557 1101 1640 1133 519.
1667 1099 1752 1132 522.

1286 1163 1356 1204 ejus
1383 1163 1527 1206 exempla
1551 1167 1682 1204 usurpat
1707 1158 1880 1191 Rhetorica
1900 1159 1987 1192 459.

1287 1226 1320 1258 in
1347 1226 1513 1257 rhetoricis
1544 1225 1627 1257 599.
1661 1225 1746 1256 459.
1772 1223 1856 1255 445.
1888 1223 1972 1254 487.
2003 1222 2085 1254 508.

1284 1289 1366 1320 551.

1286 1349 1320 1381 in
1341 1348 1528 1380 academicis
1554 1350 1639 1383 517.

1287 1410 1322 1441 in
1349 1410 1525 1441 Hortensio
1553 1410 1637 1441 441.

1282 1471 1316 1503 in
1341 1470 1534 1514 Quinctiana
1556 1472 1640 1503 556.

1284 1531 1318 1564 in
1353 1531 1513 1565 Rosciana
1547 1532 1632 1563 441.
1661 1532 1745 1563 444.
1773 1531 1857 1564 469-
1885 1531 1969 1564 490.
2002 1532 2084 1565 502.

1286 1594 1370 1626 522.

1284 1657 1318 1689 in
1343 1657 1537 1688 dixinationc
1562 1657 1595 1688 in
1618 1656 1794 1689 Caecilium
1818 1657 1900 1689 505.
1921 1657 2004 1688 522.

1281 1717 1315 1751 in
1329 1719 1476 1750 Veri-inis
1493 1719 1575 1750 449.
1593 1718 1677 1749 469.
1696 1719 1780 1749 485.
1797 1718 1881 1750 487.
1897 1718 1983 1750 491.
1999 1718 2083 1750 495.

1281 1782 1366 1814 495.
1385 1782 1468 1813 504.
1485 1782 1568 1813 507.
1583 1782 1665 1813 509.
1688 1782 1770 1813 510.
1795 1782 1877 1814 515.
1898 1782 1981 1814 517.
1999 1781 2082 1814 529.

1284 1843 1367 1875 554.
1394 1844 1476 1874 556.

1281 1906 1315 1937 in
1339 1906 1546 1938 Vcrriuarum
1569 1907 1703 1950 septima
1729 1907 1811 1939 504.

1280 1979 1340 2013 pro
1361 1967 1469 1998 Tullio
1494 1969 1575 1999 509.
1600 1969 1681 1999 556.

1280 2028 1315 2061 in
1341 2029 1534 2062 Corneliana
1556 2030 1640 2061 492.
1662 2030 1745 2062 506.
1771 2029 1854 2062 525.

1278 2105 1338 2138 pro
1362 2092 1499 2135 Fontejo
1519 2093 1603 2126 554.

1281 2161 1314 2193 in
1341 2161 1532 2194 Caeciuiana
1557 2161 1639 2192 527.

1279 2234 1338 2267 pro
1365 2222 1516 2254 Cluentio
1539 2223 1621 2254 507.
1643 2222 1725 2253 518.
1752 2222 1834 2253 525.

1280 2285 1320 2316 de
1349 2284 1420 2325 lege
1447 2283 1567 2325 agraria
1594 2288 1704 2315 contra
1727 2282 1860 2313 Rullum
1889 2283 1970 2315 554.
1995 2284 2075 2317 556.

1280 2348 1314 2380 in
1342 2347 1536 2379 Catilinariis
1560 2347 1644 2378 496.
1669 2345 1753 2377 498.
1782 2346 1863 2378 505.
1885 2346 1967 2377 529.

1281 2410 1315 2442 in
1338 2410 1525 2442 Mureniana
1551 2411 1632 2442 525.

1282 2472 1316 2502 in
1339 2471 1513 2504 Scauriana
1534 2472 1618 2503 441.
1646 2470 1730 2503 469.

1279 2544 1338 2580 pro
1367 2533 1461 2565 domo
1487 2544 1543 2564 sua
1564 2532 1647 2565 455.
1673 2531 1755 2563 512.
1775 2530 1857 2563 528.

1633 2595 1681 2627 99
