2310 2860
670 175 1100 233 MartianiCapellae
1129 177 1201 219 lib.
1226 177 1345 220 VIII.
1375 180 1407 230 ᾗ.
1438 178 1538 221 860.
1999 184 2085 226 671

127 293 273 340 potest.
331 284 514 325 Duobus
555 284 667 325 enim
708 285 818 325 vasis
857 285 995 325 aeneis
1039 283 1236 324 fusilibus
1277 285 1441 340 positis,
1495 286 1671 328 inferius
1712 302 1921 339 vacuum,
1967 290 2082 332 aliud

126 366 325 421 superius
356 381 468 420 aqua
499 366 676 422 plenum
711 380 833 420 pone.
893 365 1088 405 Observa
1124 374 1265 406 autem
1300 368 1450 408 Lunae
1477 377 1642 420 ortum,
1686 379 1725 410 et
1755 371 1917 412 stellam
1951 371 2079 414 fixam

125 445 253 486 simul
285 461 383 486 cum
417 461 466 487 ea
503 446 732 498 orientcin3
771 455 810 486 et
841 459 979 499 quum
1011 445 1196 499 coeperit
1238 460 1392 502 eorpus
1429 449 1579 488 Lunae
1618 463 1670 489 ex
1704 450 1923 504 superiore
1963 461 2081 506 parte

126 542 258 583 supra
305 537 434 569 terras
482 541 708 582 apparere,
761 526 840 566 cito
885 525 1114 581 superioris
1160 526 1271 567 vasis
1315 542 1425 581 aqua
1476 528 1670 570 videlicet
1723 530 1835 585 pleni
1888 541 2079 573 centrum

125 608 264 662 aperi,
303 617 348 648 ut
372 607 500 648 simul
531 622 630 647 cum
662 607 884 662 incipiente
918 608 1041 646 Luna
1065 605 1166 645 oriri
1198 621 1312 661 aqua
1344 607 1478 648 fluere
1510 610 1550 648 in
1583 624 1656 649 vas
1688 610 1863 651 inferius
1894 611 2081 666 incipiat,

127 697 166 728 et
196 688 330 729 donec
365 698 499 729 totum
541 702 695 744 corpus
735 696 937 743 appareat
971 686 1086 728 fluat.
1147 687 1294 736 Quum
1330 697 1473 728 autem
1506 697 1590 729 tota
1621 703 1750 743 supra
1786 699 1917 730 terras
1948 705 2082 746 appa-

122 771 257 811 ruerit
295 771 442 821 Luna,
486 770 622 810 statim
658 770 850 825 primum
887 783 961 810 vas
1003 769 1045 807 in
1077 767 1195 823 quod
1231 781 1345 821 aqua
1389 766 1563 808 fluxerit
1599 768 1846 820 subtrahas,
1898 779 1935 810 et
1967 771 2083 811 aliud

126 865 312 906 apponas
354 853 394 892 in
428 851 544 906 quod
577 865 688 905 aqua
728 850 853 901 fluat,
898 850 1033 891 donec
1061 861 1182 892 nocte
1218 849 1297 890 alia
1328 859 1575 890 renascatur
1604 849 1674 890 illa
1706 850 1844 900 stella,
1895 866 2007 906 quae
2041 852 2081 891 in

122 934 264 985 priore
305 941 425 972 nocte
468 946 566 971 cum
611 932 736 971 Luna
779 930 1017 984 oriebatur,
1063 942 1102 973 et
1142 947 1280 987 quum
1325 931 1396 972 illa
1436 941 1527 972 orta
1569 931 1714 983 suerit,
1762 933 1961 986 superius
2007 947 2080 973 vas

123 1012 237 1052 unde
263 1027 374 1067 aqua
402 1012 584 1054 fluxerat
610 1013 743 1054 tollas.
787 1012 953 1053 Deinde
985 1013 1133 1054 metire
1159 1027 1340 1068 aquam,
1371 1027 1483 1068 quae
1506 1012 1547 1052 in
1572 1013 1704 1067 spatio
1729 1012 1871 1068 viginti
1897 1023 2082 1068 quatuor

123 1090 329 1132 horarum
372 1092 575 1142 fluxerat,
628 1093 679 1133 ad
719 1108 967 1134 mensuram
1011 1093 1128 1133 illam
1168 1095 1376 1147 primam,
1430 1108 1541 1147 quae
1581 1109 1680 1134 cum
1718 1109 1895 1149 corpore
1930 1097 2081 1136 Lunae

121 1172 240 1227 prius
270 1172 311 1212 iu
344 1173 532 1227 primum
566 1186 640 1213 vas
672 1172 879 1223 fluxerat,
917 1182 956 1212 et
984 1174 1173 1215 invenies
1201 1175 1431 1214 sexcenties
1464 1188 1623 1227 aquam
1654 1189 1919 1225 excrescere,
1966 1177 2083 1230 quod

120 1254 162 1294 in
205 1255 356 1295 Lunae
394 1254 551 1294 circulo
591 1253 682 1294 fieri
718 1269 803 1294 non
842 1253 1024 1295 dubium
1058 1265 1139 1306 est,
1192 1255 1234 1295 id
1277 1264 1336 1295 est
1377 1255 1608 1295 sexcenties
1653 1270 1858 1311 superare
1896 1258 2082 1313 spatium

121 1347 276 1388 corpus
296 1333 469 1383 Lunae;
508 1332 621 1373 unde
658 1333 826 1387 colligas
862 1333 1074 1373 circulum
1109 1333 1203 1386 ejus
1236 1335 1353 1375 toties
1385 1349 1473 1374 esse
1504 1336 1714 1391 majorem
1753 1338 1891 1379 Luna.

1955 1339 2083 1380 Vides

120 1413 317 1454 lunarem
353 1412 563 1453 circulum
598 1413 750 1452 centies
784 1412 992 1467 majorem
1023 1429 1111 1454 esse
1145 1414 1307 1456 tellure.

119 1549 153 1568 re
177 1537 385 1579 judicandum
407 1537 447 1568 sit
470 1537 614 1569 videant:
631 1538 724 1570 nobis
748 1538 826 1569 satis
852 1538 912 1569 erit
938 1538 1078 1570 breviter

120 1600 300 1631 discrimina
334 1601 503 1637 librorum,
544 1613 626 1645 quos
653 1614 773 1633 summa
807 1602 971 1643 diligenda
1000 1613 1075 1633 con-

119 1662 292 1703 gessimus,
315 1662 661 1695 indieasse.Gn0T.—-
691 1664 801 1706 Atque
827 1664 904 1694 alias
929 1663 1076 1706 equidem

120 1724 232 1754 addam
259 1724 431 1764 lectiones-5
459 1737 530 1755 nam
563 1725 665 1755 codex
694 1725 898 1756 Monacensis
923 1726 978 1768 (C)
1002 1730 1076 1768 post

120 1786 215 1816 verba
239 1787 312 1817 orbe
337 1798 396 1817 sno
415 1788 596 1817 sexcenties
623 1787 668 1818 sic
687 1787 803 1830 pergit:
827 1787 870 1817 »si
897 1787 1073 1830 elypsydris

118 1849 212 1879 fusile
236 1861 337 1892 ponas
363 1855 459 1892 atque
481 1861 603 1880 emersa
629 1849 715 1880 omni
738 1850 905 1880 subtrahas
928 1850 1073 1892 primum,

120 1917 152 1943 et
174 1912 259 1944 aliud
281 1924 335 1943 vas
363 1924 521 1955 apponas,
545 1913 648 1944 donec
665 1913 725 1943 alia
746 1918 931 1943 renascatur
950 1912 1074 1953 adjecto

120 1973 158 2005 ad
193 1973 302 2005 circuli
333 1973 455 2016 spacia,
495 1978 527 2004 et
557 1979 636 2016 quot
671 1973 810 2004 excurrit
847 1974 1008 2016 partibus,
1042 1980 1075 2005 et

118 2038 188 2080 ipso
213 2037 288 2067 item
324 2038 435 2068 Lunae
464 2048 597 2080 corpore
627 2036 776 2079 quonium
807 2037 846 2067 de
875 2037 993 2068 circqu
1013 2038 1074 2069 lioc

119 2111 247 2144 quoque
270 2112 342 2131 esse
369 2112 432 2131 nou
458 2100 589 2131 dubium
619 2105 698 2133 est.«
732 2100 997 2131 Darmstattensis
1021 2113 1073 2131 nn-

118 2168 184 2194 tem
205 2170 280 2207 post
300 2164 396 2195 verba
418 2164 504 2210 quod
527 2164 699 2207 clepsydris
725 2164 803 2195 haec
828 2164 936 2194 habet:
961 2164 1073 2195 »fusile

118 2224 280 2268 imponas,
310 2230 405 2269 atque
429 2236 552 2256 emersa
575 2225 662 2257 omni
685 2224 852 2256 subtrahas
884 2225 1019 2269 primum
1042 2232 1073 2257 at

120 2288 206 2320 aliud
238 2299 292 2319 vas
331 2300 472 2331 apponas
505 2289 608 2321 donee
645 2294 738 2320 nocte
776 2289 838 2320 alia
875 2295 1071 2323 renascatur.

119 2348 259 2391 Adjecto
283 2348 322 2380 ad
346 2348 455 2380 circuli
480 2350 581 2393 spatia
607 2355 640 2381 ct
661 2355 740 2394 quot
766 2350 906 2382 excurrit
928 2351 1072 2395 partibus

120 2417 153 2445 et
178 2412 287 2456 ipso«,
317 2416 422 2443 cetera
448 2416 484 2442 ut
505 2412 538 2443 in
563 2414 759 2446 Monaeensi.
796 2414 1072 2447 Ettenheimmiin-

120 2474 286 2508 steriensis
317 2474 455 2518 denique
489 2475 594 2507 verbis
628 2478 777 2509 extremis
809 2479 893 2522 apud
923 2478 1071 2511 Grotium

128 2539 234 2571 »vides
278 2537 421 2569 lunarem
462 2538 615 2570 circulum
656 2540 776 2572 centies
813 2541 966 2583 majorem
999 2554 1071 2573 esse

120 2602 253 2635 tellure«
277 2601 403 2634 omissis
430 2601 570 2646 reponit:
597 2602 642 2634 »si
668 2614 743 2646 ergo
766 2604 859 2637 Luna
888 2610 938 2638 est
967 2605 1071 2638 minor

1128 1539 1246 1570 sexties
1263 1545 1364 1580 terra,
1391 1541 1486 1584 triplo
1504 1541 1654 1583 majorem
1673 1554 1745 1574 esse
1767 1543 1877 1575 umbra
1899 1556 1955 1576 sua
1978 1544 2080 1589 ipsam

1127 1601 1260 1631 Lunam.
1288 1601 1375 1641 Ergo
1399 1602 1569 1633 collectum
1590 1609 1639 1633 est
1655 1603 1780 1634 Lunam
1805 1606 1909 1636 sexies
1927 1606 2081 1639 minorem

1128 1664 1309 1695 sexcenties
1332 1664 1441 1695 circuli
1467 1665 1536 1705 ejus
1564 1671 1613 1696 est
1630 1666 1731 1707 major
1755 1667 1824 1711 ipsa
1850 1670 1953 1701 Luna.
1979 1670 2080 1702 Vides

1127 1727 1270 1758 lunarem
1305 1727 1457 1759 circulum
1487 1729 1608 1760 centies
1640 1730 1794 1761 minorem
1825 1744 1896 1763 esse
1932 1734 2074 1765 tellurem

1123 1790 1193 1821 Nos
1212 1791 1251 1821 ad
1267 1802 1396 1822 sensum
1414 1791 1446 1822 Iu
1461 1792 1587 1833 vulgata
1604 1793 1740 1825 lectione
1761 1795 1836 1825 nihil
1852 1796 2080 1834 desideramus,

1127 1859 1257 1897 apparet
1277 1859 1382 1885 tamen
1407 1867 1471 1886 non
1496 1860 1614 1886 tantam
1637 1857 1733 1898 hujus
1755 1870 1825 1889 esse
1850 1860 2079 1897 auctoritatem,

1127 1921 1161 1945 ut
1180 1916 1349 1957 geni-inam
1359 1916 1507 1948 Martiani
1525 1930 1651 1949 inanum
1668 1924 1776 1950 tenere
1793 1931 1852 1950 nos
1874 1921 2079 1955 confidamus.

1198 1976 1361 2022 fusilibus]
1390 1978 1427 2009 ld
1449 1990 1520 2009 esse
1543 1992 1585 2010 ex
1607 1992 1680 2011 aere
1698 1980 1799 2022 fusis,
1825 1983 1971 2025 superior
1988 1984 2078 2016 locus

1126 2038 1242 2081 (51:¹¹)
1271 2039 1372 2070 docet.
1410 2039 1578 2071 Vitruxius
1608 2042 1662 2084 (8,
1687 2042 1723 2083 5)
1747 2042 1786 2073 de
1808 2055 1960 2086 aquarum
1985 2057 2079 2088 expe-

1125 2101 1268 2132 rimentis
1304 2109 1457 2134 memorat
1487 2115 1560 2134 »vas
1592 2103 1813 2145 Corinthium,
1853 2107 1919 2138 sive
1948 2108 2078 2139 alterius

1125 2165 1251 2206 generis
1281 2164 1367 2208 q'uod
1398 2167 1457 2197 erit
1485 2179 1527 2198 ex
1552 2179 1626 2198 aere
1652 2168 1765 2201 boum«
1800 2169 1867 2202 Sed
1898 2171 2076 2203 simillimus

1125 2232 1175 2257 est
1198 2226 1289 2258 locus
1319 2227 1475 2259 Macrobii
1506 2228 1558 2272 (in
1584 2240 1685 2261 somn.
1711 2229 1798 2274 Scip.
1821 2233 1856 2270 1,
1876 2232 1953 2276 21),
1981 2245 2075 2276 quem

1124 2294 1225 2319 totum
1246 2289 1421 2320 contulisse
1442 2301 1557 2333 operae
1584 2290 1720 2333 pretium
1743 2292 1845 2322 suerit.
1882 2293 1931 2323 De
1953 2293 2075 2337 clepsy-

1125 2349 1189 2381 dris
1206 2354 1347 2381 veterum
1359 2356 1485 2382 exstant
1498 2351 1740 2383 dissertationes
1755 2352 1960 2386 Petennauni
1973 2355 2075 2399 (Lips.

1126 2410 1255 2454 1671),
1277 2416 1310 2442 et
1333 2411 1374 2444 G.
1394 2412 1580 2444 C.Drandii
1603 2412 1739 2456 (1752).

1195 2477 1333 2518 spatham
1348 2474 1474 2520 corpus]
1499 2476 1612 2509 Codex
1630 2476 1834 2508 Monacensis
1851 2476 1906 2520 (C)
1921 2482 2074 2521 corporis,

1122 2539 1248 2582 inepte3
1275 2550 1389 2570 sensus
1418 2540 1501 2572 enim
1528 2546 1593 2581 est,
1624 2538 1759 2583 spatium
1786 2539 1895 2572 circuli
1924 2554 2074 2586 superare

1122 2614 1238 2649 corpus
1260 2602 1382 2636 Lunae.
