2310 2860
167 124 228 167 90

753 121 952 163 Martiani
989 119 1189 177 Capellae
1225 119 1298 161 lib.
1323 118 1356 161 I.
1401 120 1525 172 §.45

83 229 146 272 45
173 229 282 273 Item
321 238 361 271 et
398 238 557 285 septem
602 226 780 280 residui,
827 229 903 284 qui
945 229 1052 267 inter
1090 225 1319 268 duodecim
1359 241 1445 267 non
1476 237 1705 282 vocantur3
1744 238 1837 285 post
1865 230 1942 272 hos
1969 243 2127 286 quam—

168 314 314 370 plures
353 312 421 353 alii
469 325 547 366 pro
588 310 674 352 suis
719 308 920 366 gradibus
969 306 1157 359 coelites,
1207 322 1254 348 ac
1313 306 1496 351 deorum
1545 312 1681 352 onmis
1728 312 1914 367 populus
1965 313 2126 368 absque

170 483 270 529 probe
298 482 517 515 observarunt.
557 480 639 514 Nam
669 482 714 514 ita
743 482 836 513 etiam
857 479 1038 526 Appulejus
1069 477 1123 523 (de

170 547 231 579 deo
253 546 344 579 Socr.
368 559 400 590 p.
420 546 488 578 121
514 545 617 590 oud.)
638 547 752 587 hahet,
789 558 883 590 quem
917 557 935 576 a
964 543 1123 576 Martiano

170 620 266 653 saepe
289 608 484 652 exscriptum
505 619 577 639 esse
598 608 733 652 quilibet
752 606 888 646 videbit,
920 605 974 649 qui
1003 611 1122 636 utrum-

168 684 231 716 que
257 672 378 714 legerit.
418 671 486 703 Sed
512 671 613 703 multo
638 671 732 703 etiam
762 671 863 713 magis
896 669 977 701 scire
1007 669 1122 709 refert,

168 745 232 778 quo
262 738 355 777 pacto
387 733 513 765 Ennius
550 733 619 777 ipse
663 745 790 764 versum
825 732 915 763 illum
950 730 1122 774 scripserit.

167 796 264 827 Iquc
287 795 375 826 Joui’
405 794 573 839 scripsisse
596 794 779 826 Ludovicus
804 793 862 825 Vix
872 805 906 824 es
935 793 989 837 (ad
1009 791 1121 834 Augu-

167 857 239 888 stin.
263 857 302 888 de
326 856 386 888 civ.
411 855 463 887 dei
479 857 522 896 4,
553 855 615 899 25)
643 861 795 895 testatur,
831 855 921 897 cujus
950 855 1122 886 auctoritas

166 929 205 950 co
228 919 330 960 major
355 930 426 949 esse
456 918 567 957 debet,
595 929 659 960 quo
685 917 802 949 certius
829 922 955 948 constat
983 917 1057 960 (vid.
1083 915 1124 948 ad

165 980 251 1022 Aug.
269 981 304 1020 2,
329 980 387 1011 21.
408 984 440 1011 et
463 979 586 1010 Fabi-ie.
601 977 677 1009 bibl.
694 978 766 1008 Lat.
785 977 826 1018 4,
857 979 887 1008 1.
909 991 938 1022 p.
962 978 1010 1009 29
1029 977 1121 1021 Ern.)

165 1043 263 1075 Ennii
286 1055 358 1075 cum
376 1043 547 1074 editionem
565 1041 711 1073 molitum
732 1052 812 1072 esse.
840 1040 1000 1073 Omnibus
1026 1041 1122 1082 igitur

164 1107 228 1137 illis
248 1106 415 1150 perpensis
434 1118 472 1137 eo
490 1106 645 1137 adductus
667 1116 755 1145 sum,
783 1110 817 1135 ut
838 1105 925 1136 Jovi'
948 1104 982 1135 in
1000 1109 1121 1134 textum

164 1170 348 1214 reciperem.
374 1170 482 1214 (Cous.
514 1169 596 1212 Cup.
622 1168 655 1199 in
681 1168 838 1211 Hal-poor.
864 1180 895 1211 p.
913 1167 970 1198 (39.
988 1166 1118 1198 Reiues.

165 1232 260 1262 inser.
276 1244 307 1274 p.
324 1232 358 1262 4.
377 1230 507 1274 Gyrald.
523 1242 574 1273 op.
591 1229 616 1260 I.
637 1242 667 1272 p.
686 1230 741 1260 18.
762 1229 860 1260 Voss.
876 1227 986 1259 idolol.
1006 1229 1037 1267 1,
1063 1228 1118 1260 ’14-

162 1294 276 1327 Montf.
299 1294 418 1337 antiqu.
450 1294 533 1336 expl.
562 1293 659 1336 praes.
690 1304 721 1336 p.
743 1292 790 1324 94
824 1298 856 1324 ct
882 1291 919 1324 T.
948 1291 974 1324 Ι.
1006 1304 1038 1336 p.
1060 1293 1118 1324 55.

163 1357 270 1390 Casal.
297 1357 335 1389 de
363 1357 446 1388 ritib.
468 1369 498 1400 p.
521 1355 614 1399 loo).

236 1427 357 1464 septem
383 1418 518 1464 residui]
545 1419 695 1450 Habebat
726 1417 860 1450 Grotius
884 1418 981 1450 »Item
1010 1430 1051 1449 ex
1067 1419 1117 1449 his

162 1490 284 1528 septem
311 1483 459 1515 residui«
499 1483 594 1513 Unde
627 1482 914 1513 animadvertebat:
937 1482 1118 1525 »quomodo

161 1553 303 1592 septem,
344 1559 442 1591 quum
473 1545 640 1578 duodecim
670 1545 867 1577 nominarit?
902 1545 949 1577 At
977 1546 1118 1589 quinque

159 1617 345 1656 praesentes
372 1611 439 1652 jam
469 1616 577 1649 crant,
606 1609 754 1653 Jupiter,
783 1609 890 1647 June,
918 1609 1118 1648 Mercurius,

160 1673 299 1716 Apollo,
334 1672 453 1703 Pallas.

158 1748 273 1778 magna
296 1735 409 1775 turba,
437 1745 518 1777 quac
545 1734 606 1765 isto
630 1744 763 1765 numero
790 1745 855 1764 non
883 1739 951 1764 crat
974 1745 1116 1777 compre-

519 1670 653 1713 Septem
682 1670 779 1710 igitur
810 1669 863 1700 alii
891 1670 1053 1710 adxocati,
1086 1674 1119 1701 et

159 1802 287 1832 hensa.«
308 1798 479 1840 Ingeniosa
503 1797 631 1829 omnino
651 1798 730 1828 haee
748 1802 797 1828 est
814 1797 1007 1840 explanatio,
1024 1809 1118 1840 quam

161 1870 267 1894 tamen
299 1862 425 1903 glossae
466 1861 603 1892 debebat
631 1859 783 1901 Grotius,
823 1859 1003 1908 Grotioque
1031 1860 1117 1892 Goe-

162 1925 241 1957 zius,
277 1922 492 1957 Nihilominus
529 1923 726 1966 superiorem
761 1922 906 1965 praefero
935 1922 1116 1964 lectionem,

165 2001 259 2031 quam
280 1988 410 2020 Curtius
433 1999 472 2018 ex
494 1987 584 2018 libris
612 1986 738 2030 scriptis
755 1985 1017 2029 Guelferbytanis
1043 1999 1116 2031 pro—

165 2049 262 2084 didit.
292 2056 323 2080 et
347 2061 482 2093 quac-uni
505 2049 718 2080 Monacenses
745 2048 787 2091 (C
811 2053 842 2079 et
861 2048 925 2090 E),
954 2048 1116 2080 Britanni-

164 2121 241 2150 cus,
269 2110 558 2151 Cantabrigiensis,
597 2115 628 2140 ct
655 2109 855 2151 Bodlejanus
889 2110 1008 2152 primus
1043 2122 1117 2142 eon-

167 2171 294 2210 ciuunt,
324 2171 384 2201 nisi
411 2170 498 2214 quod
523 2170 556 2201 hi
576 2170 763 2214 particulam
788 2177 820 2202 et
850 2171 1017 2212 omittunt,
1053 2183 1117 2215 quo

167 2244 353 2277 parumper,
383 2238 437 2263 aut
458 2232 552 2272 nihil,
579 2245 596 2263 a
619 2232 777 2276 superiori
801 2232 958 2264 differunt.
999 2232 1119 2265 Obstat

168 2303 254 2329 certe
279 2295 451 2328 Grotianae
477 2295 680 2340 explicationi
702 2296 782 2327 illud
806 2299 902 2336 item,
930 2309 994 2340 quo
1015 2298 1117 2329 innui-

169 2364 232 2397 tur,
246 2351 380 2400 'praeter
402 2357 567 2389 duodecim
584 2358 652 2404 jam
671 2359 862 2399 nominatos,
886 2365 1008 2402 septem
1024 2360 1118 2392 etiam

170 2419 317 2451 residuos
341 2418 495 2462 quosdam
521 2431 591 2451 esse
612 2426 812 2452 convocatos.
839 2420 952 2465 Neque
974 2421 1118 2465 Grotius,

172 2493 277 2526 neque
303 2479 462 2520 Goezius,
489 2481 610 2512 sontem
633 2481 838 2521 detexerunt,
862 2495 878 2513 c
904 2495 967 2526 quo
991 2483 1118 2514 Martia-

173 2555 232 2574 nus
259 2554 316 2574 sua
334 2543 492 2574 hauserat.
518 2542 607 2574 Deos
625 2542 708 2574 enim
730 2543 888 2575 Maximus
907 2545 1023 2588 Tyrius
1043 2546 1116 2591 (17,

1177 479 1232 512 12.
1251 493 1282 524 p.
1298 481 1372 514 557
1395 480 1519 525 neisk.)
1545 478 1712 526 ὁρατούς
1732 488 1763 514 et
1786 479 1952 531 ἀφανεῖς
1971 482 2125 522 distinxit,

1174 554 1311 585 quorum
1335 543 1458 586 priores
1485 541 1668 586 Appulejus
1698 543 1750 586 (de
1783 545 1842 576 deo
1868 544 1959 577 Socr.
1993 557 2023 588 p.
2045 545 2124 575 119.

1176 606 1243 636 121
1271 605 1381 649 Oud.),
1406 618 1423 637 c
1445 606 1593 638 Platonis
1619 606 1774 647 doctrina,
1799 606 1928 648 Solem,
1952 608 2077 639 Lunam
2095 613 2127 639 et

1174 667 1315 711 quinque
1341 680 1437 709 vagas
1469 668 1564 708 dicit,
1602 668 1798 711 posteriores
1824 673 1928 700 autem
1952 669 2030 701 deos
2053 681 2125 701 eon-

1172 735 1293 768 sentes,
1317 741 1398 774 quos
1420 730 1622 762 considerare
1640 742 1706 762 non
1728 729 1837 763 datmu
1861 731 1910 762 sit.
1927 731 1977 763 Ita
1998 738 2030 764 et
2047 730 2124 766 Ovi-

1173 791 1244 822 dius
1271 792 1364 835 (trist.
1380 793 1416 833 4,
1439 793 1475 832 4,
1500 793 1561 836 20)
1582 791 1621 823 de
1646 792 1725 823 diis:

1230 855 1393 899 »Quorum
1411 857 1463 888 laic
1484 858 1651 899 aspicitur,
1679 856 1822 888 ereditur
1845 856 1897 887 ille
1918 856 2024 887 densa«

1172 918 1307 951 Praeter
1325 920 1493 952 duodecim
1515 919 1612 962 igitur
1632 920 1752 951 residui
1775 925 1886 951 nostro
1909 925 1984 950 sunt
2003 925 2126 964 septem

1171 980 1345 1022 Planetae,
1377 981 1533 1025 siquidem
1557 982 1618 1014 hoe
1643 981 1716 1013 loco
1740 981 1820 1013 alios
1843 981 1912 1013 vult
1936 981 2046 1013 haberi
2065 980 2126 1014 So-

1171 1044 1254 1085 lem,
1282 1045 1424 1085 Lunam,
1451 1044 1645 1085 Saturnum,
1669 1044 1803 1086 Jovnm,
1835 1046 1991 1085 Martem,
2018 1045 2126 1078 Vene-

1171 1116 1249 1145 rem,
1266 1112 1297 1137 et
1313 1106 1518 1145 Herem-ium,
1534 1107 1682 1149 planetas
1696 1106 1907 1150 conspicuos,
1931 1106 2010 1137 alios
2023 1106 2125 1150 Apol-

1170 1167 1287 1208 linem,
1314 1167 1467 1207 Dianam,
1495 1167 1688 1208 Saturnum,
1714 1168 1848 1207 Jovem,
1876 1168 2030 1209 Martem,
2059 1168 2124 1201 Ve-

1169 1242 1294 1270 nerem,
1325 1236 1356 1261 ct
1377 1231 1589 1271 Mercurium,
1628 1231 1702 1262 deos
1731 1226 1909 1276 νοητούς.
1957 1231 2125 1275 Superiori

1169 1295 1264 1326 ctiam
1284 1295 1364 1326 ¹loeo
1391 1293 1432 1337 (ξ.
1458 1294 1520 1337 29)
1546 1295 1587 1326 ad
1615 1295 1740 1326 coelum
1768 1294 1999 1326 adscendentes
2021 1294 2125 1338 Apol-

1168 1356 1265 1387 linem
1290 1362 1321 1387 et
1337 1355 1550 1395 Mercuriffln,
1572 1356 1662 1386 illum
1685 1356 1719 1386 in
1743 1355 1862 1396 solem,
1891 1357 1975 1388 hunc
1997 1357 2031 1387 in
2057 1356 2125 1400 pla-

1170 1425 1278 1451 netam
1306 1419 1507 1450 transmutari
1538 1419 1688 1449 finxerat:
1713 1425 1743 1450 et
1770 1418 1913 1450 infcriori
1938 1418 1980 1463 (ἓ.
1999 1420 2068 1452 741
2090 1421 2125 1464 1⁸.)

1172 1487 1294 1524 septem
1317 1481 1378 1511 diis
1402 1485 1510 1524 aperte
1532 1480 1678 1523 planetas
1707 1480 1860 1520 designat.
1895 1481 2124 1522 Distinguendi

1170 1542 1267 1583 igitur
1292 1542 1324 1573 hi
1343 1554 1360 1573 a
1384 1542 1468 1573 veris
1487 1541 1556 1572 diis.
1585 1540 1696 1584 Atque
1720 1542 1781 1572 hoe
1801 1547 1895 1584 pacto
1919 1541 2026 1573 locum
2047 1554 2124 1575 sane

1169 1603 1310 1635 Miillero
1327 1603 1422 1634 etiam
1442 1602 1580 1645 (Etrusc.
1598 1601 1641 1633 Π.
1660 1614 1690 1645 p.
1703 1602 1764 1645 84)
1786 1602 1957 1634 obscurum
1974 1604 2123 1647 equidem

1168 1662 1369 1708 interpretor.
1395 1664 1470 1707 Ipse
1492 1663 1607 1695 Cicero
1633 1663 1684 1707 (dc
1699 1663 1739 1695 N.
1758 1663 1799 1695 D.
1818 1665 1859 1703 5,
1880 1665 1941 1708 20)
1965 1665 2114 1699 »Solem«

1168 1727 1271 1771 inquit
1287 1742 1297 1755 »ι
1305 1726 1399 1758 deum
1415 1737 1486 1758 csse
1502 1726 1704 1768 Lunamque,
1719 1737 1853 1769 quorum
1872 1726 2006 1759 alterum
2019 1727 2122 1772 Apol-

1165 1790 1262 1820 linem
1280 1788 1414 1831 Graeci,
1444 1788 1575 1819 alteram
1599 1787 1735 1820 Dianam
1757 1793 1898 1832 putant.«
1932 1788 2028 1821 Adde
2052 1790 2120 1835 Ap-

1167 1848 1310 1897 pnlcjnm
1328 1852 1380 1895 (dc
1399 1852 1504 1894 dogm.
1520 1851 1603 1884 Plat.
1619 1864 1650 1896 p.
1670 1852 1760 1892 205,
1785 1858 1816 1884 et
1849 1853 1887 1884 de
1910 1853 1970 1886 deo
1995 1853 2120 1887 Socrat.

1167 1927 1197 1959 p.
1223 1915 1292 1946 127
1321 1912 1431 1956 ond).

1243 1974 1360 2020 omnis]
1386 1975 1555 2009 Meliorem
1582 1976 1665 2007 hane
1695 1975 1867 2008 lectionem
1896 1988 1913 2009 e
1946 1977 2029 2009 libro
2054 1976 2120 2011 No-

1167 2039 1393 2081 rimbergcnsi,
1425 2039 1578 2080 Ilugiano
1606 2039 1732 2079 codice,
1764 2040 1927 2072 vossiano
1952 2039 2118 2084 (Arntzen.

1168 2103 1258 2134 misc.
1271 2115 1301 2146 p.
1314 2101 1413 2145 208),
1433 2106 1465 2132 et
1479 2101 1637 2144 excerptis
1649 2100 1810 2133 Bondami
1830 2102 1914 2145 (lect.
1931 2113 1994 2132 var.
2010 2114 2041 2144 p.
2056 2101 2119 2146 54)

1167 2164 1285 2208 recepi.
1313 2162 1447 2195 Grotius
1469 2162 1606 2194 hahebat
1632 2165 1782 2194 onmium.
1819 2162 1930 2194 nosce
1956 2162 2034 2194 deos
2054 2163 2118 2194 Lu-

1169 2228 1278 2260 cianus
1296 2226 1385 2270 (Jup.
1410 2232 1488 2268 trag.
1514 2239 1543 2270 p.
1570 2227 1640 2258 251
1664 2225 1752 2270 Rip.)
1775 2225 1899 2269 lepide,
1928 2231 1964 2256 ut
1988 2227 2118 2268 assolet,

1168 2287 1375 2335 νωνύμους
1403 2290 1560 2334 appellat,
1593 2295 1625 2320 et
1649 2285 1975 2334 ch'ccffhypozivrccg
1998 2285 2119 2333 μόνον

1167 2353 1241 2400 τὴν
1263 2351 1479 2398 ἐκκλησίαν.
1509 2351 1645 2384 Ovidius
1668 2353 1754 2396 (met.
1771 2353 1804 2392 1,
1825 2353 1905 2384 175.
1925 2353 2018 2394 5933
2046 2354 2116 2386 fast.
2151 2383 2156 2387 .

1172 2421 1179 2425 '
1202 2416 1297 2460 ⁴120)
1324 2417 1440 2460 aliique
1468 2415 1596 2460 (Seuec.
1617 2415 1708 2459 epist.
1728 2416 1810 2447 110.
1834 2416 1971 2448 Martial.
1993 2418 2033 2458 8,
2057 2418 2117 2458 50,
2155 2409 2159 2413 .

1170 2483 1239 2526 5,Υ
1259 2480 1384 2512 rudent.
1405 2492 1430 2512 c.
1449 2479 1570 2523 Symm.
1593 2480 1632 2520 1,
1659 2479 1720 2521 27)
1743 2480 1864 2522 plebem
1886 2480 1952 2512 sive
1977 2481 2016 2514 de
2028 2482 2118 2525 plebe

1168 2518 1246 2576 deo‘s
1268 2548 1461 2586 nuncupant.
1490 2540 1593 2574 Statio
1617 2541 1733 2585 (Theb.
1758 2542 1790 2581 1,
1813 2540 1900 2585 205)
1920 2548 1995 2574 sunt
