2310 2860
810 186 1009 228 Martiani
1041 185 1240 242 Capellae
1271 186 1341 229 lib.
1368 186 1422 228 V.
1454 188 1484 239 ᾗ.
1507 186 1610 230 425.
2103 191 2192 234 585

551 294 724 337 Saturni
753 293 866 335 bello
896 302 1041 334 suetus
1072 292 1270 349 disquirit
1302 296 1471 350 agresti,

548 376 843 431 Diffidensque
878 374 943 415 sui
978 385 1184 430 respectat
1214 377 1295 417 tela
1326 376 1520 417 tonantis.

404 458 483 500 Sed
514 458 620 500 dum
644 442 798 499 talibus
825 456 1102 512 perturbatur
1128 459 1261 500 multa
1285 458 1547 499 terrestrium
1573 457 1691 513 plebs
1716 458 1910 511 deorum,
1941 475 2037 501 eece
2056 472 2189 515 quae-

233 541 333 583 dam
365 543 656 583 sublimissimi
683 540 867 597 corporis
896 553 943 580 ac
972 538 1152 580 fiduciae
1174 538 1429 593 grandioris,
1463 538 1604 580 vultus
1636 540 1760 580 etiam
1794 540 1945 582 decore
1975 541 2192 582 luculenta

232 623 392 665 femina
441 625 613 679 insignis
661 622 915 678 ingreditur,
977 621 1046 660 cui
1091 620 1278 675 galeatus
1328 629 1475 661 vertex
1524 634 1572 660 ac
1618 620 1748 676 regali
1797 630 1924 676 caput
1974 621 2189 675 majestate

233 713 459 753 sertatum,
499 719 620 746 arma
660 704 701 744 in
733 703 955 753 manibus,
1002 700 1158 756 quibus
1190 715 1233 740 se
1266 701 1332 741 vel
1365 701 1632 743 communire
1672 702 1791 743 solita
1821 701 1891 742 vol
1925 700 2188 743 adversarios

233 784 484 835 vulnerare,
516 784 721 825 fulminea
748 783 937 838 quadam
969 783 1258 824 coruscatione
1289 783 1534 824 renitebant.

1596 782 1859 824 Subarmalis
1892 791 2034 822 autem
2064 780 2187 823 vestis

232 865 291 906 illi
326 866 451 922 peplo
487 865 676 921 quodam
710 865 819 906 circa
850 864 1055 905 humeros
1085 863 1277 905 involuto
1309 864 1524 907 Latialiter
1561 863 1802 916 tegebatur,
1845 862 1962 920 quod
1993 862 2190 903 omnium

287 998 445 1041 »Sylvsme
464 999 580 1042 falcem
607 1012 704 1046 quum
728 1001 810 1042 pelis
837 998 1053 1031 Saturniam«

232 1060 363 1093 Saturni
383 1067 546 1102 gestamen
572 1062 684 1093 falcem
712 1067 888 1101 agnoscunt
909 1062 1026 1092 Festus
1051 1060 1094 1103 (p.
1111 1061 1185 1092 484

230 1121 322 1164 Dae.)
341 1127 373 1152 et
392 1122 556 1153 Arnobius
574 1123 622 1165 (6,
648 1135 677 1165 p.
693 1123 791 1164 209),
821 1123 904 1153 unde
930 1122 1113 1164 falciferum
1135 1122 1186 1153 hie

229 1184 275 1227 (5.
293 1196 324 1226 p.
339 1183 423 1226 118)
442 1183 592 1227 appellat.
610 1184 782 1215 Rationem
804 1184 891 1215 illius
907 1184 1090 1215 Macrobius
1105 1184 1186 1228 (Sat.

231 1247 268 1285 l,
299 1247 319 1277 7
350 1251 381 1277 ct
411 1245 447 1288 8)
481 1251 513 1278 et
538 1246 727 1287 Fulgentius
749 1248 858 1290 (myth.
881 1249 911 1286 1,
939 1247 979 1286 23
1006 1246 1113 1289 p.55)
1135 1246 1185 1277 vel

228 1307 262 1338 in
286 1320 388 1340 messe
419 1314 558 1351 ponunt,
591 1309 642 1340 vel
670 1309 702 1339 in
727 1320 782 1348 co,
814 1309 901 1352 quod
929 1315 1054 1352 tempus
1080 1308 1185 1340 onmia

229 1376 342 1410 metat,
370 1376 514 1409 exsecet,
547 1370 674 1402 incidat.

303 1431 534 1477 sublimissimi]
554 1432 610 1464 Sic
626 1420 666 1463 cx
684 1432 915 1475 antiquioribus
929 1431 1123 1463 editionibus
1136 1443 1183 1462 rc-

230 1496 341 1539 scripsi
365 1508 422 1539 pro
449 1497 666 1533 subtilissimi,
694 1495 781 1539 quod
806 1496 904 1526 edidit
929 1495 1078 1535 Grotius,
1110 1496 1185 1527 licet

228 1559 269 1590 ita
298 1559 392 1590 etiam
424 1559 698 1590 Reichcnauensis
730 1559 832 1590 codex
857 1559 987 1598 habeat,
1024 1559 1184 1590 subtilitas

229 1624 311 1654 enim
342 1623 554 1662 Dialecticac,
587 1622 779 1654 Rhetoricae
806 1622 983 1653 sublimitas
1009 1628 1104 1666 atquc
1130 1634 1183 1654 ex-

228 1686 354 1719 celsitas
379 1686 478 1727 magis
506 1686 676 1717 convenire
701 1685 835 1716 videtur.

300 1761 391 1779 ανηια
419 1750 453 1779 in
474 1746 633 1792 ntanibns]
660 1747 759 1779 Haud
780 1758 852 1778 raro
881 1758 953 1778 cum
979 1748 1079 1777 amitis
1101 1758 1184 1777 com·-

227 1819 356 1857 paratur
372 1813 419 1844 vis
444 1812 591 1852 oratoria,
616 1817 650 1843 ut
667 1824 684 1842 a
700 1811 854 1842 Petronio
872 1811 919 1854 (5,
940 1824 971 1854 p.
981 1811 1028 1842 25
1045 1809 1185 1853 Burm.):

277 1892 323 1898 —-
335 1893 382 1898 —-
397 1881 502 1905 ——net
519 1875 659 1917 inqentis
678 1875 803 1920 qiiatiat
821 1874 1045 1903 Demosthenis
1062 1862 1184 1913 arma«{

228 1942 259 1967 et
285 1948 302 1967 a
319 1935 490 1978 Propertio
515 1936 569 1978 (5,
596 1935 661 1975 20,
690 1935 755 1973 273
782 1934 898 1977 1).ssssss
915 1933 1056 1975 Burin.):

285 1998 488 2045 „Persequar
517 2002 574 2028 aut
597 1997 741 2029 studium
768 1996 917 2039 linquae,
956 1996 1182 2027 Demosthenis

628 2071 743 2090 armam

299 2120 503 2166 subm-malis]
530 2118 722 2164 ‘Isft'coptiffi
752 2120 803 2151 cui
830 2119 989 2152 contraria
1012 2116 1179 2163 ’ἑπωμὶςᾎ

227 2185 266 2215 de
297 2197 359 2228 qua
393 2196 498 2228 supra.
523 2184 628 2216 Guo‘r.
648 2201 696 2206 —
738 2182 928 2215 Sabat-male
957 2182 1179 2214 vestimentum

227 2246 336 2277 subter
348 2247 511 2278 brachium
524 2247 689 2278 reductum
704 2250 736 2277 ct
748 2247 914 2277 humerum
925 2245 1178 2286 tegensssmru.

227 2306 278 2350 (ad
301 2307 383 2338 Stat.
409 2308 509 2340 Theb.
526 2308 566 2348 4,
597 2309 659 2347 193
687 2320 718 2351 p.
735 2308 832 2351 880).
850 2326 899 2332 —
939 2305 1179 2338 »Subarmalcm

228 2369 433 2400 subuculam«
458 2369 537 2401 dixit
559 2375 591 2401 et
617 2368 705 2402 Saxo
729 2368 964 2402 Grammaticus
987 2369 1035 2413 (7,
1059 2382 1091 2413 1).
1107 2368 1177 2401 159

227 2430 363 2474 steph).

301 2492 472 2524 Latialiter
492 2490 670 2537 tegebatur]
696 2492 865 2526 Latialiter
895 2498 944 2526 est
968 2491 1092 2525 laciniis
1118 2491 1178 2524 sub

228 2566 313 2586 armo
335 2566 392 2585 seu
415 2554 544 2586 brachio
567 2553 650 2586 circa
671 2555 836 2587 humerum
860 2556 1030 2588 convoluta
1052 2560 1083 2586 et
1105 2554 1178 2586 sub·

229 2618 322 2650 dueta
345 2623 433 2649 veste
459 2617 590 2662 antiquo
619 2617 734 2651 Latino
761 2618 841 2660 ritu,
872 2619 997 2663 qualem
1019 2624 1052 2651 ct
1081 2617 1178 2653 Gabi·

1238 1012 1329 1039 num,
1358 998 1407 1029 rel
1432 1004 1516 1030 certe
1540 1010 1604 1030 non
1629 998 1832 1039 dissimilem,
1856 998 1930 1030 alibi
1955 996 2189 1039 descripsimus.

1238 1061 1363 1092 Binm.
1379 1061 1431 1104 (ad
1458 1061 1540 1093 Stat.
1557 1063 1657 1094 Theb.
1674 1063 1715 1101 4,
1749 1063 1810 1101 195
1838 1075 1867 1105 p.
1889 1061 1984 1103 880).
2003 1079 2047 1086 —-
2071 1060 2187 1092 Roma-

1238 1135 1350 1154 norum
1382 1124 1532 1155 vestitum
1564 1125 1595 1155 in
1632 1124 1735 1155 animo
1760 1123 1885 1162 habuit,
1913 1122 1968 1165 qui
1994 1127 2101 1163 togam
2133 1131 2189 1151 sex

1238 1186 1383 1217 ulnarum
1415 1187 1612 1227 longitudine
1643 1192 1770 1218 exserto
1796 1187 1909 1217 dextro
1934 1185 2063 1216 brachio
2092 1195 2191 1227 supra

1237 1248 1362 1279 laevum
1394 1249 1558 1279 humerum
1587 1248 1718 1289 rejicere
1747 1252 1989 1280 consueverant.
2007 1265 2054 1270 -
2086 1246 2189 1277 Porro

1237 1316 1271 1341 ut
1304 1311 1384 1341 alius
1416 1316 1482 1341 erat
1511 1310 1632 1342 cinctus
1665 1309 1827 1349 Gabinus,
1856 1309 1899 1341 ita
1932 1310 2016 1341 hunc
2050 1307 2190 1338 habitum

1234 1371 1395 1404 Latiarem
1412 1372 1490 1402 lieet
1511 1384 1582 1403 cum
1601 1371 1734 1414 Capella
1751 1371 1923 1402 nominare.
1951 1370 2093 1402 Graecos
2112 1380 2188 1412 quo-

1237 1447 1298 1477 que
1322 1435 1497 1466 notandum
1521 1440 1569 1466 est
1593 1435 1697 1478 palliis
1721 1446 1777 1465 seu
1802 1434 1906 1477 peplis
1931 1433 1975 1464 ita
2000 1433 2059 1464 sub
2080 1433 2188 1463 hume·

1235 1497 1279 1527 ris
1312 1497 1519 1528 redeuntibus
1558 1508 1642 1527 usos.
1682 1496 1836 1529 Moschus
1861 1495 1895 1527 in
1929 1494 2035 1526 divina
2061 1494 2188 1536 ecloga,

1236 1572 1317 1603 quae
1342 1561 1473 1603 Europa
1497 1560 1694 1591 inscribitur:

1293 1617 1515 1666 »Ηολπώθη
1540 1619 1710 1663 δ’ὤμοισι
1739 1618 1892 1658 πέπλος
1913 1615 2044 1659 βαθὺς
2061 1614 2186 1664 Εὐρω-

1614 1680 1760 1726 affinem

1236 1745 1362 1779 Bima.
1381 1745 1516 1790 (advers.
1534 1757 1564 1789 p.
1586 1745 1706 1789 1551).

1307 1807 1487 1851 siqui-arum
1507 1804 1638 1851 lumine]
1664 1804 1764 1837 Ludit
1784 1805 1817 1837 in
1843 1804 1964 1845 verbis,
1992 1815 2072 1848 quae
2091 1814 2187 1847 quum

1235 1874 1410 1900 ceterarum
1431 1880 1536 1899 rerum
1557 1874 1622 1898 tum
1646 1867 1740 1898 etiam
1763 1866 1916 1898 orationis
1937 1869 2121 1897 ornamenta
2147 1864 2187 1896 si-

1233 1932 1394 1973 gnificant.
1433 1932 1483 1962 De
1506 1931 1621 1975 figuris
1652 1936 1684 1961 et
1706 1931 1875 1962 verborum
1895 1934 1927 1961 et
1948 1928 2186 1966 sententiarum,

1233 2005 1315 2036 quae
1333 1992 1465 2025 Graccis
1481 1988 1668 2037 σχήματα
1688 1997 1773 2032 sunt,
1797 1991 1943 2036 pluribus
1961 1991 2042 2023 infra
2060 1988 2184 2033 (§.525

1233 2067 1321 2100 sequ.
1341 2058 1410 2089 551
1432 2056 1536 2100 sequ.)
1556 2061 1683 2097 agetur,
1707 2068 1789 2099 quae
1807 2067 1870 2087 vox
1889 2054 1973 2099 apud
1990 2052 2184 2097 posteriores

1232 2118 1383 2150 solemnis
1408 2119 1490 2150 facta
1508 2123 1574 2158 cst,
1602 2117 1678 2149 licet
1703 2116 1818 2149 Cicero
1836 2116 1940 2161 (Brut.
1966 2117 2029 2155 173
2056 2114 2095 2146 dc
2119 2118 2185 2157 opt.

1230 2194 1301 2223 gen.
1326 2194 1371 2214 or.
1390 2183 1430 2223 53
1466 2187 1543 2213 orat.
1567 2180 1634 2224 54)
1656 2181 1779 2225 formas
1806 2180 1910 2212 dicare
1935 2178 2090 2211 maluerit.
2118 2178 2181 2209 Lu-

1229 2247 1318 2276 mina
1352 2257 1428 2277 vero
1461 2245 1590 2276 easdem
1622 2244 1807 2287 saepissime
1839 2247 2018 2286 nuncupat,
2053 2245 2088 2271 ut
2110 2239 2182 2282 ipso

1228 2307 1285 2338 illo
1314 2319 1411 2350 quem
1442 2306 1536 2338 modo
1572 2305 1771 2338 laudavimus
1805 2305 1877 2337 loco
1910 2304 2001 2348 (orat.
2028 2299 2103 2342 54)ἶ
2124 2311 2180 2331 ”ca

1229 2382 1310 2415 quac
1345 2370 1494 2402 dicuntur
1530 2369 1683 2402 orationis
1715 2368 1804 2413 quasi
1829 2368 1953 2411 formae
1985 2369 2016 2395 ct
2041 2363 2181 2400 lumina,

1230 2443 1311 2476 quae
1336 2437 1371 2463 ut
1395 2432 1461 2463 dixi
1484 2432 1600 2464 Graeci
1627 2435 1741 2463 vocant
1764 2425 1982 2474 6xn'sstatwst
2003 2423 2179 2467 eodemque

1229 2495 1264 2527 in
1289 2494 1399 2527 libello
1434 2495 1529 2539 (orat.
1553 2494 1632 2538 23)=
1660 2494 1765 2525 »illam
1794 2496 1898 2523 autem
1924 2486 2179 2527 concinnitatem,

1231 2569 1312 2601 quac
1336 2557 1505 2589 verborum
1530 2555 1771 2589 collocationem
1796 2552 1955 2583 illuminat
1977 2549 2026 2581 his
2053 2549 2177 2580 lumini-

1231 2631 1307 2658 ους,
1343 2630 1425 2663 quac
1457 2617 1576 2651 Graeci
1609 2615 1700 2661 quasi
1730 2613 1855 2657 aliquos
1885 2615 1995 2655 gestus
2027 2610 2178 2643 orationis

1727 2674 1776 2706 49

2217 460 2309 503 42ss
