2310 2860
764 162 964 205 Martiani
1004 161 1203 219 Capellae
1240 161 1312 203 lib.
1337 161 1391 205 V.
1430 162 1463 213 ᾗ.
1499 161 1605 204 415.
2078 163 2168 206 401

209 271 490 314 homicidium
522 271 672 325 fecisti3
723 280 764 312 et
796 271 893 312 licet
921 270 1120 312 videatur
1150 269 1263 311 idem
1296 284 1408 322 esse,
1450 278 1594 311 tamen
1624 269 1665 311 in
1696 270 1905 326 superiori
1935 268 2168 326 objectione

203 355 241 396 si
265 355 511 410 negabitur,
543 354 784 409 conjectura
815 354 914 404 erit,
944 366 1080 407 quum
1114 350 1292 393 dixerit:
1324 365 1409 392 non
1440 350 1596 403 occidi3
1626 350 1668 391 in
1699 350 1780 392 hoc
1810 351 1886 392 ubi
1915 351 1977 392 rei
2006 366 2166 393 nomen

203 435 458 487 intenditur,
504 445 638 491 potest
668 444 708 476 et
736 434 829 476 finis
864 433 1022 485 videri,
1067 441 1115 474 ut
1143 432 1178 474 si
1206 433 1338 475 dicat:
1371 448 1457 474 non
1491 433 1571 475 feci
1600 433 1902 485 homicidium,
1941 447 1994 474 an
2024 446 2166 488 quum

205 518 458 573 quicunque
482 517 635 568 homo,
667 531 719 558 an
748 529 886 572 quum
917 515 1117 556 innocens
1148 515 1366 557 occiditur.
1426 514 1556 565 Quod
1598 515 1633 555 si
1669 529 1754 556 non
1793 514 1953 555 factum
1993 512 2166 568 objicias

205 596 281 638 sed
314 597 502 638 criminis
536 611 714 648 nomen,
760 596 983 651 negatione
1012 596 1206 637 diversae
1237 596 1366 653 partis
1397 611 1483 637 non
1516 597 1593 636 erit
1625 595 1894 636 manifestum
1929 594 2005 649 qui
2034 602 2165 635 status

205 678 384 719 exsistat.
425 678 598 719 Nescias
630 676 743 718 enim
775 675 879 731 quid
909 686 1052 732 negat,
1085 678 1162 733 qui
1190 678 1248 720 ita
1277 687 1417 734 neget:
1456 693 1541 719 non
1573 677 1652 718 feci
1682 675 1986 727 homicidium3
2016 683 2167 716 utrum

204 759 308 814 quia
337 759 508 800 nullum
539 758 759 800 hominem
802 758 1026 813 jugularit,
1076 773 1130 800 an
1165 760 1269 814 quia
1303 758 1473 814 tyranni
1503 756 1736 798 interfectio
1767 754 2049 797 homicidium
2079 766 2167 795 non

205 848 395 880 vocetur.
464 841 538 881 Est
593 841 719 896 igitur
766 839 1071 881 intendendum
1116 839 1223 881 illud
1274 839 1388 895 quod
1442 839 1602 881 factum
1644 846 1725 887 est,
1772 845 1839 888 ut,
1879 835 1913 876 si
1953 834 1996 876 id
2038 847 2168 889 nega-

205 921 313 962 verit
357 921 647 972 adversarius,
698 921 857 962 habeas
897 922 1209 976 conjecturam3
1263 922 1295 962 si
1336 937 1386 962 eo
1425 935 1620 962 concesso
1659 933 1817 960 nomen
1864 916 2052 958 criminis
2091 929 2167 955 ex-

203 1002 392 1055 cluserit,
438 1004 641 1060 intelligas
680 1003 824 1045 finem.
899 1004 1030 1054 Quod
1067 1005 1099 1045 si
1140 1016 1336 1044 concesse
1377 1000 1486 1041 facto
1529 998 1717 1053 factique
1756 996 1969 1039 vocabulo
1999 995 2166 1037 licuisse
2194 988 2289 1031 446

205 1086 284 1126 sibi
315 1086 384 1127 vel
415 1087 651 1141 oportuisse
681 1086 823 1128 facere
862 1086 1035 1137 dixerit,
1073 1084 1254 1138 qualitas
1284 1082 1326 1123 in
1358 1095 1487 1122 causa
1517 1088 1734 1132 versatur,
1778 1092 1892 1134 quae
1922 1086 1997 1118 aut
2023 1075 2077 1117 de
2106 1089 2168 1127 re,

203 1173 276 1204 aut
305 1163 358 1204 de
389 1164 552 1205 actione
583 1164 866 1220 congreditur.

925 1166 992 1205 De
1022 1179 1091 1215 re,
1122 1173 1187 1204 ut:
1216 1163 1367 1203 Miloni
1397 1157 1536 1202 faeere
1566 1159 1779 1201 licuisset?
1817 1158 1870 1200 de
1901 1157 2084 1199 actione:
2112 1169 2167 1197 an

203 1259 330 1287 servo
364 1245 435 1287 vel
469 1244 634 1287 addicto
664 1238 858 1286 tribunos
888 1244 1010 1286 liceat
1040 1242 1286 1300 appellare?
1327 1256 1380 1283 an
1410 1240 1571 1283 habere
1600 1239 1881 1297 ignominioso
1914 1238 2038 1281 liceat
2066 1251 2168 1278 con-

277 1414 460 1457 eonjeetura
486 1410 561 1458 erit]
588 1411 645 1444 Sic
671 1411 799 1443 codices
826 1409 1103 1443 Reiclienauensis
1131 1415 1164 1440 et

201 1475 469 1508 Darmstattensis
499 1488 557 1520 pro
591 1475 749 1508 Grotiana
776 1475 914 1507 lectione
947 1474 1163 1518 conjecturae.

203 1537 310 1581 Supra
331 1549 461 1581 quoque
480 1538 566 1581 quod
591 1537 727 1570 Grotius
746 1537 860 1568 excudi
882 1536 931 1567 vel
945 1535 1090 1577 jusserat
1112 1535 1165 1566 vel

202 1613 317 1647 passus
351 1607 419 1633 erat
450 1602 548 1633 liceat„
575 1612 633 1645 pro
664 1602 755 1640 lieet,
789 1613 829 1632 ex
858 1599 1071 1631 anterioribus
1099 1598 1164 1629 edi·

202 1666 345 1698 tionibus
374 1665 518 1707 eorrexi3
551 1677 625 1697 mox
658 1670 764 1696 tamen
794 1664 881 1708 quod
910 1662 1055 1707 sequitur
1080 1661 1165 1706 apud

204 1729 354 1762 Grotium
383 1732 509 1762 nescias
539 1729 698 1771 corrigere
730 1728 837 1769 nolui,
869 1727 945 1760 lieet
965 1726 1001 1759 in
1027 1725 1166 1758 anterio-

203 1792 291 1826 ribus
313 1795 436 1826 nesct'es
461 1793 629 1825 exstiterit.

280 1857 414 1897 tyranni
438 1852 640 1899 interfectio]
668 1852 922 1886 celeberrimum
945 1853 1007 1883 hoe
1036 1851 1071 1882 in
1093 1851 1164 1882 rhe-

203 1921 310 1947 torum
332 1916 452 1948 scholis
470 1921 706 1957 argumentum,
733 1915 820 1958 quod
841 1926 881 1944 ex
902 1912 1036 1944 Luciani
1058 1918 1165 1955 tyran·

204 1978 310 2011 nicida
336 1985 368 2011 et
392 1991 432 2011 ex
452 1979 641 2011 Latinorum
667 1976 971 2017 declamationibus,
1001 1987 1082 2019 quae
1111 1987 1166 2006 ex-

205 2046 307 2081 stant,
333 2046 473 2085 apparet.
505 2039 601 2072 Adde
621 2039 673 2072 vel
699 2039 890 2072 Ciceronem
916 2038 969 2082 (de
991 2037 1112 2069 invent.
1129 2036 1164 2078 2,

204 2103 277 2147 49).
301 2104 402 2136 Plura
426 2104 549 2136 dabunt
572 2103 736 2136 Meursius
758 2101 887 2147 (Them.
911 2099 1013 2134 Attio.
1032 2100 1076 2142 2,
1104 2098 1165 2144 15)

205 2173 238 2200 et
262 2167 390 2200 Petitus
415 2167 493 2211 (leg.
516 2167 586 2199 Att.
608 2180 641 2211 p.
655 2164 897 2208 515-516).

281 2228 426 2274 licuisse]
453 2229 569 2262 Cicero
602 2229 683 2273 (pro
715 2227 869 2261 Cornelio
907 2225 1013 2259 Balbo
1038 2224 1090 2268 5):
1117 2224 1165 2256 »si

209 2288 348 2333 denique
372 2291 508 2334 aliquid,
533 2290 621 2334 quod
639 2301 705 2322 non
726 2294 838 2322 contra
861 2300 898 2321 ae
918 2288 1027 2320 liceret
1047 2288 1165 2318 sactum

208 2352 383 2394 diceretur,
405 2353 463 2384 sed
487 2359 597 2385 contra
622 2358 719 2397 atque
742 2357 919 2396 oporteret,
951 2357 1059 2383 tamen
1078 2354 1166 2382 esset

209 2416 312 2448 omnis
336 2415 493 2458 ejusmodi
515 2417 721 2459 reprehensio
740 2429 758 2448 a
774 2416 882 2457 vobis,
904 2414 1048 2457 judices,
1072 2425 1165 2457 repu-

209 2480 335 2512 dianda.
359 2479 454 2511 Nune
471 2490 547 2511 vero
567 2479 644 2523 quid
660 2479 799 2512 dieitur?
825 2479 903 2524 quid
920 2479 964 2510 ait
979 2477 1167 2511 accusator?

210 2542 324 2574 fecisse
340 2542 532 2586 Pompejum
548 2542 636 2586 quod
656 2543 687 2574 ei
703 2544 806 2575 faeere
827 2555 893 2575 non
909 2543 1056 2575 licuerit?
1080 2539 1168 2585 quod

210 2605 338 2649 gravius
356 2609 422 2645 est,
449 2615 545 2649 quam
569 2604 597 2636 si
615 2604 650 2635 id
671 2606 790 2638 factum
806 2605 846 2637 ab
864 2615 904 2638 eo
922 2605 1058 2646 diceret,
1082 2601 1170 2648 quod

1214 1421 1280 1442 non
1299 1412 1498 1454 oportuisset.
1523 1409 1587 1441 Est
1608 1409 1691 1441 enlm
1713 1408 1853 1453 aliquid,
1879 1408 1968 1452 quod
1990 1418 2056 1439 non
2077 1418 2166 1450 opor·

1215 1478 1281 1504 teat
1289 1494 1302 1511 ,
1323 1472 1417 1503 etiam
1437 1471 1465 1503 si
1489 1472 1577 1504 lieet:
1600 1470 1758 1515 quidquid
1781 1481 1857 1502 vero
1884 1481 1950 1502 nou
1970 1470 2056 1508 licet,
2081 1473 2168 1501 certe

1214 1547 1280 1567 non
1307 1541 1457 1578 oportet«

1290 1596 1430 1642 addicto]
1458 1596 1699 1638 Quinctilianus
1722 1595 1755 1626 in
1778 1594 2008 1628 declamatione
2030 1593 2094 1625 III:
2117 1592 2169 1625 »in

1215 1660 1360 1699 addicto,
1387 1670 1424 1690 ae
1444 1669 1546 1702 paene
1565 1669 1658 1689 seruo
1679 1661 1712 1689 et
1734 1657 1792 1688 vix
1816 1656 1921 1688 libero.
1929 1669 1940 1683 ι·
1959 1655 2065 1688 GnoT.
2081 1652 2167 1687 Con-

1214 1724 1263 1756 fer
1292 1722 1435 1756 Gellium
1464 1722 1544 1766 (20,
1573 1722 1591 1752 1
1619 1719 1726 1764 extr.):
1760 1719 1840 1751 »nisi
1871 1718 2099 1758 dissolverent,
2129 1716 2171 1748 ad

1214 1792 1394 1833 praetorem
1414 1785 1611 1818 vocabantur
1636 1789 1670 1816 et
1692 1783 1732 1816 ab
1756 1794 1812 1824 eo,
1844 1782 1960 1827 quibus
1980 1785 2071 1814 erant
2084 1778 2170 1822 judi·

1213 1851 1294 1891 cati,
1322 1850 1570 1888 addicebantur,
1599 1859 1698 1880 nervo
1731 1858 1861 1891 quoque
1888 1851 1943 1878 aut
1963 1843 2171 1888 compedibus

1214 1913 1462 1947 vinciebantur.‹«
1495 1911 1654 1955 Exempla
1675 1910 1770 1942 etiam
1794 1907 1879 1953 apud
1905 1908 2096 1941 Ciceronem
2117 1905 2173 1950 (de

1216 1982 1294 2010 orat.
1320 1977 1360 2017 2,
1384 1977 1451 2017 653
1482 1986 1541 2019 pro
1563 1975 1681 2007 Flacco
1707 1973 1780 2017 20).
1805 1971 2026 2005 Differentiam
2051 1969 2174 2002 addicti

1215 2046 1248 2073 et
1261 2041 1349 2073 servi
1366 2038 1534 2084 perspicue
1556 2037 1705 2083 exposuit
1722 2035 1962 2081 Quinctilianus
1980 2035 2028 2079 (7,
2049 2035 2089 2074 5,
2109 2031 2173 2074 27)

1214 2103 1301 2135 unde
1324 2103 1386 2135 hoe
1409 2112 1538 2145 quoque
1562 2100 1724 2138 videmus,
1750 2098 1877 2143 saepius
1901 2094 2100 2128 declamandi
2125 2105 2169 2124 ar-

1215 2171 1400 2209 gumentum
1423 2165 1463 2196 ab
1488 2164 1584 2206 hujus
1605 2161 1798 2196 conditionis
1818 2160 2022 2202 ambiguitate
2047 2158 2171 2190 desum·

1213 2235 1282 2260 tum
1310 2239 1381 2259 esse
1404 2226 1528 2271 (confer
1551 2231 1583 2257 et
1607 2223 1809 2267 decl.511)3
1835 2222 1999 2255 materiam
2024 2218 2170 2253 vetustis-

1215 2290 1294 2323 sima
1314 2289 1535 2320 Romanorum
1556 2285 1690 2318 historia
1708 2285 1861 2330 praebere
1886 2286 2020 2328 poterat.

1279 2363 1325 2382 an
1339 2347 1470 2395 habere]
1486 2349 1560 2381 Hoc
1573 2359 1702 2393 quoque
1715 2345 1940 2380 scholasticum
1953 2344 2171 2383 argumentum

1213 2414 1314 2447 fuisse
1336 2413 1479 2453 videtur,
1511 2423 1588 2444 ansa
1612 2412 1748 2443 sortasse
1773 2410 1812 2441 ab
1836 2404 2008 2440 Aeschinis
2028 2401 2171 2434 oratione

1217 2477 1251 2508 in
1266 2475 1480 2518 gTimarchum
1505 2472 1650 2517 repetita.
1690 2470 1789 2514 Apud
1812 2468 1948 2503 Marium
1970 2463 2172 2497 Victorinum

1218 2540 1262 2584 (p.
1281 2539 1355 2571 228
1385 2536 1485 2581 Pith.)
1508 2537 1593 2569 inter
1626 2535 1704 2567 alias
1732 2533 1837 2573 lege5‚
1867 2528 1983 2572 quibus
2015 2525 2172 2568 ejusmodi

1221 2599 1459 2633 controversiae
1478 2597 1672 2636 nitebantur,
1690 2599 1723 2626 et
1737 2594 1816 2623 haec
1829 2595 1893 2622 est:
1914 2586 2110 2632 »impudicus
2132 2597 2172 2618 ne

1724 2652 1769 2685 51
