2310 2860
80 1427 110 1469 01

139 1426 169 1468 Q!

214 194 299 235 524
791 188 988 230 Martiani
1028 187 1227 244 Capellae
1264 188 1337 230 lib.
1367 185 1441 229 ΙΙΙ.
1471 190 1503 240 §.
1525 187 1625 230 512.

215 299 395 356 exceptis
426 297 642 339 defectivis
668 305 707 337 et
728 296 1084 352 impersonalibus
1115 304 1154 335 et
1183 295 1445 336 inchoativis.
1484 296 1652 336 Primae
1683 297 1985 352 conjugationis
2017 299 2164 349 verba,

214 396 325 438 quae
365 379 433 420 vel
473 379 511 420 O
548 378 669 420 litera
706 378 825 419 nulla
870 378 950 418 alia
995 376 1273 433 praecedente
1304 377 1439 419 vocali
1472 378 1776 429 terminantur,
1819 378 1889 418 vel
1934 389 2165 433 praeeunte

213 454 347 504 vocali
374 460 583 515 qualibet,
627 459 787 501 formas
817 459 976 499 habent
1008 467 1207 513 quatuor.
1256 459 1476 500 Secundae
1511 461 1812 515 conjugationis
1840 460 1973 501 verba
2005 460 2165 502 formas

211 541 369 583 habent
394 556 481 581 sex.
534 541 704 581 Tertiae
743 538 1045 594 conjugationis
1076 547 1295 593 correptae
1331 539 1463 580 verba
1498 539 1656 580 formas
1687 540 1848 581 habent
1877 541 2035 596 viginti.
2097 542 2164 582 Sic

211 637 499 679 quaecunque
538 622 670 663 verba
701 621 928 662 indicativo
959 619 1089 660 modo
1121 629 1313 675 tempore
1343 622 1553 675 praesenti
1583 637 1763 676 persona
1792 623 1932 677 prima
1963 623 2003 663 io
2037 623 2165 664 literis

209 707 504 755 terminantur,
527 705 686 745 formas
704 704 862 744 habent
882 717 976 754 sex,
1010 716 1122 756 quae
1149 716 1220 751 ue,
1246 700 1405 740 formas
1425 700 1584 740 habent
1606 700 1734 753 duas,
1768 716 1879 756 quae
1904 702 2022 743 nulla
2040 716 2163 757 prac-

210 786 382 827 cedente
408 785 545 826 vocali
572 785 610 825 O
635 785 753 824 litera
779 782 1083 832 terminantur,
1114 780 1274 821 formas
1297 779 1456 820 habent
1480 780 1719 821 duodecim.
1764 782 1935 822 Tertiae
1961 782 2163 836 conjuga—

208 865 328 907 tionis
355 865 586 921 productae
613 865 765 915 verba,
797 878 909 919 quae
939 862 1165 904 indicativo
1190 860 1319 901 modo
1350 870 1542 917 tempore
1573 863 1781 917 praesenti
1813 863 1952 917 prima
1983 874 2163 917 persona

205 946 245 986 io
271 945 398 986 literis
421 946 723 996 terminantur,
754 944 913 985 formas
937 943 1096 985 habent
1119 943 1326 999 quinque.
1366 943 1666 999 Quaecunque
1692 954 1834 984 autem
1858 944 1989 985 verba
2016 943 2161 997 cujus-

206 1040 377 1080 cunque
402 1025 705 1080 conjugationis
730 1023 944 1064 indicativi
965 1023 1082 1064 modi
1102 1033 1292 1080 tempore
1318 1026 1528 1081 praesenti
1554 1041 1734 1081 persona
1758 1026 1918 1081 prima,
1949 1024 2018 1066 vel
2041 1023 2161 1065 nulla

206 1105 482 1160 praecedente
514 1106 650 1150 vocali
681 1106 748 1146 vel
781 1105 970 1160 qualibet
1006 1105 1086 1146 alia
1117 1105 1416 1159 praecedente,
1452 1108 1490 1148 O
1520 1107 1640 1147 litera
1671 1107 1975 1156 terminantur,
2007 1119 2157 1146 eorum

204 1187 425 1229 declinatio
463 1187 545 1229 hoc
581 1201 763 1228 numero
799 1187 1040 1228 formarum
1072 1186 1330 1239 continetur,
1374 1185 1427 1227 de
1459 1186 1616 1241 quibus
1650 1185 1821 1240 singulis
1852 1184 2005 1225 dicam.

782 1329 861 1371 DE
896 1329 1077 1369 PRIMA
1112 1328 1486 1369 COMUGATIO
1494 1327 1582 1368 NE.

369 1425 536 1466 Primae
575 1423 877 1479 conjugationis
910 1422 1043 1463 verba
1080 1420 1306 1462 indicativo
1346 1421 1473 1462 modo
1513 1430 1705 1476 tempore
1737 1419 1946 1475 praesenti
1978 1433 2156 1474 persona

200 1504 340 1560 prima
372 1514 444 1546 aut
475 1505 513 1546 Ο
543 1505 663 1545 litera
691 1503 809 1544 nulla
842 1502 922 1543 alia
958 1501 1236 1557 praecedente
1278 1502 1413 1542 vocali
1445 1502 1748 1551 terminantur,
1787 1510 1834 1541 ut
1863 1515 1981 1550 amo,
2014 1508 2155 1550 cant03

202 1596 273 1628 aut
312 1601 383 1638 eo,
436 1596 484 1627 ut
522 1599 737 1634 commeo,
784 1583 946 1634 calce03
1001 1592 1074 1623 aut
1111 1584 1172 1634 io,
1209 1593 1255 1623 ut
1292 1583 1427 1632 lanio,
1471 1581 1595 1633 satio3
1652 1590 1724 1620 aut
1765 1595 1845 1631 uo,
1898 1588 1945 1620 ut
1988 1589 2154 1630 aestuo,

201 1667 411 1707 continuo.
475 1665 644 1707 Primae
681 1661 982 1717 conjugationis
1020 1661 1152 1701 verba
1189 1660 1443 1716 imperativo
1475 1659 1604 1700 modo
1634 1668 1827 1714 tempore
1853 1659 2063 1713 praesenti
2102 1658 2153 1699 ad

198 1747 430 1788 secundam
462 1759 690 1802 personam
719 1746 754 1784 A
787 1743 905 1784 litera
936 1742 1142 1798 producta
1167 1743 1470 1791 terminantur,
1506 1750 1552 1781 ut
1585 1755 1682 1780 amo
1716 1755 1835 1791 ama,
1867 1749 1987 1781 canto
2019 1749 2150 1782 canta.

197 1827 408 1869 Infinitive
437 1826 566 1867 modo
599 1825 651 1866 ad
682 1824 987 1879 imperativum
1032 1822 1214 1862 modum
1245 1837 1291 1862 re
1333 1821 1496 1876 syllaba
1528 1830 1726 1862 manente
1756 1820 2033 1877 productione
2067 1831 2151 1863 ter-

198 1909 434 1957 minantur,
473 1916 520 1946 ut
549 1920 645 1946 ama
676 1919 840 1954 amare,
877 1913 995 1943 canta
1027 1911 1207 1943 cantare.
1266 1902 1373 1942 Item
1405 1902 1544 1956 prima
1575 1902 1888 1956 conjugatione,
1935 1916 2046 1957 quae
2082 1903 2149 1943 in-

197 1989 376 2029 dicativo
419 1987 545 2027 modo
583 1995 774 2040 tempore
820 1985 1043 2040 praeterito
1091 1984 1229 2039 specie
1272 1984 1485 2034 absoluta,
1543 1983 1702 2037 adjecta
1751 1983 1805 2024 ad
1844 1984 2147 2039 imperativum

197 2068 376 2109 modum
424 2066 467 2107 vi
504 2065 667 2119 syllaba
710 2073 906 2105 manente
943 2064 1223 2119 productione
1265 2064 1568 2114 terminantur,
1634 2073 1682 2104 ut
1719 2078 1914 2104 commeo
1952 2078 2147 2104 commea

197 2146 458 2196 commeavi,
488 2145 599 2185 lanio
622 2144 732 2185 lania
756 2144 932 2194 laniavi,
963 2144 1066 2184 satio
1090 2144 1192 2184 satia
1217 2144 1388 2194 satiavi,
1436 2144 1588 2185 eodem
1617 2143 1745 2185 modo
1769 2143 1922 2184 eodem
1951 2152 2143 2199 tempore

196 2227 333 2284 specie
373 2224 613 2265 inchoativa
668 2224 827 2278 adjecta
873 2225 924 2265 ad
960 2225 1265 2280 imperativum
1298 2223 1478 2264 modum
1513 2225 1613 2264 bam
1651 2223 1814 2277 syllaba
1848 2224 2144 2277 terminantur,

196 2319 243 2351 ut
287 2321 481 2350 commea
527 2307 846 2358 commeabam,
903 2307 1016 2348 lania
1058 2306 1295 2357 laniabam,
1345 2314 1490 2346 aestua
1535 2304 1791 2345 aestuabam.
1866 2304 1971 2345 Item
2004 2306 2144 2360 prima

272 2414 453 2461 correptae]
489 2414 528 2447 In
555 2415 648 2446 editis
676 2421 742 2446 erat
768 2422 927 2458 correpta,
960 2415 1045 2459 quod
1076 2427 1142 2447 eor·
1194 2414 1345 2453 dicimus,
1377 2413 1410 2444 id
1445 2413 1605 2444 veteribus
1640 2414 1854 2444 inchoativum
1878 2412 2016 2453 dictum3
2042 2414 2143 2457 perse-

196 2480 361 2522 rigendum
387 2491 458 2512 esse
486 2484 572 2511 recte
598 2478 676 2511 vidit
696 2478 844 2519 Grotius,
875 2479 1061 2524 correxique
1084 2491 1143 2521 ego
1195 2482 1278 2507 ctum
1304 2480 1408 2505 aulem
1437 2475 1634 2510 absolutum,-
1669 2480 1699 2505 et
1723 2474 2068 2518 plusquamperfectum
2087 2486 2140 2507 ex-

196 2541 314 2574 codicis
335 2540 607 2572 Reieinenauensis
633 2540 828 2571 auctoritate.
1194 2544 1317 2574 actum,
1339 2536 1389 2567 vel
1412 2536 1549 2579 speciem
1570 2537 1812 2567 reem-«latinam.
1829 2535 1933 2567 Guor.

270 2601 462 2646 inchoativa]
490 2601 624 2634 Notabis
647 2601 679 2633 id
701 2601 786 2646 quod
808 2601 902 2633 hodie
926 2600 1142 2646 imperfectum
1269 2600 1343 2630 ilem
1369 2595 1491 2641 prima]
1525 2597 1632 2629 Locus
1661 2609 1725 2628 nou
1759 2596 1887 2629 omuino
1921 2607 2035 2635 sanus5
2062 2595 2137 2627 nihii
