<?xml version="1.0" encoding="UTF-8"?>
<!DOCTYPE html PUBLIC "-//W3C//DTD XHTML 1.0 Transitional//EN"
    "http://www.w3.org/TR/xhtml1/DTD/xhtml1-transitional.dtd">
<html xmlns="http://www.w3.org/1999/xhtml" xml:lang="en" lang="en">
 <head>
  <title>
</title>
<meta http-equiv="Content-Type" content="text/html;charset=utf-8" />
  <meta name='ocr-system' content='tesseract 3.04.00' />
  <meta name='ocr-capabilities' content='ocr_page ocr_carea ocr_par ocr_line ocrx_word'/>
</head>
<body>
  <div class='ocr_page' id='page_1' title='image "./denuptiisphilolo00martuoft/denuptiisphilolo00martuoft_0761.png"; bbox 0 0 2310 2860; ppageno 0'>
   <div class='ocr_carea' id='block_1_1' title="bbox 731 187 2122 244">
    <p class='ocr_par' dir='ltr' id='par_1_1' title="bbox 731 187 2122 244">
     <span class='ocr_line' id='line_1_1' title="bbox 731 187 2122 244; baseline 0 -15"><span class='ocrx_word' id='word_1_1' title='bbox 731 188 932 230; x_wconf 82' lang='lat' dir='ltr'><strong>Martiani</strong></span> <span class='ocrx_word' id='word_1_2' title='bbox 963 188 1162 244; x_wconf 78' lang='lat' dir='ltr'><strong>Capellae</strong></span> <span class='ocrx_word' id='word_1_3' title='bbox 1191 187 1263 229; x_wconf 90' lang='lat' dir='ltr'><strong>lib.</strong></span> <span class='ocrx_word' id='word_1_4' title='bbox 1287 188 1365 229; x_wconf 89' lang='lat' dir='ltr'><strong>IX.</strong></span> <span class='ocrx_word' id='word_1_5' title='bbox 1398 191 1430 240; x_wconf 59' lang='grc' dir='ltr'><strong>ᾗ.</strong></span> <span class='ocrx_word' id='word_1_6' title='bbox 1461 189 1562 228; x_wconf 77' lang='grc'>929.</span> <span class='ocrx_word' id='word_1_7' title='bbox 2034 187 2122 230; x_wconf 78' lang='lat'><strong>725</strong></span> 
     </span>
    </p>
   </div>
   <div class='ocr_carea' id='block_1_2' title="bbox 166 292 2120 350">
    <p class='ocr_par' dir='ltr' id='par_1_2' title="bbox 166 292 2120 350">
     <span class='ocr_line' id='line_1_2' title="bbox 166 292 2120 350; baseline 0 -15"><span class='ocrx_word' id='word_1_8' title='bbox 166 295 386 350; x_wconf 84' lang='lat' dir='ltr'><strong>reliquisse</strong></span> <span class='ocrx_word' id='word_1_9' title='bbox 420 294 493 336; x_wconf 85' lang='lat' dir='ltr'><strong>sed</strong></span> <span class='ocrx_word' id='word_1_10' title='bbox 530 295 716 350; x_wconf 77' lang='lat' dir='ltr'><strong>ingratae</strong></span> <span class='ocrx_word' id='word_1_11' title='bbox 751 294 1024 335; x_wconf 83' lang='lat' dir='ltr'><strong>humanitatis</strong></span> <span class='ocrx_word' id='word_1_12' title='bbox 1059 294 1272 349; x_wconf 82' lang='lat' dir='ltr'><strong>ignaviam</strong></span> <span class='ocrx_word' id='word_1_13' title='bbox 1305 293 1473 334; x_wconf 80' lang='lat' dir='ltr'><strong>viderer</strong></span> <span class='ocrx_word' id='word_1_14' title='bbox 1510 294 1604 347; x_wconf 81' lang='lat' dir='ltr'><strong>jure</strong></span> <span class='ocrx_word' id='word_1_15' title='bbox 1634 292 1878 345; x_wconf 82' lang='lat' dir='ltr'><strong>damnasse3</strong></span> <span class='ocrx_word' id='word_1_16' title='bbox 1923 293 1996 334; x_wconf 87' lang='lat' dir='ltr'><strong>sed</strong></span> <span class='ocrx_word' id='word_1_17' title='bbox 2034 294 2120 346; x_wconf 83' lang='lat' dir='ltr'><strong>jam</strong></span> 
     </span>
    </p>
   </div>
   <div class='ocr_carea' id='block_1_3' title="bbox 166 373 2119 431">
    <p class='ocr_par' dir='ltr' id='par_1_3' title="bbox 166 373 2119 431">
     <span class='ocr_line' id='line_1_3' title="bbox 166 373 2119 431; baseline -0.001 -16"><span class='ocrx_word' id='word_1_18' title='bbox 166 374 221 416; x_wconf 85' lang='lat' dir='ltr'><strong>ad</strong></span> <span class='ocrx_word' id='word_1_19' title='bbox 251 374 349 415; x_wconf 84' lang='lat' dir='ltr'><strong>artis</strong></span> <span class='ocrx_word' id='word_1_20' title='bbox 381 383 606 429; x_wconf 82' lang='lat' dir='ltr'><strong>praecepta</strong></span> <span class='ocrx_word' id='word_1_21' title='bbox 634 373 849 425; x_wconf 78' lang='lat' dir='ltr'>desiliam,</span> <span class='ocrx_word' id='word_1_22' title='bbox 879 383 927 414; x_wconf 86' lang='lat' dir='ltr'><strong>ut</strong></span> <span class='ocrx_word' id='word_1_23' title='bbox 955 382 1169 429; x_wconf 81' lang='lat' dir='ltr'>nupturae</span> <span class='ocrx_word' id='word_1_24' title='bbox 1200 373 1351 429; x_wconf 80' lang='lat' dir='ltr'><strong>virgini</strong></span> <span class='ocrx_word' id='word_1_25' title='bbox 1382 373 1639 429; x_wconf 88' lang='lat' dir='ltr'><strong>promissum</strong></span> <span class='ocrx_word' id='word_1_26' title='bbox 1669 389 1826 415; x_wconf 86' lang='lat' dir='ltr'><strong>munus</strong></span> <span class='ocrx_word' id='word_1_27' title='bbox 1857 373 2119 431; x_wconf 80' lang='lat' dir='ltr'><strong>impendam.</strong></span> 
     </span>
    </p>
   </div>
   <div class='ocr_carea' id='block_1_4' title="bbox 698 528 1590 580">
    <p class='ocr_par' dir='ltr' id='par_1_4' title="bbox 698 528 1590 580">
     <span class='ocr_line' id='line_1_4' title="bbox 698 528 1590 580; baseline -0.001 -9"><span class='ocrx_word' id='word_1_28' title='bbox 698 529 847 580; x_wconf 86' lang='lat' dir='ltr'><strong>QUID</strong></span> <span class='ocrx_word' id='word_1_29' title='bbox 878 530 969 570; x_wconf 91' lang='lat' dir='ltr'><strong>SIT</strong></span> <span class='ocrx_word' id='word_1_30' title='bbox 1002 528 1288 571; x_wconf 84' lang='lat' dir='ltr'><strong>OFFICIUM</strong></span> <span class='ocrx_word' id='word_1_31' title='bbox 1319 529 1590 570; x_wconf 82' lang='lat' dir='ltr'><strong>MUSICAE.</strong></span> 
     </span>
    </p>
   </div>
   <div class='ocr_carea' id='block_1_5' title="bbox 335 634 2241 690">
    <p class='ocr_par' dir='ltr' id='par_1_5' title="bbox 335 634 2241 690">
     <span class='ocr_line' id='line_1_5' title="bbox 335 634 2241 690; baseline 0.002 -13"><span class='ocrx_word' id='word_1_32' title='bbox 335 636 390 678; x_wconf 87' lang='lat' dir='ltr'><strong>Et</strong></span> <span class='ocrx_word' id='word_1_33' title='bbox 421 636 625 690; x_wconf 83' lang='lat' dir='ltr'><strong>quoniam</strong></span> <span class='ocrx_word' id='word_1_34' title='bbox 657 635 842 677; x_wconf 87' lang='lat' dir='ltr'><strong>officium</strong></span> <span class='ocrx_word' id='word_1_35' title='bbox 874 649 1021 676; x_wconf 85' lang='lat' dir='ltr'><strong>meum</strong></span> <span class='ocrx_word' id='word_1_36' title='bbox 1055 644 1115 676; x_wconf 86' lang='lat' dir='ltr'><strong>est</strong></span> <span class='ocrx_word' id='word_1_37' title='bbox 1153 635 1260 676; x_wconf 85' lang='lat' dir='ltr'><strong>bene</strong></span> <span class='ocrx_word' id='word_1_38' title='bbox 1291 634 1540 676; x_wconf 83' lang='lat' dir='ltr'><strong>modulandi</strong></span> <span class='ocrx_word' id='word_1_39' title='bbox 1570 635 1775 686; x_wconf 83' lang='lat' dir='ltr'><strong>sollertia,</strong></span> <span class='ocrx_word' id='word_1_40' title='bbox 1823 650 1936 690; x_wconf 85' lang='lat' dir='ltr'><strong>quae</strong></span> <span class='ocrx_word' id='word_1_41' title='bbox 1966 634 2120 690; x_wconf 84' lang='lat' dir='ltr'><strong>rhyth-</strong></span> <span class='ocrx_word' id='word_1_42' title='bbox 2149 637 2241 680; x_wconf 83' lang='lat'><strong>950</strong></span> 
     </span>
    </p>
   </div>
   <div class='ocr_carea' id='block_1_6' title="bbox 169 715 1946 772">
    <p class='ocr_par' dir='ltr' id='par_1_6' title="bbox 169 715 1946 772">
     <span class='ocr_line' id='line_1_6' title="bbox 169 715 1946 772; baseline 0.001 -15"><span class='ocrx_word' id='word_1_43' title='bbox 169 715 288 757; x_wconf 83' lang='lat' dir='ltr'><strong>micis</strong></span> <span class='ocrx_word' id='word_1_44' title='bbox 319 726 358 757; x_wconf 82' lang='lat' dir='ltr'><strong>et</strong></span> <span class='ocrx_word' id='word_1_45' title='bbox 389 717 547 757; x_wconf 84' lang='lat' dir='ltr'>melicis</span> <span class='ocrx_word' id='word_1_46' title='bbox 579 715 931 757; x_wconf 82' lang='lat' dir='ltr'><strong>adstructionibus</strong></span> <span class='ocrx_word' id='word_1_47' title='bbox 971 715 1228 767; x_wconf 78' lang='lat' dir='ltr'>continetur,</span> <span class='ocrx_word' id='word_1_48' title='bbox 1267 716 1384 772; x_wconf 84' lang='lat' dir='ltr'><strong>prius</strong></span> <span class='ocrx_word' id='word_1_49' title='bbox 1428 716 1482 757; x_wconf 88' lang='lat' dir='ltr'><strong>de</strong></span> <span class='ocrx_word' id='word_1_50' title='bbox 1515 717 1672 758; x_wconf 80' lang='lat' dir='ltr'><strong>melicis</strong></span> <span class='ocrx_word' id='word_1_51' title='bbox 1702 717 1946 759; x_wconf 80' lang='lat' dir='ltr'><strong>dissertabo.</strong></span> 
     </span>
    </p>
   </div>
   <div class='ocr_carea' id='block_1_7' title="bbox 2014 717 2122 758">
    <p class='ocr_par' dir='ltr' id='par_1_7' title="bbox 2014 717 2122 758">
     <span class='ocr_line' id='line_1_7' title="bbox 2014 717 2122 758; baseline 0.009 -1"><span class='ocrx_word' id='word_1_52' title='bbox 2014 717 2122 758; x_wconf 90' lang='lat' dir='ltr'><strong>Dico</strong></span> 
     </span>
    </p>
   </div>
   <div class='ocr_carea' id='block_1_8' title="bbox 170 797 2122 854">
    <p class='ocr_par' dir='ltr' id='par_1_8' title="bbox 170 797 2122 854">
     <span class='ocr_line' id='line_1_8' title="bbox 170 797 2122 854; baseline 0.001 -17"><span class='ocrx_word' id='word_1_53' title='bbox 170 797 381 853; x_wconf 86' lang='lat' dir='ltr'><strong>quidquid</strong></span> <span class='ocrx_word' id='word_1_54' title='bbox 418 799 495 839; x_wconf 84' lang='lat' dir='ltr'><strong>rite</strong></span> <span class='ocrx_word' id='word_1_55' title='bbox 530 799 737 849; x_wconf 83' lang='lat' dir='ltr'><strong>sonuerit,</strong></span> <span class='ocrx_word' id='word_1_56' title='bbox 784 806 855 838; x_wconf 83' lang='lat' dir='ltr'><strong>aut</strong></span> <span class='ocrx_word' id='word_1_57' title='bbox 884 806 1032 838; x_wconf 87' lang='lat' dir='ltr'><strong>tonum</strong></span> <span class='ocrx_word' id='word_1_58' title='bbox 1065 812 1153 838; x_wconf 84' lang='lat' dir='ltr'><strong>esse</strong></span> <span class='ocrx_word' id='word_1_59' title='bbox 1184 808 1257 839; x_wconf 84' lang='lat' dir='ltr'><strong>aut</strong></span> <span class='ocrx_word' id='word_1_60' title='bbox 1284 798 1566 840; x_wconf 72' lang='lat' dir='ltr'><strong>hemitonium</strong></span> <span class='ocrx_word' id='word_1_61' title='bbox 1599 809 1671 840; x_wconf 79' lang='lat' dir='ltr'><strong>aut</strong></span> <span class='ocrx_word' id='word_1_62' title='bbox 1715 809 1913 854; x_wconf 79' lang='lat' dir='ltr'>quartam</span> <span class='ocrx_word' id='word_1_63' title='bbox 1956 808 2122 854; x_wconf 81' lang='lat' dir='ltr'><strong>partem</strong></span> 
     </span>
    </p>
   </div>
   <div class='ocr_carea' id='block_1_9' title="bbox 173 878 2123 935">
    <p class='ocr_par' dir='ltr' id='par_1_9' title="bbox 173 878 2123 935">
     <span class='ocr_line' id='line_1_9' title="bbox 173 878 2123 935; baseline 0.001 -18"><span class='ocrx_word' id='word_1_64' title='bbox 173 878 259 917; x_wconf 94' lang='lat' dir='ltr'><strong>toni</strong></span> <span class='ocrx_word' id='word_1_65' title='bbox 283 892 394 932; x_wconf 81' lang='lat' dir='ltr'><strong>quae</strong></span> <span class='ocrx_word' id='word_1_66' title='bbox 425 878 549 919; x_wconf 82' lang='lat' dir='ltr'><strong>diesis</strong></span> <span class='ocrx_word' id='word_1_67' title='bbox 581 879 831 935; x_wconf 81' lang='lat' dir='ltr'><strong>appellatur.</strong></span> <span class='ocrx_word' id='word_1_68' title='bbox 875 878 1043 920; x_wconf 84' lang='lat' dir='ltr'><strong>Verum</strong></span> <span class='ocrx_word' id='word_1_69' title='bbox 1076 888 1199 919; x_wconf 90' lang='lat' dir='ltr'><strong>tonus</strong></span> <span class='ocrx_word' id='word_1_70' title='bbox 1231 889 1290 920; x_wconf 87' lang='lat' dir='ltr'><strong>est</strong></span> <span class='ocrx_word' id='word_1_71' title='bbox 1318 881 1502 935; x_wconf 84' lang='lat' dir='ltr'><strong>spatium</strong></span> <span class='ocrx_word' id='word_1_72' title='bbox 1536 894 1634 920; x_wconf 86' lang='lat' dir='ltr'><strong>cum</strong></span> <span class='ocrx_word' id='word_1_73' title='bbox 1666 879 1851 935; x_wconf 79' lang='lat' dir='ltr'><strong>legitima</strong></span> <span class='ocrx_word' id='word_1_74' title='bbox 1876 879 2123 934; x_wconf 77' lang='lat' dir='ltr'><strong>quantitate,</strong></span> 
     </span>
    </p>
   </div>
   <div class='ocr_carea' id='block_1_10' title="bbox 130 987 1130 2466">
    <p class='ocr_par' dir='ltr' id='par_1_10' title="bbox 169 987 1124 1331">
     <span class='ocr_line' id='line_1_10' title="bbox 245 987 1123 1034; baseline -0.002 -14"><span class='ocrx_word' id='word_1_75' title='bbox 245 988 323 1020; x_wconf 81' lang='lat' dir='ltr'><strong>bene</strong></span> <span class='ocrx_word' id='word_1_76' title='bbox 345 987 549 1034; x_wconf 76' lang='lat' dir='ltr'><strong>modulandi]</strong></span> <span class='ocrx_word' id='word_1_77' title='bbox 577 989 706 1021; x_wconf 75' lang='lat' dir='ltr'><strong>Initium</strong></span> <span class='ocrx_word' id='word_1_78' title='bbox 735 989 785 1021; x_wconf 85' lang='lat' dir='ltr'><strong>hie</strong></span> <span class='ocrx_word' id='word_1_79' title='bbox 811 988 885 1020; x_wconf 84' lang='lat' dir='ltr'><strong>facit</strong></span> <span class='ocrx_word' id='word_1_80' title='bbox 904 987 1060 1020; x_wconf 80' lang='lat' dir='ltr'><strong>tractandi</strong></span> <span class='ocrx_word' id='word_1_81' title='bbox 1084 987 1123 1019; x_wconf 83' lang='lat' dir='ltr'><strong>de</strong></span> 
     </span>
     <span class='ocr_line' id='line_1_11' title="bbox 170 1049 1122 1093; baseline 0.001 -12"><span class='ocrx_word' id='word_1_82' title='bbox 170 1049 240 1093; x_wconf 82' lang='lat' dir='ltr'><strong>ipsa</strong></span> <span class='ocrx_word' id='word_1_83' title='bbox 262 1057 328 1082; x_wconf 81' lang='lat' dir='ltr'><strong>arte</strong></span> <span class='ocrx_word' id='word_1_84' title='bbox 351 1052 486 1091; x_wconf 81' lang='lat' dir='ltr'><strong>musica,</strong></span> <span class='ocrx_word' id='word_1_85' title='bbox 516 1052 608 1093; x_wconf 85' lang='lat' dir='ltr'><strong>cujus</strong></span> <span class='ocrx_word' id='word_1_86' title='bbox 632 1053 762 1083; x_wconf 82' lang='lat' dir='ltr'><strong>interior</strong></span> <span class='ocrx_word' id='word_1_87' title='bbox 789 1052 860 1083; x_wconf 85' lang='lat' dir='ltr'><strong>finis</strong></span> <span class='ocrx_word' id='word_1_88' title='bbox 884 1057 933 1083; x_wconf 90' lang='lat' dir='ltr'><strong>est</strong></span> <span class='ocrx_word' id='word_1_89' title='bbox 958 1052 1039 1083; x_wconf 88' lang='lat' dir='ltr'><strong>bene</strong></span> <span class='ocrx_word' id='word_1_90' title='bbox 1057 1062 1122 1082; x_wconf 86' lang='lat' dir='ltr'><strong>mo·</strong></span> 
     </span>
     <span class='ocr_line' id='line_1_12' title="bbox 170 1113 1124 1155; baseline -0.002 -9"><span class='ocrx_word' id='word_1_91' title='bbox 170 1113 281 1146; x_wconf 79' lang='lat' dir='ltr'><strong>dulari.</strong></span> <span class='ocrx_word' id='word_1_92' title='bbox 308 1115 383 1146; x_wconf 84' lang='lat' dir='ltr'><strong>Huc</strong></span> <span class='ocrx_word' id='word_1_93' title='bbox 407 1115 508 1146; x_wconf 87' lang='lat' dir='ltr'><strong>omnis</strong></span> <span class='ocrx_word' id='word_1_94' title='bbox 533 1116 690 1147; x_wconf 86' lang='lat' dir='ltr'><strong>institutio</strong></span> <span class='ocrx_word' id='word_1_95' title='bbox 713 1115 823 1146; x_wconf 81' lang='lat' dir='ltr'><strong>tendit.</strong></span> <span class='ocrx_word' id='word_1_96' title='bbox 849 1115 899 1146; x_wconf 79' lang='lat' dir='ltr'><strong>lta</strong></span> <span class='ocrx_word' id='word_1_97' title='bbox 924 1114 1124 1155; x_wconf 79' lang='lat' dir='ltr'><strong>intelligendi</strong></span> 
     </span>
     <span class='ocr_line' id='line_1_13' title="bbox 171 1177 1122 1220; baseline 0 -13"><span class='ocrx_word' id='word_1_98' title='bbox 171 1187 298 1217; x_wconf 83' lang='lat' dir='ltr'><strong>omnes,</strong></span> <span class='ocrx_word' id='word_1_99' title='bbox 327 1177 381 1220; x_wconf 90' lang='lat' dir='ltr'><strong>qui</strong></span> <span class='ocrx_word' id='word_1_100' title='bbox 400 1178 553 1209; x_wconf 80' lang='lat' dir='ltr'><strong>musicam</strong></span> <span class='ocrx_word' id='word_1_101' title='bbox 576 1178 657 1209; x_wconf 89' lang='lat' dir='ltr'><strong>bene</strong></span> <span class='ocrx_word' id='word_1_102' title='bbox 681 1177 865 1209; x_wconf 81' lang='lat' dir='ltr'><strong>modulandi</strong></span> <span class='ocrx_word' id='word_1_103' title='bbox 889 1177 1052 1209; x_wconf 86' lang='lat' dir='ltr'><strong>seientiam</strong></span> <span class='ocrx_word' id='word_1_104' title='bbox 1069 1177 1122 1207; x_wconf 85' lang='lat' dir='ltr'><strong>de-</strong></span> 
     </span>
     <span class='ocr_line' id='line_1_14' title="bbox 169 1237 1124 1284; baseline 0.002 -16"><span class='ocrx_word' id='word_1_105' title='bbox 169 1237 300 1278; x_wconf 76' lang='lat' dir='ltr'><strong>finiunt,</strong></span> <span class='ocrx_word' id='word_1_106' title='bbox 340 1244 376 1270; x_wconf 88' lang='lat' dir='ltr'><strong>ut</strong></span> <span class='ocrx_word' id='word_1_107' title='bbox 400 1238 602 1281; x_wconf 68' lang='lat' dir='ltr'><strong>Augustinus</strong></span> <span class='ocrx_word' id='word_1_108' title='bbox 631 1251 760 1284; x_wconf 85' lang='lat' dir='ltr'><strong>quoque</strong></span> <span class='ocrx_word' id='word_1_109' title='bbox 787 1239 869 1270; x_wconf 84' lang='lat' dir='ltr'><strong>libro</strong></span> <span class='ocrx_word' id='word_1_110' title='bbox 898 1240 913 1270; x_wconf 85' lang='lat'><strong>1</strong></span> <span class='ocrx_word' id='word_1_111' title='bbox 939 1239 978 1270; x_wconf 82' lang='lat' dir='ltr'><strong>de</strong></span> <span class='ocrx_word' id='word_1_112' title='bbox 1000 1237 1124 1271; x_wconf 80' lang='lat' dir='ltr'><strong>Musica</strong></span> 
     </span>
     <span class='ocr_line' id='line_1_15' title="bbox 171 1298 313 1331; baseline 0 0"><span class='ocrx_word' id='word_1_113' title='bbox 171 1298 313 1331; x_wconf 69' lang='lat' dir='ltr'><strong>Mummi.</strong></span> 
     </span>
    </p>

    <p class='ocr_par' dir='ltr' id='par_1_11' title="bbox 130 1361 1130 2466">
     <span class='ocr_line' id='line_1_16' title="bbox 246 1361 1124 1407; baseline -0.001 -14"><span class='ocrx_word' id='word_1_114' title='bbox 246 1361 452 1407; x_wconf 77' lang='lat' dir='ltr'><strong>rhytlnnicis]</strong></span> <span class='ocrx_word' id='word_1_115' title='bbox 479 1363 517 1394; x_wconf 83' lang='lat' dir='ltr'><strong>Id</strong></span> <span class='ocrx_word' id='word_1_116' title='bbox 553 1369 603 1394; x_wconf 85' lang='lat' dir='ltr'><strong>est</strong></span> <span class='ocrx_word' id='word_1_117' title='bbox 636 1363 830 1395; x_wconf 74' lang='lat' dir='ltr'><strong>Hal-monica</strong></span> <span class='ocrx_word' id='word_1_118' title='bbox 858 1368 890 1394; x_wconf 86' lang='lat' dir='ltr'><strong>et</strong></span> <span class='ocrx_word' id='word_1_119' title='bbox 920 1361 1124 1405; x_wconf 73' lang='lat' dir='ltr'><strong>Rhythmica.</strong></span> 
     </span>
     <span class='ocr_line' id='line_1_17' title="bbox 172 1420 1126 1470; baseline -0.001 -16"><span class='ocrx_word' id='word_1_120' title='bbox 172 1422 288 1454; x_wconf 83' lang='lat' dir='ltr'><strong>Melica</strong></span> <span class='ocrx_word' id='word_1_121' title='bbox 316 1423 378 1467; x_wconf 85' lang='lat' dir='ltr'><strong>ipsi</strong></span> <span class='ocrx_word' id='word_1_122' title='bbox 414 1430 488 1455; x_wconf 85' lang='lat' dir='ltr'><strong>sunt</strong></span> <span class='ocrx_word' id='word_1_123' title='bbox 517 1421 565 1458; x_wconf 75' lang='grc' dir='ltr'><strong>τὰ</strong></span> <span class='ocrx_word' id='word_1_124' title='bbox 595 1420 792 1470; x_wconf 71' lang='grc' dir='ltr'><em>ἁρμονικά.</em></span> <span class='ocrx_word' id='word_1_125' title='bbox 835 1423 937 1456; x_wconf 73' lang='lat' dir='ltr'><strong>Nemo</strong></span> <span class='ocrx_word' id='word_1_126' title='bbox 970 1424 1050 1454; x_wconf 88' lang='lat' dir='ltr'><strong>alius</strong></span> <span class='ocrx_word' id='word_1_127' title='bbox 1082 1423 1126 1454; x_wconf 84' lang='lat' dir='ltr'><strong>ita</strong></span> 
     </span>
     <span class='ocr_line' id='line_1_18' title="bbox 173 1485 1126 1531; baseline 0 -14"><span class='ocrx_word' id='word_1_128' title='bbox 173 1485 310 1518; x_wconf 88' lang='lat' dir='ltr'><strong>locutus.</strong></span> <span class='ocrx_word' id='word_1_129' title='bbox 339 1487 491 1518; x_wconf 86' lang='lat' dir='ltr'><strong>Ceterum</strong></span> <span class='ocrx_word' id='word_1_130' title='bbox 515 1487 594 1518; x_wconf 84' lang='lat' dir='ltr'><strong>duas</strong></span> <span class='ocrx_word' id='word_1_131' title='bbox 619 1493 739 1519; x_wconf 85' lang='lat' dir='ltr'><strong>tantum</strong></span> <span class='ocrx_word' id='word_1_132' title='bbox 763 1487 834 1518; x_wconf 86' lang='lat' dir='ltr'><strong>illas</strong></span> <span class='ocrx_word' id='word_1_133' title='bbox 857 1493 963 1531; x_wconf 83' lang='lat' dir='ltr'><strong>partes</strong></span> <span class='ocrx_word' id='word_1_134' title='bbox 987 1487 1025 1518; x_wconf 86' lang='lat' dir='ltr'><strong>ad</strong></span> <span class='ocrx_word' id='word_1_135' title='bbox 1044 1487 1126 1518; x_wconf 84' lang='lat' dir='ltr'><strong>bene</strong></span> 
     </span>
     <span class='ocr_line' id='line_1_19' title="bbox 173 1550 1126 1593; baseline -0.001 -12"><span class='ocrx_word' id='word_1_136' title='bbox 173 1550 359 1582; x_wconf 87' lang='lat' dir='ltr'><strong>modulandi</strong></span> <span class='ocrx_word' id='word_1_137' title='bbox 383 1556 481 1582; x_wconf 83' lang='lat' dir='ltr'><strong>artem</strong></span> <span class='ocrx_word' id='word_1_138' title='bbox 508 1551 610 1583; x_wconf 80' lang='lat' dir='ltr'><strong>facere</strong></span> <span class='ocrx_word' id='word_1_139' title='bbox 632 1551 709 1583; x_wconf 87' lang='lat' dir='ltr'><strong>dicit</strong></span> <span class='ocrx_word' id='word_1_140' title='bbox 726 1551 857 1582; x_wconf 88' lang='lat' dir='ltr'><strong>exclusa</strong></span> <span class='ocrx_word' id='word_1_141' title='bbox 877 1551 1026 1582; x_wconf 83' lang='lat' dir='ltr'><strong>Metrica:</strong></span> <span class='ocrx_word' id='word_1_142' title='bbox 1044 1561 1126 1593; x_wconf 87' lang='lat' dir='ltr'><strong>quae</strong></span> 
     </span>
     <span class='ocr_line' id='line_1_20' title="bbox 130 1613 1128 1661; baseline 0 -17"><span class='ocrx_word' id='word_1_143' title='bbox 130 1657 133 1661; x_wconf 91' lang='lat'>.</span> <span class='ocrx_word' id='word_1_144' title='bbox 173 1618 279 1645; x_wconf 87' lang='lat' dir='ltr'><strong>tamen</strong></span> <span class='ocrx_word' id='word_1_145' title='bbox 311 1613 351 1645; x_wconf 87' lang='lat' dir='ltr'><strong>ad</strong></span> <span class='ocrx_word' id='word_1_146' title='bbox 379 1614 553 1658; x_wconf 79' lang='lat' dir='ltr'><strong>perfeetum</strong></span> <span class='ocrx_word' id='word_1_147' title='bbox 582 1620 724 1654; x_wconf 84' lang='lat' dir='ltr'><strong>cantum,</strong></span> <span class='ocrx_word' id='word_1_148' title='bbox 759 1614 791 1645; x_wconf 90' lang='lat' dir='ltr'><strong>iu</strong></span> <span class='ocrx_word' id='word_1_149' title='bbox 818 1626 882 1657; x_wconf 89' lang='lat' dir='ltr'><strong>quo</strong></span> <span class='ocrx_word' id='word_1_150' title='bbox 912 1614 1006 1645; x_wconf 88' lang='lat' dir='ltr'><strong>etiam</strong></span> <span class='ocrx_word' id='word_1_151' title='bbox 1030 1613 1128 1645; x_wconf 70' lang='lat' dir='ltr'><strong>verba</strong></span> 
     </span>
     <span class='ocr_line' id='line_1_21' title="bbox 173 1675 1127 1718; baseline -0.002 -9"><span class='ocrx_word' id='word_1_152' title='bbox 173 1677 432 1718; x_wconf 74' lang='lat' dir='ltr'><strong>considerantur,</strong></span> <span class='ocrx_word' id='word_1_153' title='bbox 460 1678 511 1709; x_wconf 73' lang='lat' dir='ltr'><strong>vel</strong></span> <span class='ocrx_word' id='word_1_154' title='bbox 540 1679 675 1710; x_wconf 80' lang='lat' dir='ltr'><strong>maxime</strong></span> <span class='ocrx_word' id='word_1_155' title='bbox 708 1683 757 1709; x_wconf 89' lang='lat' dir='ltr'><strong>est</strong></span> <span class='ocrx_word' id='word_1_156' title='bbox 781 1677 979 1717; x_wconf 81' lang='lat' dir='ltr'><strong>necessaria;</strong></span> <span class='ocrx_word' id='word_1_157' title='bbox 1005 1688 1035 1708; x_wconf 78' lang='lat' dir='ltr'><strong>v.</strong></span> <span class='ocrx_word' id='word_1_158' title='bbox 1053 1675 1127 1708; x_wconf 78' lang='lat' dir='ltr'><strong>Ari-</strong></span> 
     </span>
     <span class='ocr_line' id='line_1_22' title="bbox 174 1738 1128 1783; baseline 0.002 -14"><span class='ocrx_word' id='word_1_159' title='bbox 174 1738 287 1770; x_wconf 86' lang='lat' dir='ltr'><strong>stidem</strong></span> <span class='ocrx_word' id='word_1_160' title='bbox 314 1752 346 1782; x_wconf 90' lang='lat' dir='ltr'><strong>p.</strong></span> <span class='ocrx_word' id='word_1_161' title='bbox 362 1739 421 1771; x_wconf 79' lang='lat'><strong>28.</strong></span> <span class='ocrx_word' id='word_1_162' title='bbox 450 1740 653 1772; x_wconf 55' lang='lat' dir='ltr'><strong>Memin—</strong></span> <span class='ocrx_word' id='word_1_163' title='bbox 688 1739 807 1772; x_wconf 76' lang='lat' dir='ltr'><strong>Nescio</strong></span> <span class='ocrx_word' id='word_1_164' title='bbox 834 1739 911 1783; x_wconf 88' lang='lat' dir='ltr'><strong>quid</strong></span> <span class='ocrx_word' id='word_1_165' title='bbox 942 1738 1128 1771; x_wconf 82' lang='lat' dir='ltr'><strong>offensionis</strong></span> 
     </span>
     <span class='ocr_line' id='line_1_23' title="bbox 174 1799 1126 1844; baseline 0.001 -14"><span class='ocrx_word' id='word_1_166' title='bbox 174 1799 330 1831; x_wconf 70' lang='lat' dir='ltr'><strong>invenerit</strong></span> <span class='ocrx_word' id='word_1_167' title='bbox 352 1800 544 1832; x_wconf 83' lang='lat' dir='ltr'><strong>Meibomius</strong></span> <span class='ocrx_word' id='word_1_168' title='bbox 568 1801 601 1832; x_wconf 88' lang='lat' dir='ltr'><strong>in</strong></span> <span class='ocrx_word' id='word_1_169' title='bbox 625 1801 781 1833; x_wconf 86' lang='lat' dir='ltr'><strong>vocabulo</strong></span> <span class='ocrx_word' id='word_1_170' title='bbox 808 1802 940 1832; x_wconf 78' lang='lat' dir='ltr'><strong>melicus</strong></span> <span class='ocrx_word' id='word_1_171' title='bbox 968 1813 1025 1844; x_wconf 86' lang='lat' dir='ltr'><strong>pro</strong></span> <span class='ocrx_word' id='word_1_172' title='bbox 1053 1801 1126 1832; x_wconf 76' lang='lat' dir='ltr'><strong>liar-</strong></span> 
     </span>
     <span class='ocr_line' id='line_1_24' title="bbox 174 1858 1126 1907; baseline 0.003 -16"><span class='ocrx_word' id='word_1_173' title='bbox 174 1862 297 1892; x_wconf 82' lang='lat' dir='ltr'><strong>mom’co</strong></span> <span class='ocrx_word' id='word_1_174' title='bbox 323 1867 493 1905; x_wconf 81' lang='lat' dir='ltr'><strong>usurpato,</strong></span> <span class='ocrx_word' id='word_1_175' title='bbox 524 1874 621 1905; x_wconf 90' lang='lat' dir='ltr'><strong>quum</strong></span> <span class='ocrx_word' id='word_1_176' title='bbox 651 1861 771 1905; x_wconf 76' lang='grc' dir='ltr'><em>μέλος</em></span> <span class='ocrx_word' id='word_1_177' title='bbox 799 1867 831 1893; x_wconf 84' lang='lat' dir='ltr'><strong>et</strong></span> <span class='ocrx_word' id='word_1_178' title='bbox 855 1858 1020 1907; x_wconf 77' lang='grc' dir='ltr'><em>ἁρμονία</em></span> <span class='ocrx_word' id='word_1_179' title='bbox 1053 1872 1126 1905; x_wconf 74' lang='lat' dir='ltr'><strong>pro-</strong></span> 
     </span>
     <span class='ocr_line' id='line_1_25' title="bbox 175 1921 1127 1956; baseline 0 -4"><span class='ocrx_word' id='word_1_180' title='bbox 175 1921 295 1953; x_wconf 85' lang='lat' dir='ltr'><strong>miscue</strong></span> <span class='ocrx_word' id='word_1_181' title='bbox 327 1922 441 1953; x_wconf 86' lang='lat' dir='ltr'><strong>eodem</strong></span> <span class='ocrx_word' id='word_1_182' title='bbox 471 1934 568 1953; x_wconf 87' lang='lat' dir='ltr'><strong>sensu</strong></span> <span class='ocrx_word' id='word_1_183' title='bbox 601 1923 743 1953; x_wconf 79' lang='lat' dir='ltr'><strong>adhiberi</strong></span> <span class='ocrx_word' id='word_1_184' title='bbox 776 1922 911 1956; x_wconf 81' lang='lat' dir='ltr'><strong>soleant.</strong></span> <span class='ocrx_word' id='word_1_185' title='bbox 952 1922 1008 1954; x_wconf 90' lang='lat' dir='ltr'><strong>Sic</strong></span> <span class='ocrx_word' id='word_1_186' title='bbox 1038 1921 1127 1953; x_wconf 66' lang='lat' dir='ltr'><strong>verbi</strong></span> 
     </span>
     <span class='ocr_line' id='line_1_26' title="bbox 176 1983 1126 2028; baseline 0.001 -14"><span class='ocrx_word' id='word_1_187' title='bbox 176 1994 271 2015; x_wconf 82' lang='lat' dir='ltr'><strong>causa</strong></span> <span class='ocrx_word' id='word_1_188' title='bbox 299 1983 412 2023; x_wconf 85' lang='lat' dir='ltr'><strong>Plato,</strong></span> <span class='ocrx_word' id='word_1_189' title='bbox 452 1983 528 2014; x_wconf 86' lang='lat' dir='ltr'><strong>licet</strong></span> <span class='ocrx_word' id='word_1_190' title='bbox 557 1983 608 2027; x_wconf 89' lang='lat' dir='ltr'><strong>(iu</strong></span> <span class='ocrx_word' id='word_1_191' title='bbox 633 1984 754 2027; x_wconf 83' lang='lat' dir='ltr'><strong>republ.</strong></span> <span class='ocrx_word' id='word_1_192' title='bbox 782 1985 822 2023; x_wconf 82' lang='lat'><strong>5,</strong></span> <span class='ocrx_word' id='word_1_193' title='bbox 853 1996 883 2027; x_wconf 90' lang='lat' dir='ltr'><strong>p.</strong></span> <span class='ocrx_word' id='word_1_194' title='bbox 903 1985 976 2015; x_wconf 76' lang='lat'><strong>598</strong></span> <span class='ocrx_word' id='word_1_195' title='bbox 1001 1983 1126 2028; x_wconf 84' lang='lat' dir='ltr'><strong>Steph.)</strong></span> 
     </span>
     <span class='ocr_line' id='line_1_27' title="bbox 176 2045 1127 2091; baseline 0 -14"><span class='ocrx_word' id='word_1_196' title='bbox 176 2046 295 2091; x_wconf 83' lang='lat' dir='ltr'><strong>pariter</strong></span> <span class='ocrx_word' id='word_1_197' title='bbox 324 2051 418 2090; x_wconf 84' lang='lat' dir='ltr'><strong>atque</strong></span> <span class='ocrx_word' id='word_1_198' title='bbox 444 2045 640 2077; x_wconf 85' lang='lat' dir='ltr'><strong>Aristoteles</strong></span> <span class='ocrx_word' id='word_1_199' title='bbox 663 2046 714 2089; x_wconf 87' lang='lat' dir='ltr'><strong>(iu</strong></span> <span class='ocrx_word' id='word_1_200' title='bbox 738 2051 822 2089; x_wconf 70' lang='lat' dir='ltr'><strong>poct.</strong></span> <span class='ocrx_word' id='word_1_201' title='bbox 840 2047 877 2088; x_wconf 77' lang='lat' dir='ltr'><strong>l,</strong></span> <span class='ocrx_word' id='word_1_202' title='bbox 906 2045 948 2090; x_wconf 79' lang='lat'>4)</span> <span class='ocrx_word' id='word_1_203' title='bbox 970 2051 1035 2077; x_wconf 87' lang='lat' dir='ltr'><strong>tres</strong></span> <span class='ocrx_word' id='word_1_204' title='bbox 1059 2058 1127 2077; x_wconf 85' lang='lat' dir='ltr'><strong>car-</strong></span> 
     </span>
     <span class='ocr_line' id='line_1_28' title="bbox 177 2103 1124 2154; baseline 0.002 -15"><span class='ocrx_word' id='word_1_205' title='bbox 177 2107 271 2140; x_wconf 84' lang='lat' dir='ltr'><strong>minis</strong></span> <span class='ocrx_word' id='word_1_206' title='bbox 286 2113 394 2152; x_wconf 83' lang='lat' dir='ltr'><strong>partes</strong></span> <span class='ocrx_word' id='word_1_207' title='bbox 418 2108 558 2151; x_wconf 82' lang='lat' dir='ltr'><strong>appellet</strong></span> <span class='ocrx_word' id='word_1_208' title='bbox 574 2103 710 2152; x_wconf 74' lang='grc' dir='ltr'><em>λόγον,</em></span> <span class='ocrx_word' id='word_1_209' title='bbox 735 2103 936 2153; x_wconf 70' lang='grc' dir='ltr'><em>ἁρμονίαν,</em></span> <span class='ocrx_word' id='word_1_210' title='bbox 957 2103 1124 2154; x_wconf 76' lang='grc' dir='ltr'><em>ῥυθμόν,</em></span> 
     </span>
     <span class='ocr_line' id='line_1_29' title="bbox 178 2168 1126 2215; baseline -0.007 -14"><span class='ocrx_word' id='word_1_211' title='bbox 178 2175 283 2201; x_wconf 81' lang='lat' dir='ltr'><strong>tamen</strong></span> <span class='ocrx_word' id='word_1_212' title='bbox 315 2169 376 2201; x_wconf 87' lang='lat' dir='ltr'><strong>alio</strong></span> <span class='ocrx_word' id='word_1_213' title='bbox 405 2169 477 2201; x_wconf 91' lang='lat' dir='ltr'><strong>loco</strong></span> <span class='ocrx_word' id='word_1_214' title='bbox 511 2169 564 2213; x_wconf 89' lang='lat' dir='ltr'><strong>(in</strong></span> <span class='ocrx_word' id='word_1_215' title='bbox 589 2168 688 2210; x_wconf 81' lang='lat' dir='ltr'><strong>Gorg.</strong></span> <span class='ocrx_word' id='word_1_216' title='bbox 708 2181 738 2212; x_wconf 87' lang='lat' dir='ltr'><strong>p.</strong></span> <span class='ocrx_word' id='word_1_217' title='bbox 763 2168 870 2212; x_wconf 78' lang='lat'>502)&#39;:</span> <span class='ocrx_word' id='word_1_218' title='bbox 893 2168 929 2203; x_wconf 75' lang='grc' dir='ltr'><strong>εἴ</strong></span> <span class='ocrx_word' id='word_1_219' title='bbox 944 2179 1003 2208; x_wconf 73' lang='grc' dir='ltr'><strong>τις</strong></span> <span class='ocrx_word' id='word_1_220' title='bbox 1025 2177 1126 2215; x_wconf 61' lang='grc' dir='ltr'><strong>περι.</strong></span> 
     </span>
     <span class='ocr_line' id='line_1_30' title="bbox 181 2227 1128 2278; baseline 0 -12"><span class='ocrx_word' id='word_1_221' title='bbox 181 2231 323 2275; x_wconf 72' lang='grc' dir='ltr'><em>ὲλοιτο,</em></span> <span class='ocrx_word' id='word_1_222' title='bbox 358 2232 477 2276; x_wconf 85' lang='lat' dir='ltr'><strong>inquit,</strong></span> <span class='ocrx_word' id='word_1_223' title='bbox 513 2231 587 2277; x_wconf 82' lang='grc' dir='ltr'><strong>τῆς</strong></span> <span class='ocrx_word' id='word_1_224' title='bbox 621 2228 815 2277; x_wconf 77' lang='grc' dir='ltr'><em>ποιήσεως</em></span> <span class='ocrx_word' id='word_1_225' title='bbox 844 2227 973 2278; x_wconf 76' lang='grc' dir='ltr'><em>πάσης</em></span> <span class='ocrx_word' id='word_1_226' title='bbox 1002 2227 1048 2266; x_wconf 87' lang='grc' dir='ltr'><strong>τό</strong></span> <span class='ocrx_word' id='word_1_227' title='bbox 1086 2241 1128 2267; x_wconf 88' lang='grc' dir='ltr'><strong>τε</strong></span> 
     </span>
     <span class='ocr_line' id='line_1_31' title="bbox 180 2291 1129 2341; baseline 0.001 -13"><span class='ocrx_word' id='word_1_228' title='bbox 180 2293 297 2337; x_wconf 75' lang='grc' dir='ltr'><em>μέλος</em></span> <span class='ocrx_word' id='word_1_229' title='bbox 317 2292 381 2328; x_wconf 76' lang='grc' dir='ltr'><strong>καὶ</strong></span> <span class='ocrx_word' id='word_1_230' title='bbox 399 2292 469 2329; x_wconf 84' lang='grc' dir='ltr'><em>τὸν</em></span> <span class='ocrx_word' id='word_1_231' title='bbox 486 2291 643 2341; x_wconf 70' lang='grc' dir='ltr'><em>ῥυθμὸν</em></span> <span class='ocrx_word' id='word_1_232' title='bbox 657 2292 721 2329; x_wconf 81' lang='grc' dir='ltr'><strong>καὶ</strong></span> <span class='ocrx_word' id='word_1_233' title='bbox 741 2291 791 2339; x_wconf 53' lang='grc' dir='ltr'><strong>τὸζ</strong></span> <span class='ocrx_word' id='word_1_234' title='bbox 804 2293 956 2341; x_wconf 82' lang='grc' dir='ltr'><em>μέτρον,</em></span> <span class='ocrx_word' id='word_1_235' title='bbox 976 2291 1074 2330; x_wconf 77' lang='grc' dir='ltr'><em>ἄλλο</em></span> <span class='ocrx_word' id='word_1_236' title='bbox 1091 2304 1129 2330; x_wconf 79' lang='grc' dir='ltr'><strong>τι</strong></span> 
     </span>
     <span class='ocr_line' id='line_1_32' title="bbox 183 2353 1128 2402; baseline 0 -12"><span class='ocrx_word' id='word_1_237' title='bbox 183 2354 206 2401; x_wconf 77' lang='grc' dir='ltr'><strong><em>ἧ</em></strong></span> <span class='ocrx_word' id='word_1_238' title='bbox 243 2353 352 2402; x_wconf 74' lang='grc' dir='ltr'><em>λόγοι</em></span> <span class='ocrx_word' id='word_1_239' title='bbox 385 2356 587 2402; x_wconf 67' lang='grc' dir='ltr'><em>γίγνονται</em></span> <span class='ocrx_word' id='word_1_240' title='bbox 621 2355 667 2392; x_wconf 87' lang='grc' dir='ltr'><strong>τὸ</strong></span> <span class='ocrx_word' id='word_1_241' title='bbox 701 2353 948 2402; x_wconf 68' lang='grc' dir='ltr'><em>λειπόμενον5</em></span> <span class='ocrx_word' id='word_1_242' title='bbox 989 2359 1128 2402; x_wconf 83' lang='lat' dir='ltr'><strong>itemque</strong></span> 
     </span>
     <span class='ocr_line' id='line_1_33' title="bbox 182 2420 1130 2466; baseline 0.007 -16"><span class='ocrx_word' id='word_1_243' title='bbox 182 2421 234 2463; x_wconf 90' lang='lat' dir='ltr'><strong>(de</strong></span> <span class='ocrx_word' id='word_1_244' title='bbox 259 2420 383 2462; x_wconf 81' lang='lat' dir='ltr'><strong>legibus</strong></span> <span class='ocrx_word' id='word_1_245' title='bbox 408 2420 447 2460; x_wconf 76' lang='lat'><strong>2,</strong></span> <span class='ocrx_word' id='word_1_246' title='bbox 472 2432 503 2464; x_wconf 89' lang='lat' dir='ltr'><strong>p.</strong></span> <span class='ocrx_word' id='word_1_247' title='bbox 519 2421 615 2464; x_wconf 75' lang='lat'>669)</span> <span class='ocrx_word' id='word_1_248' title='bbox 636 2421 718 2453; x_wconf 86' lang='lat' dir='ltr'><strong>inter</strong></span> <span class='ocrx_word' id='word_1_249' title='bbox 740 2433 774 2454; x_wconf 86' lang='lat' dir='ltr'><strong>se</strong></span> <span class='ocrx_word' id='word_1_250' title='bbox 801 2422 934 2466; x_wconf 84' lang='lat' dir='ltr'><strong>opponit</strong></span> <span class='ocrx_word' id='word_1_251' title='bbox 955 2422 1074 2466; x_wconf 73' lang='grc' dir='ltr'><em>μέλος</em></span> <span class='ocrx_word' id='word_1_252' title='bbox 1098 2427 1130 2453; x_wconf 80' lang='lat' dir='ltr'><strong>et</strong></span> 
     </span>
    </p>
   </div>
   <div class='ocr_carea' id='block_1_11' title="bbox 1174 983 2133 2404">
    <p class='ocr_par' dir='ltr' id='par_1_12' title="bbox 1174 983 2131 1279">
     <span class='ocr_line' id='line_1_34' title="bbox 1175 983 2125 1034; baseline -0.002 -13"><span class='ocrx_word' id='word_1_253' title='bbox 1175 990 1206 1021; x_wconf 90' lang='lat' dir='ltr'><strong>in</strong></span> <span class='ocrx_word' id='word_1_254' title='bbox 1222 988 1271 1019; x_wconf 80' lang='lat' dir='ltr'><strong>his</strong></span> <span class='ocrx_word' id='word_1_255' title='bbox 1289 989 1333 1032; x_wconf 86' lang='lat' dir='ltr'><strong>(p.</strong></span> <span class='ocrx_word' id='word_1_256' title='bbox 1350 988 1451 1031; x_wconf 41' lang='lat'><strong>665)</strong></span> <span class='ocrx_word' id='word_1_257' title='bbox 1466 987 1511 1034; x_wconf 85' lang='grc' dir='ltr'><strong>τῇ</strong></span> <span class='ocrx_word' id='word_1_258' title='bbox 1538 986 1578 1023; x_wconf 79' lang='grc' dir='ltr'><strong>ὃὲ</strong></span> <span class='ocrx_word' id='word_1_259' title='bbox 1605 987 1677 1033; x_wconf 82' lang='grc' dir='ltr'><strong>τῆς</strong></span> <span class='ocrx_word' id='word_1_260' title='bbox 1701 984 1887 1033; x_wconf 73' lang='grc' dir='ltr'><em>κινήσεως</em></span> <span class='ocrx_word' id='word_1_261' title='bbox 1905 983 2013 1027; x_wconf 69' lang='grc' dir='ltr'><em>τάξει</em></span> <span class='ocrx_word' id='word_1_262' title='bbox 2030 985 2125 1033; x_wconf 78' lang='grc' dir='ltr'><em>ῥυθ-</em></span> 
     </span>
     <span class='ocr_line' id='line_1_35' title="bbox 1175 1046 2129 1099; baseline -0.003 -13"><span class='ocrx_word' id='word_1_263' title='bbox 1175 1051 1247 1096; x_wconf 84' lang='grc' dir='ltr'><strong>μὸς</strong></span> <span class='ocrx_word' id='word_1_264' title='bbox 1277 1051 1398 1097; x_wconf 76' lang='grc' dir='ltr'><em>ὄνομα</em></span> <span class='ocrx_word' id='word_1_265' title='bbox 1428 1053 1500 1099; x_wconf 76' lang='grc' dir='ltr'><em>εἴη,</em></span> <span class='ocrx_word' id='word_1_266' title='bbox 1529 1052 1575 1099; x_wconf 81' lang='grc' dir='ltr'><strong>τῇ</strong></span> <span class='ocrx_word' id='word_1_267' title='bbox 1603 1046 1689 1088; x_wconf 73' lang='grc' dir='ltr'><strong>ὃάὖ</strong></span> <span class='ocrx_word' id='word_1_268' title='bbox 1711 1052 1782 1099; x_wconf 83' lang='grc' dir='ltr'><strong>τῆς</strong></span> <span class='ocrx_word' id='word_1_269' title='bbox 1809 1050 1964 1099; x_wconf 82' lang='grc' dir='ltr'><em>φωνῆς,</em></span> <span class='ocrx_word' id='word_1_270' title='bbox 1993 1048 2064 1084; x_wconf 78' lang='grc' dir='ltr'><em>τοῦ</em></span> <span class='ocrx_word' id='word_1_271' title='bbox 2087 1060 2129 1083; x_wconf 86' lang='grc' dir='ltr'><strong>τε</strong></span> 
     </span>
     <span class='ocr_line' id='line_1_36' title="bbox 1176 1107 2131 1160; baseline -0.004 -12"><span class='ocrx_word' id='word_1_272' title='bbox 1176 1111 1290 1155; x_wconf 74' lang='grc' dir='ltr'><em>ὀξέος</em></span> <span class='ocrx_word' id='word_1_273' title='bbox 1310 1112 1388 1158; x_wconf 70' lang='grc' dir='ltr'><strong>ἅμα</strong></span> <span class='ocrx_word' id='word_1_274' title='bbox 1409 1113 1470 1148; x_wconf 75' lang='grc' dir='ltr'><strong>καὶ</strong></span> <span class='ocrx_word' id='word_1_275' title='bbox 1495 1113 1637 1160; x_wconf 71' lang='grc' dir='ltr'><em>βαρέος</em></span> <span class='ocrx_word' id='word_1_276' title='bbox 1657 1111 2040 1159; x_wconf 73' lang='grc' dir='ltr'><em>συγκεραννυμένων,</em></span> <span class='ocrx_word' id='word_1_277' title='bbox 2067 1107 2131 1156; x_wconf 72' lang='grc' dir='ltr'><strong>ἀρ-</strong></span> 
     </span>
     <span class='ocr_line' id='line_1_37' title="bbox 1174 1171 2129 1221; baseline -0.004 -13"><span class='ocrx_word' id='word_1_278' title='bbox 1174 1174 1291 1218; x_wconf 76' lang='grc' dir='ltr'><em>μονιέι</em></span> <span class='ocrx_word' id='word_1_279' title='bbox 1311 1173 1431 1218; x_wconf 75' lang='grc' dir='ltr'><em>ὄνομα</em></span> <span class='ocrx_word' id='word_1_280' title='bbox 1455 1171 1800 1221; x_wconf 68' lang='grc' dir='ltr'><em>προςαγορεύοιτοι</em></span> <span class='ocrx_word' id='word_1_281' title='bbox 1815 1176 1907 1218; x_wconf 86' lang='lat' dir='ltr'><strong>plura</strong></span> <span class='ocrx_word' id='word_1_282' title='bbox 1928 1174 2015 1205; x_wconf 85' lang='lat' dir='ltr'><strong>dabit</strong></span> <span class='ocrx_word' id='word_1_283' title='bbox 2031 1172 2129 1206; x_wconf 80' lang='lat' dir='ltr'><strong>Stalt-</strong></span> 
     </span>
     <span class='ocr_line' id='line_1_38' title="bbox 1175 1235 1691 1279; baseline 0 -12"><span class='ocrx_word' id='word_1_284' title='bbox 1175 1236 1322 1267; x_wconf 70' lang='lat' dir='ltr'><strong>baumius</strong></span> <span class='ocrx_word' id='word_1_285' title='bbox 1347 1237 1400 1279; x_wconf 87' lang='lat' dir='ltr'><strong>(ad</strong></span> <span class='ocrx_word' id='word_1_286' title='bbox 1420 1236 1547 1268; x_wconf 87' lang='lat' dir='ltr'><strong>Philcb.</strong></span> <span class='ocrx_word' id='word_1_287' title='bbox 1572 1248 1602 1279; x_wconf 88' lang='lat' dir='ltr'><strong>p.</strong></span> <span class='ocrx_word' id='word_1_288' title='bbox 1619 1235 1691 1279; x_wconf 77' lang='lat'>56).</span> 
     </span>
    </p>

    <p class='ocr_par' dir='ltr' id='par_1_13' title="bbox 1176 1296 2133 2404">
     <span class='ocr_line' id='line_1_39' title="bbox 1252 1296 2131 1346; baseline -0.003 -16"><span class='ocrx_word' id='word_1_289' title='bbox 1252 1306 1402 1346; x_wconf 80' lang='lat' dir='ltr'><strong>quartam</strong></span> <span class='ocrx_word' id='word_1_290' title='bbox 1428 1297 1571 1343; x_wconf 70' lang='lat' dir='ltr'><strong>partem]</strong></span> <span class='ocrx_word' id='word_1_291' title='bbox 1608 1299 1682 1331; x_wconf 82' lang='lat' dir='ltr'><strong>MS.</strong></span> <span class='ocrx_word' id='word_1_292' title='bbox 1706 1305 1855 1346; x_wconf 74' lang='lat' dir='ltr'><strong>quartam</strong></span> <span class='ocrx_word' id='word_1_293' title='bbox 1887 1304 2019 1330; x_wconf 83' lang='lat' dir='ltr'><strong>tantum.</strong></span> <span class='ocrx_word' id='word_1_294' title='bbox 2059 1296 2131 1338; x_wconf 80' lang='lat' dir='ltr'><strong>Ego</strong></span> 
     </span>
     <span class='ocr_line' id='line_1_40' title="bbox 1177 1360 2131 1404; baseline -0.004 -12"><span class='ocrx_word' id='word_1_295' title='bbox 1177 1372 1249 1392; x_wconf 85' lang='lat' dir='ltr'><strong>cum</strong></span> <span class='ocrx_word' id='word_1_296' title='bbox 1265 1366 1354 1404; x_wconf 84' lang='lat' dir='ltr'><strong>patre</strong></span> <span class='ocrx_word' id='word_1_297' title='bbox 1376 1367 1500 1404; x_wconf 80' lang='lat' dir='ltr'><strong>partem</strong></span> <span class='ocrx_word' id='word_1_298' title='bbox 1523 1366 1645 1391; x_wconf 84' lang='lat' dir='ltr'><strong>tantum</strong></span> <span class='ocrx_word' id='word_1_299' title='bbox 1669 1360 1775 1392; x_wconf 83' lang='lat' dir='ltr'><strong>malim</strong></span> <span class='ocrx_word' id='word_1_300' title='bbox 1797 1366 1828 1391; x_wconf 87' lang='lat' dir='ltr'><strong>et</strong></span> <span class='ocrx_word' id='word_1_301' title='bbox 1848 1360 1907 1391; x_wconf 82' lang='lat' dir='ltr'><strong>alia</strong></span> <span class='ocrx_word' id='word_1_302' title='bbox 1924 1362 1985 1391; x_wconf 82' lang='lat' dir='ltr'><strong>rite</strong></span> <span class='ocrx_word' id='word_1_303' title='bbox 2007 1363 2131 1390; x_wconf 79' lang='lat' dir='ltr'><strong>sonant.</strong></span> 
     </span>
     <span class='ocr_line' id='line_1_41' title="bbox 1179 1422 2133 1466; baseline 0 -13"><span class='ocrx_word' id='word_1_304' title='bbox 1179 1422 1341 1455; x_wconf 71' lang='lat' dir='ltr'><strong>Gnor.—</strong></span> <span class='ocrx_word' id='word_1_305' title='bbox 1368 1424 1466 1454; x_wconf 74' lang='lat' dir='ltr'><strong>Recte</strong></span> <span class='ocrx_word' id='word_1_306' title='bbox 1499 1424 1601 1455; x_wconf 73' lang='lat' dir='ltr'><strong>codex</strong></span> <span class='ocrx_word' id='word_1_307' title='bbox 1626 1423 1699 1466; x_wconf 77' lang='lat' dir='ltr'>(B);</span> <span class='ocrx_word' id='word_1_308' title='bbox 1738 1423 1842 1454; x_wconf 88' lang='lat' dir='ltr'><strong>editus</strong></span> <span class='ocrx_word' id='word_1_309' title='bbox 1865 1424 1935 1454; x_wconf 78' lang='lat' dir='ltr'><strong>rite.</strong></span> <span class='ocrx_word' id='word_1_310' title='bbox 1969 1422 2031 1453; x_wconf 80' lang='lat' dir='ltr'><strong>Est</strong></span> <span class='ocrx_word' id='word_1_311' title='bbox 2054 1423 2133 1453; x_wconf 83' lang='lat' dir='ltr'><strong>haee</strong></span> 
     </span>
     <span class='ocr_line' id='line_1_42' title="bbox 1176 1484 2132 1529; baseline -0.002 -12"><span class='ocrx_word' id='word_1_312' title='bbox 1176 1486 1297 1525; x_wconf 87' lang='lat' dir='ltr'><strong>locutio</strong></span> <span class='ocrx_word' id='word_1_313' title='bbox 1327 1486 1527 1521; x_wconf 85' lang='lat' dir='ltr'><strong>insolentior.</strong></span> <span class='ocrx_word' id='word_1_314' title='bbox 1575 1487 1648 1518; x_wconf 82' lang='lat' dir='ltr'><strong>Hoc</strong></span> <span class='ocrx_word' id='word_1_315' title='bbox 1682 1491 1786 1517; x_wconf 84' lang='lat' dir='ltr'><strong>autem</strong></span> <span class='ocrx_word' id='word_1_316' title='bbox 1814 1485 1883 1517; x_wconf 70' lang='lat' dir='ltr'><strong>vult</strong></span> <span class='ocrx_word' id='word_1_317' title='bbox 1913 1484 2132 1529; x_wconf 78' lang='lat' dir='ltr'><strong>(Martianus)=</strong></span> 
     </span>
     <span class='ocr_line' id='line_1_43' title="bbox 1186 1548 2132 1593; baseline 0 -14"><span class='ocrx_word' id='word_1_318' title='bbox 1186 1550 1432 1593; x_wconf 81' lang='lat' dir='ltr'><strong>»Quodcunque</strong></span> <span class='ocrx_word' id='word_1_319' title='bbox 1461 1550 1662 1581; x_wconf 73' lang='lat' dir='ltr'><strong>intervallum</strong></span> <span class='ocrx_word' id='word_1_320' title='bbox 1694 1549 1894 1580; x_wconf 79' lang='lat' dir='ltr'><strong>modulamur</strong></span> <span class='ocrx_word' id='word_1_321' title='bbox 1923 1548 2132 1592; x_wconf 83' lang='lat' dir='ltr'><strong>(incomposi-</strong></span> 
     </span>
     <span class='ocr_line' id='line_1_44' title="bbox 1178 1610 2133 1654; baseline -0.002 -11"><span class='ocrx_word' id='word_1_322' title='bbox 1178 1616 1263 1651; x_wconf 87' lang='lat' dir='ltr'><strong>tum,</strong></span> <span class='ocrx_word' id='word_1_323' title='bbox 1290 1616 1322 1642; x_wconf 91' lang='lat' dir='ltr'><strong>et</strong></span> <span class='ocrx_word' id='word_1_324' title='bbox 1344 1611 1425 1642; x_wconf 84' lang='lat' dir='ltr'><strong>iutra</strong></span> <span class='ocrx_word' id='word_1_325' title='bbox 1446 1611 1531 1654; x_wconf 86' lang='lat' dir='ltr'><strong>quod</strong></span> <span class='ocrx_word' id='word_1_326' title='bbox 1558 1611 1645 1642; x_wconf 85' lang='lat' dir='ltr'><strong>aliud</strong></span> <span class='ocrx_word' id='word_1_327' title='bbox 1674 1611 1786 1643; x_wconf 82' lang='lat' dir='ltr'><strong>cadere</strong></span> <span class='ocrx_word' id='word_1_328' title='bbox 1806 1610 1957 1654; x_wconf 84' lang='lat' dir='ltr'><strong>nequeat)</strong></span> <span class='ocrx_word' id='word_1_329' title='bbox 1983 1610 2054 1642; x_wconf 90' lang='lat' dir='ltr'><strong>dico</strong></span> <span class='ocrx_word' id='word_1_330' title='bbox 2079 1615 2133 1641; x_wconf 85' lang='lat' dir='ltr'><strong>aut</strong></span> 
     </span>
     <span class='ocr_line' id='line_1_45' title="bbox 1179 1672 2133 1718; baseline -0.002 -12"><span class='ocrx_word' id='word_1_331' title='bbox 1179 1680 1289 1706; x_wconf 84' lang='lat' dir='ltr'><strong>tonum</strong></span> <span class='ocrx_word' id='word_1_332' title='bbox 1321 1686 1408 1714; x_wconf 81' lang='lat' dir='ltr'><strong>esse,</strong></span> <span class='ocrx_word' id='word_1_333' title='bbox 1442 1679 1496 1705; x_wconf 83' lang='lat' dir='ltr'><strong>aut</strong></span> <span class='ocrx_word' id='word_1_334' title='bbox 1526 1679 1669 1717; x_wconf 80' lang='lat' dir='ltr'><strong>quartam</strong></span> <span class='ocrx_word' id='word_1_335' title='bbox 1699 1679 1821 1718; x_wconf 84' lang='lat' dir='ltr'><strong>partem</strong></span> <span class='ocrx_word' id='word_1_336' title='bbox 1847 1673 1942 1705; x_wconf 55' lang='lat' dir='ltr'><strong>tonia·</strong></span> <span class='ocrx_word' id='word_1_337' title='bbox 1960 1691 2008 1696; x_wconf 91' lang='lat'><strong>—</strong></span> <span class='ocrx_word' id='word_1_338' title='bbox 2033 1672 2133 1715; x_wconf 75' lang='lat' dir='ltr'><strong>Quod</strong></span> 
     </span>
     <span class='ocr_line' id='line_1_46' title="bbox 1179 1735 2133 1777; baseline -0.002 -10"><span class='ocrx_word' id='word_1_339' title='bbox 1179 1736 1230 1768; x_wconf 86' lang='lat' dir='ltr'><strong>hic</strong></span> <span class='ocrx_word' id='word_1_340' title='bbox 1265 1735 1399 1767; x_wconf 82' lang='lat' dir='ltr'><strong>Grotius</strong></span> <span class='ocrx_word' id='word_1_341' title='bbox 1433 1741 1541 1775; x_wconf 77' lang='lat' dir='ltr'><strong>notat,</strong></span> <span class='ocrx_word' id='word_1_342' title='bbox 1580 1735 1613 1766; x_wconf 91' lang='lat' dir='ltr'><strong>id</strong></span> <span class='ocrx_word' id='word_1_343' title='bbox 1646 1747 1685 1767; x_wconf 84' lang='lat' dir='ltr'><strong>ex</strong></span> <span class='ocrx_word' id='word_1_344' title='bbox 1711 1735 1849 1767; x_wconf 87' lang='lat' dir='ltr'><strong>musices</strong></span> <span class='ocrx_word' id='word_1_345' title='bbox 1876 1735 2054 1777; x_wconf 75' lang='lat' dir='ltr'><strong>ignorantia</strong></span> <span class='ocrx_word' id='word_1_346' title='bbox 2084 1741 2133 1766; x_wconf 88' lang='lat' dir='ltr'><strong>est</strong></span> 
     </span>
     <span class='ocr_line' id='line_1_47' title="bbox 1179 1796 2133 1842; baseline -0.002 -12"><span class='ocrx_word' id='word_1_347' title='bbox 1179 1805 1305 1838; x_wconf 78' lang='lat' dir='ltr'><strong>natum3</strong></span> <span class='ocrx_word' id='word_1_348' title='bbox 1334 1799 1379 1829; x_wconf 82' lang='lat' dir='ltr'><strong>nti</strong></span> <span class='ocrx_word' id='word_1_349' title='bbox 1398 1804 1429 1830; x_wconf 87' lang='lat' dir='ltr'><strong>et</strong></span> <span class='ocrx_word' id='word_1_350' title='bbox 1451 1799 1536 1842; x_wconf 78' lang='lat' dir='ltr'><strong>quod</strong></span> <span class='ocrx_word' id='word_1_351' title='bbox 1561 1798 1708 1842; x_wconf 86' lang='lat' dir='ltr'><strong>sequenti</strong></span> <span class='ocrx_word' id='word_1_352' title='bbox 1729 1804 1804 1830; x_wconf 81' lang='lat' dir='ltr'><strong>nota</strong></span> <span class='ocrx_word' id='word_1_353' title='bbox 1825 1798 1915 1830; x_wconf 87' lang='lat' dir='ltr'><strong>dicit:</strong></span> <span class='ocrx_word' id='word_1_354' title='bbox 1949 1796 2133 1829; x_wconf 76' lang='lat' dir='ltr'><strong>»hemioliee</strong></span> 
     </span>
     <span class='ocr_line' id='line_1_48' title="bbox 1178 1857 2133 1904; baseline -0.001 -14"><span class='ocrx_word' id='word_1_355' title='bbox 1178 1860 1343 1904; x_wconf 77' lang='lat' dir='ltr'><strong>proportio</strong></span> <span class='ocrx_word' id='word_1_356' title='bbox 1359 1859 1539 1903; x_wconf 78' lang='lat' dir='ltr'><strong>appellatur</strong></span> <span class='ocrx_word' id='word_1_357' title='bbox 1557 1859 1749 1900; x_wconf 81' lang='lat' dir='ltr'><strong>harmonica,</strong></span> <span class='ocrx_word' id='word_1_358' title='bbox 1768 1865 1804 1891; x_wconf 88' lang='lat' dir='ltr'><strong>ut</strong></span> <span class='ocrx_word' id='word_1_359' title='bbox 1822 1859 2025 1903; x_wconf 84' lang='lat' dir='ltr'><strong>sesquitertia</strong></span> <span class='ocrx_word' id='word_1_360' title='bbox 2038 1857 2133 1890; x_wconf 83' lang='lat' dir='ltr'><strong>arith·</strong></span> 
     </span>
     <span class='ocr_line' id='line_1_49' title="bbox 1178 1921 2133 1967; baseline -0.001 -13"><span class='ocrx_word' id='word_1_361' title='bbox 1178 1923 1308 1955; x_wconf 84' lang='lat' dir='ltr'><strong>metica«</strong></span> <span class='ocrx_word' id='word_1_362' title='bbox 1330 1923 1424 1967; x_wconf 85' lang='lat' dir='ltr'><strong>plane</strong></span> <span class='ocrx_word' id='word_1_363' title='bbox 1443 1929 1493 1955; x_wconf 88' lang='lat' dir='ltr'><strong>est</strong></span> <span class='ocrx_word' id='word_1_364' title='bbox 1513 1934 1691 1955; x_wconf 83' lang='lat' dir='ltr'><strong>erroneum.</strong></span> <span class='ocrx_word' id='word_1_365' title='bbox 1701 1924 1899 1956; x_wconf 59' lang='lat' dir='ltr'>anoxx.—</span> <span class='ocrx_word' id='word_1_366' title='bbox 1914 1923 2054 1965; x_wconf 72' lang='lat' dir='ltr'><strong>Vulgata</strong></span> <span class='ocrx_word' id='word_1_367' title='bbox 2073 1921 2133 1953; x_wconf 80' lang='lat' dir='ltr'><strong>uti-</strong></span> 
     </span>
     <span class='ocr_line' id='line_1_50' title="bbox 1178 1982 2130 2028; baseline -0.002 -13"><span class='ocrx_word' id='word_1_368' title='bbox 1178 1998 1241 2028; x_wconf 87' lang='lat' dir='ltr'><strong>que</strong></span> <span class='ocrx_word' id='word_1_369' title='bbox 1260 1996 1336 2016; x_wconf 84' lang='lat' dir='ltr'><strong>sana</strong></span> <span class='ocrx_word' id='word_1_370' title='bbox 1358 1990 1416 2017; x_wconf 86' lang='lat' dir='ltr'><strong>est.</strong></span> <span class='ocrx_word' id='word_1_371' title='bbox 1441 1984 1602 2016; x_wconf 84' lang='lat' dir='ltr'><strong>Aristides</strong></span> <span class='ocrx_word' id='word_1_372' title='bbox 1624 1985 1862 2028; x_wconf 77' lang='lat' dir='ltr'><strong>Quinctilianus</strong></span> <span class='ocrx_word' id='word_1_373' title='bbox 1880 1985 1924 2028; x_wconf 89' lang='lat' dir='ltr'><strong>(p.</strong></span> <span class='ocrx_word' id='word_1_374' title='bbox 1937 1985 1984 2016; x_wconf 74' lang='grc'><strong>45</strong></span> <span class='ocrx_word' id='word_1_375' title='bbox 2004 1982 2130 2025; x_wconf 80' lang='lat' dir='ltr'><strong>Mei1›.):</strong></span> 
     </span>
     <span class='ocr_line' id='line_1_51' title="bbox 1177 2041 2129 2092; baseline -0.001 -11"><span class='ocrx_word' id='word_1_376' title='bbox 1177 2042 1493 2092; x_wconf 72' lang='grc' dir='ltr'><em>τεταρτημόριον,</em></span> <span class='ocrx_word' id='word_1_377' title='bbox 1516 2046 1636 2090; x_wconf 84' lang='lat' dir='ltr'><strong>inquit,</strong></span> <span class='ocrx_word' id='word_1_378' title='bbox 1660 2043 1733 2082; x_wconf 79' lang='grc' dir='ltr'><em>τοῦ</em></span> <span class='ocrx_word' id='word_1_379' title='bbox 1749 2041 1867 2080; x_wconf 84' lang='grc' dir='ltr'><em>τόνου</em></span> <span class='ocrx_word' id='word_1_380' title='bbox 1891 2043 1915 2091; x_wconf 76' lang='grc' dir='ltr'>ἡ</span> <span class='ocrx_word' id='word_1_381' title='bbox 1940 2044 2059 2084; x_wconf 55' lang='lat' dir='ltr'><strong>‹ste-629</strong></span> <span class='ocrx_word' id='word_1_382' title='bbox 2075 2045 2129 2079; x_wconf 79' lang='grc' dir='ltr'><strong>ἑό-</strong></span> 
     </span>
     <span class='ocr_line' id='line_1_52' title="bbox 1177 2107 2130 2154; baseline -0.002 -14"><span class='ocrx_word' id='word_1_383' title='bbox 1177 2120 1254 2152; x_wconf 70' lang='grc' dir='ltr'><em>τιν,</em></span> <span class='ocrx_word' id='word_1_384' title='bbox 1283 2110 1401 2154; x_wconf 83' lang='lat' dir='ltr'><strong>pariter</strong></span> <span class='ocrx_word' id='word_1_385' title='bbox 1425 2115 1460 2141; x_wconf 91' lang='lat' dir='ltr'><strong>ut</strong></span> <span class='ocrx_word' id='word_1_386' title='bbox 1484 2115 1594 2141; x_wconf 82' lang='lat' dir='ltr'><strong>noster</strong></span> <span class='ocrx_word' id='word_1_387' title='bbox 1620 2109 1751 2142; x_wconf 79' lang='lat' dir='ltr'><strong>inferius</strong></span> <span class='ocrx_word' id='word_1_388' title='bbox 1774 2108 1817 2154; x_wconf 65' lang='grc' dir='ltr'><strong>(ἓ.</strong></span> <span class='ocrx_word' id='word_1_389' title='bbox 1833 2109 1931 2152; x_wconf 80' lang='grc'>955).</span> <span class='ocrx_word' id='word_1_390' title='bbox 1957 2108 2052 2140; x_wconf 78' lang='lat' dir='ltr'><strong>Adde</strong></span> <span class='ocrx_word' id='word_1_391' title='bbox 2072 2107 2130 2139; x_wconf 67' lang='lat' dir='ltr'><strong>Vi-</strong></span> 
     </span>
     <span class='ocr_line' id='line_1_53' title="bbox 1178 2172 2128 2217; baseline -0.002 -14"><span class='ocrx_word' id='word_1_392' title='bbox 1178 2172 1315 2204; x_wconf 88' lang='lat' dir='ltr'><strong>truvium</strong></span> <span class='ocrx_word' id='word_1_393' title='bbox 1337 2174 1390 2217; x_wconf 75' lang='lat'><strong>(5,</strong></span> <span class='ocrx_word' id='word_1_394' title='bbox 1414 2173 1456 2214; x_wconf 74' lang='lat'><strong>43</strong></span> <span class='ocrx_word' id='word_1_395' title='bbox 1481 2186 1513 2217; x_wconf 88' lang='lat' dir='ltr'><strong>p.</strong></span> <span class='ocrx_word' id='word_1_396' title='bbox 1529 2174 1600 2206; x_wconf 79' lang='lat'><strong>157</strong></span> <span class='ocrx_word' id='word_1_397' title='bbox 1618 2173 1724 2217; x_wconf 82' lang='lat' dir='ltr'>Bip.)‚</span> <span class='ocrx_word' id='word_1_398' title='bbox 1754 2173 1963 2204; x_wconf 83' lang='lat' dir='ltr'><strong>Plutarchum</strong></span> <span class='ocrx_word' id='word_1_399' title='bbox 1985 2172 2037 2215; x_wconf 84' lang='lat' dir='ltr'><strong>(de</strong></span> <span class='ocrx_word' id='word_1_400' title='bbox 2061 2182 2128 2201; x_wconf 86' lang='lat' dir='ltr'><strong>mu·</strong></span> 
     </span>
     <span class='ocr_line' id='line_1_54' title="bbox 1180 2233 2128 2280; baseline -0.002 -13"><span class='ocrx_word' id='word_1_401' title='bbox 1180 2235 1243 2268; x_wconf 84' lang='lat' dir='ltr'><strong>sica</strong></span> <span class='ocrx_word' id='word_1_402' title='bbox 1263 2249 1291 2280; x_wconf 84' lang='lat' dir='ltr'><strong>p.</strong></span> <span class='ocrx_word' id='word_1_403' title='bbox 1304 2237 1428 2279; x_wconf 83' lang='lat'>1140),</span> <span class='ocrx_word' id='word_1_404' title='bbox 1451 2235 1588 2268; x_wconf 80' lang='lat' dir='ltr'><strong>Sextum</strong></span> <span class='ocrx_word' id='word_1_405' title='bbox 1598 2236 1793 2280; x_wconf 80' lang='lat' dir='ltr'><strong>Empiricum</strong></span> <span class='ocrx_word' id='word_1_406' title='bbox 1809 2235 1890 2280; x_wconf 84' lang='lat' dir='ltr'><strong>(adv.</strong></span> <span class='ocrx_word' id='word_1_407' title='bbox 1906 2246 1985 2266; x_wconf 86' lang='lat' dir='ltr'><strong>mus.</strong></span> <span class='ocrx_word' id='word_1_408' title='bbox 2002 2235 2036 2274; x_wconf 79' lang='lat' dir='ltr'><strong>G,</strong></span> <span class='ocrx_word' id='word_1_409' title='bbox 2054 2233 2128 2275; x_wconf 73' lang='lat'>47),</span> 
     </span>
     <span class='ocr_line' id='line_1_55' title="bbox 1179 2296 2128 2344; baseline -0.003 -14"><span class='ocrx_word' id='word_1_410' title='bbox 1179 2298 1347 2331; x_wconf 82' lang='lat' dir='ltr'><strong>Euclidem</strong></span> <span class='ocrx_word' id='word_1_411' title='bbox 1374 2299 1432 2343; x_wconf 87' lang='lat' dir='ltr'><strong>(dc</strong></span> <span class='ocrx_word' id='word_1_412' title='bbox 1455 2300 1552 2331; x_wconf 77' lang='lat' dir='ltr'><strong>harm-</strong></span> <span class='ocrx_word' id='word_1_413' title='bbox 1576 2313 1606 2344; x_wconf 88' lang='lat' dir='ltr'><strong>p.</strong></span> <span class='ocrx_word' id='word_1_414' title='bbox 1628 2299 1709 2342; x_wconf 89' lang='lat'>10),</span> <span class='ocrx_word' id='word_1_415' title='bbox 1736 2304 1767 2329; x_wconf 87' lang='lat' dir='ltr'><strong>et</strong></span> <span class='ocrx_word' id='word_1_416' title='bbox 1790 2309 1870 2341; x_wconf 86' lang='lat' dir='ltr'><strong>qnos</strong></span> <span class='ocrx_word' id='word_1_417' title='bbox 1895 2297 2005 2329; x_wconf 79' lang='lat' dir='ltr'><strong>laudat</strong></span> <span class='ocrx_word' id='word_1_418' title='bbox 2028 2296 2128 2328; x_wconf 85' lang='lat' dir='ltr'><strong>Creu-</strong></span> 
     </span>
     <span class='ocr_line' id='line_1_56' title="bbox 1180 2357 2129 2404; baseline -0.002 -12"><span class='ocrx_word' id='word_1_419' title='bbox 1180 2372 1273 2392; x_wconf 89' lang='lat' dir='ltr'><strong>zerus</strong></span> <span class='ocrx_word' id='word_1_420' title='bbox 1296 2361 1341 2404; x_wconf 90' lang='lat' dir='ltr'><strong>(in</strong></span> <span class='ocrx_word' id='word_1_421' title='bbox 1366 2360 1522 2393; x_wconf 86' lang='lat' dir='ltr'><strong>meletem.</strong></span> <span class='ocrx_word' id='word_1_422' title='bbox 1548 2361 1586 2392; x_wconf 88' lang='lat' dir='ltr'><strong>T.</strong></span> <span class='ocrx_word' id='word_1_423' title='bbox 1606 2360 1672 2401; x_wconf 87' lang='grc' dir='ltr'><strong>ΠΙ,</strong></span> <span class='ocrx_word' id='word_1_424' title='bbox 1697 2372 1727 2404; x_wconf 90' lang='lat' dir='ltr'><strong>p.</strong></span> <span class='ocrx_word' id='word_1_425' title='bbox 1747 2359 1815 2401; x_wconf 79' lang='lat'>19).</span> <span class='ocrx_word' id='word_1_426' title='bbox 1841 2357 1925 2389; x_wconf 84' lang='lat' dir='ltr'><strong>Aliis</strong></span> <span class='ocrx_word' id='word_1_427' title='bbox 1951 2363 2055 2389; x_wconf 87' lang='lat' dir='ltr'><strong>tamen</strong></span> <span class='ocrx_word' id='word_1_428' title='bbox 2077 2369 2129 2400; x_wconf 81' lang='lat' dir='ltr'><strong>ge-</strong></span> 
     </span>
    </p>
   </div>
   <div class='ocr_carea' id='block_1_12' title="bbox 1180 2420 2129 2469">
    <p class='ocr_par' dir='ltr' id='par_1_14' title="bbox 1180 2420 2129 2469">
     <span class='ocr_line' id='line_1_57' title="bbox 1180 2420 2129 2469; baseline -0.001 -14"><span class='ocrx_word' id='word_1_429' title='bbox 1180 2423 1320 2455; x_wconf 82' lang='lat' dir='ltr'><strong>neralius</strong></span> <span class='ocrx_word' id='word_1_430' title='bbox 1344 2429 1394 2455; x_wconf 82' lang='lat' dir='ltr'><strong>est</strong></span> <span class='ocrx_word' id='word_1_431' title='bbox 1415 2420 1460 2457; x_wconf 86' lang='grc' dir='ltr'><strong>τό</strong></span> <span class='ocrx_word' id='word_1_432' title='bbox 1481 2420 1691 2469; x_wconf 73' lang='grc' dir='ltr'><em>ἐλάχιστον</em></span> <span class='ocrx_word' id='word_1_433' title='bbox 1714 2420 1856 2467; x_wconf 77' lang='grc' dir='ltr'><em>μέτρον</em></span> <span class='ocrx_word' id='word_1_434' title='bbox 1870 2420 1950 2454; x_wconf 79' lang='grc' dir='ltr'><em>τῶν</em></span> <span class='ocrx_word' id='word_1_435' title='bbox 1974 2421 2129 2467; x_wconf 80' lang='grc' dir='ltr'><em>ἐναρμο-</em></span> 
     </span>
    </p>
   </div>
   <div class='ocr_carea' id='block_1_13' title="bbox 183 2480 2132 2654">
    <p class='ocr_par' dir='ltr' id='par_1_15' title="bbox 183 2480 2132 2654">
     <span class='ocr_line' id='line_1_58' title="bbox 183 2480 2132 2533; baseline 0.001 -20"><span class='ocrx_word' id='word_1_436' title='bbox 183 2480 350 2529; x_wconf 65' lang='grc' dir='ltr'><em>ῥυθμὸν,</em></span> <span class='ocrx_word' id='word_1_437' title='bbox 372 2495 470 2526; x_wconf 90' lang='lat' dir='ltr'><strong>quum</strong></span> <span class='ocrx_word' id='word_1_438' title='bbox 485 2483 581 2527; x_wconf 85' lang='lat' dir='ltr'><strong>paulo</strong></span> <span class='ocrx_word' id='word_1_439' title='bbox 600 2490 692 2516; x_wconf 78' lang='lat' dir='ltr'><strong>antea</strong></span> <span class='ocrx_word' id='word_1_440' title='bbox 712 2485 755 2529; x_wconf 78' lang='lat' dir='ltr'><strong>(p.</strong></span> <span class='ocrx_word' id='word_1_441' title='bbox 767 2485 854 2529; x_wconf 63' lang='lat'>(³55)</span> <span class='ocrx_word' id='word_1_442' title='bbox 870 2483 959 2532; x_wconf 77' lang='grc' dir='ltr'><strong>περὶ</strong></span> <span class='ocrx_word' id='word_1_443' title='bbox 977 2481 1134 2533; x_wconf 74' lang='grc' dir='ltr'><em>ῥυθμὸν</em></span> <span class='ocrx_word' id='word_1_444' title='bbox 1183 2483 1280 2519; x_wconf 77' lang='grc' dir='ltr'><em>νὶων</em></span> <span class='ocrx_word' id='word_1_445' title='bbox 1295 2481 1575 2530; x_wconf 67' lang='grc' dir='ltr'><em>ὃιαότημιέτων,</em></span> <span class='ocrx_word' id='word_1_446' title='bbox 1600 2490 1636 2515; x_wconf 91' lang='lat' dir='ltr'><strong>ut</strong></span> <span class='ocrx_word' id='word_1_447' title='bbox 1654 2483 1772 2516; x_wconf 72' lang='lat' dir='ltr'><strong>Suidae</strong></span> <span class='ocrx_word' id='word_1_448' title='bbox 1789 2482 1892 2514; x_wconf 56' lang='lat' dir='ltr'><strong>serbis</strong></span> <span class='ocrx_word' id='word_1_449' title='bbox 1913 2487 1999 2523; x_wconf 74' lang='lat' dir='ltr'><strong>utar3</strong></span> <span class='ocrx_word' id='word_1_450' title='bbox 2022 2482 2132 2514; x_wconf 77' lang='lat' dir='ltr'><strong>confer</strong></span> 
     </span>
     <span class='ocr_line' id='line_1_59' title="bbox 184 2540 2130 2592; baseline 0.001 -15"><span class='ocrx_word' id='word_1_451' title='bbox 184 2542 248 2578; x_wconf 71' lang='grc' dir='ltr'><strong>καὶ</strong></span> <span class='ocrx_word' id='word_1_452' title='bbox 283 2540 473 2589; x_wconf 68' lang='grc' dir='ltr'><em>ἁρμονίαν</em></span> <span class='ocrx_word' id='word_1_453' title='bbox 509 2541 629 2590; x_wconf 71' lang='grc' dir='ltr'><em>οὔσης</em></span> <span class='ocrx_word' id='word_1_454' title='bbox 663 2544 735 2590; x_wconf 81' lang='grc' dir='ltr'><strong>τῆς</strong></span> <span class='ocrx_word' id='word_1_455' title='bbox 772 2546 960 2592; x_wconf 74' lang='grc' dir='ltr'><em>μουσικῆς</em></span> <span class='ocrx_word' id='word_1_456' title='bbox 991 2547 1134 2580; x_wconf 75' lang='lat' dir='ltr'><strong>dixisset.</strong></span> <span class='ocrx_word' id='word_1_457' title='bbox 1183 2547 1394 2580; x_wconf 83' lang='lat' dir='ltr'><strong>Aristotelem</strong></span> <span class='ocrx_word' id='word_1_458' title='bbox 1417 2548 1572 2592; x_wconf 84' lang='lat' dir='ltr'><strong>(metaph.</strong></span> <span class='ocrx_word' id='word_1_459' title='bbox 1592 2549 1654 2587; x_wconf 82' lang='lat'><strong>15,</strong></span> <span class='ocrx_word' id='word_1_460' title='bbox 1684 2559 1713 2590; x_wconf 91' lang='lat' dir='ltr'><strong>p.</strong></span> <span class='ocrx_word' id='word_1_461' title='bbox 1731 2546 1801 2577; x_wconf 74' lang='lat'><strong>291</strong></span> <span class='ocrx_word' id='word_1_462' title='bbox 1825 2545 1979 2589; x_wconf 61' lang='lat' dir='ltr'><strong>Brund),</strong></span> <span class='ocrx_word' id='word_1_463' title='bbox 2010 2546 2130 2590; x_wconf 72' lang='lat' dir='ltr'><strong>Diony-</strong></span> 
     </span>
     <span class='ocr_line' id='line_1_60' title="bbox 184 2607 2130 2654; baseline 0.002 -15"><span class='ocrx_word' id='word_1_464' title='bbox 184 2608 336 2639; x_wconf 86' lang='lat' dir='ltr'><strong>Ccterum</strong></span> <span class='ocrx_word' id='word_1_465' title='bbox 355 2607 519 2652; x_wconf 85' lang='lat' dir='ltr'><strong>utriusque</strong></span> <span class='ocrx_word' id='word_1_466' title='bbox 538 2608 638 2652; x_wconf 73' lang='lat' dir='ltr'><strong>partis</strong></span> <span class='ocrx_word' id='word_1_467' title='bbox 660 2608 721 2640; x_wconf 67' lang='lat' dir='ltr'><strong>vim</strong></span> <span class='ocrx_word' id='word_1_468' title='bbox 744 2609 869 2652; x_wconf 81' lang='lat' dir='ltr'><strong>egregie</strong></span> <span class='ocrx_word' id='word_1_469' title='bbox 888 2610 1027 2643; x_wconf 83' lang='lat' dir='ltr'><strong>declarat</strong></span> <span class='ocrx_word' id='word_1_470' title='bbox 1051 2610 1134 2643; x_wconf 88' lang='lat' dir='ltr'><strong>idem</strong></span> <span class='ocrx_word' id='word_1_471' title='bbox 1185 2611 1267 2643; x_wconf 86' lang='lat' dir='ltr'><strong>sium</strong></span> <span class='ocrx_word' id='word_1_472' title='bbox 1298 2611 1616 2644; x_wconf 78' lang='lat' dir='ltr'><strong>Ilalicarnassensem</strong></span> <span class='ocrx_word' id='word_1_473' title='bbox 1646 2610 1706 2652; x_wconf 88' lang='lat' dir='ltr'><strong>(dc</strong></span> <span class='ocrx_word' id='word_1_474' title='bbox 1736 2620 1876 2654; x_wconf 78' lang='lat' dir='ltr'><strong>compos.</strong></span> <span class='ocrx_word' id='word_1_475' title='bbox 1908 2609 1945 2640; x_wconf 88' lang='lat' dir='ltr'><strong>T.</strong></span> <span class='ocrx_word' id='word_1_476' title='bbox 1968 2609 2010 2651; x_wconf 85' lang='lat' dir='ltr'><strong>V,</strong></span> <span class='ocrx_word' id='word_1_477' title='bbox 2037 2622 2067 2654; x_wconf 87' lang='lat' dir='ltr'><strong>p.</strong></span> <span class='ocrx_word' id='word_1_478' title='bbox 2085 2611 2130 2643; x_wconf 70' lang='lat' dir='ltr'><strong>7ss</strong></span> 
     </span>
    </p>
   </div>
   <div class='ocr_carea' id='block_1_14' title="bbox 1643 2668 1732 2703">
    <p class='ocr_par' dir='ltr' id='par_1_16' title="bbox 1643 2668 1732 2703">
     <span class='ocr_line' id='line_1_61' title="bbox 1643 2668 1732 2703; baseline 0.011 -1"><span class='ocrx_word' id='word_1_479' title='bbox 1643 2671 1689 2703; x_wconf 78' lang='lat'><strong>91</strong></span> <span class='ocrx_word' id='word_1_480' title='bbox 1709 2668 1732 2695; x_wconf 47' lang='grc' dir='ltr'><strong>’ἒς</strong></span> 
     </span>
    </p>
   </div>
  </div>
 </body>
</html>
