2310 2860
2050 150 2097 182 XI

145 247 260 289 aliud
297 247 538 304 periculum
581 248 654 299 sit,
702 246 819 302 quod
858 246 998 302 ipsum
1037 246 1233 302 Koppius
1273 260 1359 287 non
1394 247 1488 288 satis
1528 249 1703 289 evitasse
1742 249 1930 301 videtur,
1976 261 2023 291 ut
2061 254 2094 292 si

144 341 254 383 quos
291 329 369 384 ipsi
410 328 573 370 codices
613 329 938 378 contulerimus,
982 327 1046 368 his
1089 327 1211 382 quasi
1254 336 1429 382 paterno
1469 328 1656 381 quodam
1689 344 1838 370 amore
1874 330 2095 371 faveamus

144 421 385 462 eorumque
424 409 714 450 auctoritatem
760 407 954 463 cupidius
995 422 1120 462 saepe
1162 421 1295 461 quam
1334 407 1463 447 tutius
1502 422 1750 462 sequamur.
1813 410 2094 465 Quamquam

143 501 197 527 ne
227 487 384 529 horum
416 489 615 542 quidem,
661 502 767 542 quos
801 502 878 528 sua
916 488 1004 542 ipse
1042 503 1174 529 manu
1209 497 1441 538 tractasset,
1486 489 1682 530 lectiones
1714 506 1860 531 onmes
1893 494 2096 544 enotavit,

144 567 215 609 sed
248 583 316 609 eas
354 578 542 621 tantum,
595 583 702 624 quas
747 568 814 610 vel
859 568 901 608 in
946 582 1072 609 usum
1119 584 1247 610 suum
1297 569 1440 623 aliquo
1487 569 1615 610 modo
1660 581 1907 611 convertere
1949 572 2096 623 vellet,

147 649 213 689 vel
255 664 442 704 quarum
483 649 792 690 enotandarum
838 648 1027 703 aliquam
1072 662 1244 689 causam
1286 650 1482 703 haberet5
1529 666 1606 691 nec
1638 653 1836 706 quamvis
1868 652 2097 695 identidem

145 729 399 770 admonente
438 744 507 769 me
549 729 657 783 adigi
695 737 877 784 poterat,
923 738 970 769 ut
1010 729 1179 783 plenam
1216 738 1255 769 et
1284 731 1489 785 integram
1521 731 1707 771 lectionis
1740 732 1986 773 varietatem
2019 747 2096 774 ex·-

144 810 326 861 hiberet,
374 824 506 864 quam
544 811 650 852 inter
681 811 825 851 inanes
859 810 1174 865 philologorum
1207 811 1347 865 paleas
1379 812 1610 863 rel'erebat3
1659 812 1765 867 quid
1795 813 1910 866 quod
1947 827 2098 854 earum

142 904 337 944 quoque,
371 905 481 944 quae
511 891 553 930 in
584 891 813 931 Grotianac
841 890 1030 931 editionis
1062 892 1251 945 margine
1283 902 1524 933 memoratu
1558 893 1674 933 haud
1705 908 1802 934 raro
1829 893 2098 948 dignissimae

143 969 354 1023 leguntur,
386 970 480 1024 plus
508 984 639 1024 quam
665 970 886 1010 dimidiam
908 980 1076 1024 *partem
1107 986 1279 1025 prorsus
1304 973 1515 1022 omiserat,
1548 987 1654 1027 quas
1677 973 1708 1012 si
1732 973 1773 1012 in
1798 973 2098 1027 posterioribus

141 1050 258 1091 libris
295 1050 421 1105 paulo
452 1051 688 1104 diligentius
720 1050 949 1105 exscriptas
979 1051 1188 1102 invenies,
1227 1067 1302 1106 ego
1334 1052 1415 1092 hoc
1449 1051 1553 1092 mihi
1584 1052 1737 1102 sumsi,
1775 1067 1828 1092 ne
1860 1052 1965 1106 quid
2002 1066 2100 1093 mea

145 1131 269 1186 culpa
305 1131 347 1171 in
379 1131 620 1171 amicissimi
653 1132 733 1173 viri
763 1132 872 1172 libro
904 1131 1135 1172 desiderari
1167 1141 1313 1186 posset.
1375 1132 1541 1173 Verum
1575 1133 1748 1172 omnino
1781 1134 1889 1187 typis
1926 1147 2099 1187 expres-

142 1226 288 1252 sorum
313 1212 521 1252 librorum
553 1227 636 1251 non
663 1212 835 1266 qualem
864 1211 1045 1253 debebat
1076 1213 1284 1253 rationem
1316 1211 1488 1264 habuit3
1529 1226 1718 1266 quorum
1752 1212 1827 1266 qui
1850 1212 2099 1252 Grotianam

144 1293 368 1333 editionem
402 1293 675 1343 antecedunt,
708 1307 793 1333 uno
825 1302 990 1333 tantum
1022 1295 1285 1335 anteriorum
1318 1294 1529 1335 vocabulo
1562 1293 1905 1349 comprehendit,
1951 1303 1998 1333 ut
2024 1308 2099 1334 nec

146 1386 253 1427 quos
294 1372 561 1426 potissimum
602 1373 831 1426 inspexerit
861 1384 1085 1428 appareat,
1133 1384 1171 1414 et
1201 1375 1304 1416 falsa
1335 1376 1494 1430 species
1530 1376 1710 1426 oriatur,
1758 1375 1881 1429 quasi
1912 1388 1996 1415 una
2029 1389 2100 1414 ea-

143 1452 331 1506 demque
367 1452 540 1492 illorum
580 1453 773 1492 omnium
814 1453 933 1493 lectio
973 1455 1044 1504 sit,
1092 1469 1224 1508 quam
1257 1457 1429 1495 Grotius
1467 1456 1644 1496 demum
1678 1469 1941 1509 quoeunque
1971 1454 2099 1495 modo

143 1532 457 1583 iinmutaverit3
489 1530 607 1585 quod
636 1531 759 1584 longe
783 1545 903 1570 secus
929 1545 1017 1570 esse
1049 1531 1115 1571 vel
1148 1546 1199 1571 ex
1230 1533 1418 1574 duarum
1448 1534 1759 1588 praefationum
1787 1535 2100 1589 comparatione

146 1613 384 1670 apparebit,
437 1626 626 1668 quarum
675 1612 806 1652 altera
851 1610 1032 1666 principi
1081 1610 1210 1652 altera
1248 1613 1541 1653 Vulcanianae
1587 1612 1756 1652 editioni
1797 1612 1986 1667 praelixa
2029 1623 2098 1653 est.

144 1694 327 1749 Principi
359 1693 492 1744 enim,
541 1707 652 1748 quae
691 1693 896 1748 impressa
926 1701 986 1732 est
1015 1692 1234 1734 Vicentiae
1256 1704 1305 1734 ·a.
1340 1693 1456 1734 1499
1485 1707 1562 1748 per
1592 1693 1827 1733 Henrieum
1862 1692 1916 1733 de
1949 1694 2098 1734 Sancto

144 1773 278 1824 Urso,
317 1772 600 1828 praemittitur
631 1773 803 1827 epistola
833 1773 1048 1815 Francisci
1073 1772 1223 1814 Vitalis
1255 1772 1427 1813 Bodiani
1456 1771 1508 1812 ad
1540 1771 1828 1812 reverendum
1861 1772 1904 1812 in
1931 1771 2099 1813 Christo

145 1864 311 1910 patrem
348 1863 388 1894 et
426 1854 648 1894 dominnm
690 1855 743 1894 D.
775 1854 984 1895 ,loannem
1029 1852 1341 1907 Chaeregatum
1383 1851 1526 1892 divina
1556 1852 1821 1907 providentia
1853 1853 2099 1908 episcopum

146 1932 474 1984 Catharensein,
521 1934 596 1973 ubi
639 1933 746 1975 inter
791 1935 872 1975 alia
916 1934 1022 1975 haec
1065 1932 1286 1987 leguntur:
1324 1932 1523 1982 ,3Veru1n
1571 1933 1679 1972 inter
1718 1932 1990 1987 cogitandum
2030 1947 2100 1973 me

145 2029 259 2066 „non
297 2015 485 2070 vulgaris
523 2015 655 2056 tenuit
691 2015 931 2056 admiratio:
964 2027 1103 2070 quum
1134 2013 1194 2053 rei
1225 2012 1522 2066 impressoriae
1554 2011 1802 2053 dexteritate
1833 2027 1980 2053 omnes
2011 2013 2099 2054 fere

146 2094 275 2146 „boni
316 2094 478 2135 codices
515 2095 558 2135 in
595 2094 736 2135 lucem
775 2094 1028 2150 prodie’rint,
1083 2107 1159 2134 cur
1204 2091 1368 2133 tamdiu
1407 2091 1620 2132 delituerit
1666 2092 1925 2145 Martianus,
1967 2107 2097 2148 quenl

146 2176 484 2230 „impressorum
521 2175 598 2230 qui
632 2175 858 2229 cupiditate
897 2174 1008 2215 lucri
1044 2174 1224 2214 latebras
1265 2188 1414 2215 omnes
1455 2172 1694 2228 indagando
1723 2173 1858 2215 solent
1888 2189 1978 2215 esse
2004 2173 2098 2216 dili-

147 2257 425 2311 „gentissimi,
472 2266 520 2297 ut
557 2256 779 2312 quippiam
822 2256 945 2308 novi,
995 2268 1083 2310 quo
1126 2268 1384 2309 magnopere
1426 2253 1612 2305 detinent
1647 2253 1868 2305 mortales,
1909 2267 2098 2309 aucupa—

150 2346 347 2387 ,‚rentur,
388 2352 515 2377 nemo
549 2336 600 2377 ad
633 2336 750 2377 hunc
780 2350 921 2391 usque
950 2335 1064 2377 diem
1099 2335 1363 2376 attentaverit
1392 2334 1664 2389 i1nprimere3
1706 2342 1745 2375 at
1773 2343 1944 2390 sumpto
1967 2334 2098 2376 Minei

152 2415 377 2472 „Capellae
407 2417 550 2458 codice
583 2417 626 2457 in
664 2417 863 2458 manibus
905 2417 1016 2458 illico
1062 2416 1197 2458 destiti
1237 2415 1463 2468 admirari3
1509 2414 1860 2471 quandoquidem
1902 2430 2001 2456 eum
2039 2415 2098 2456 sic

152 2496 435 2546 „mendosum
479 2497 691 2554 comperi,
738 2507 786 2540 ut
823 2513 903 2541 nec
939 2512 1163 2555 agnoscere
1208 2507 1424 2539 auctorem
1465 2511 1593 2538 suum
1636 2506 1773 2553 posset
1811 2511 1888 2536 nec
1918 2499 2094 2552 agnosci.

1631 2578 1664 2610 Π
1686 2578 1705 2600 ἡ
