2310 2860
2028 141 2114 181 729

736 137 936 179 Martiani
967 137 1166 194 Capellae
1197 138 1270 178 lib.
1290 138 1369 179 IX.
1400 139 1432 189 ᾗ.
1452 138 1554 180 955.

158 246 262 286 duas
301 255 341 286 et
378 244 623 297 dimidiam3
682 259 780 285 nam
822 259 995 294 sonum,
1044 243 1086 284 id
1132 253 1191 283 est
1237 252 1408 295 tonum,
1457 244 1778 299 productionem
1827 246 2002 298 vocavi,
2053 257 2112 287 est

158 337 298 367 autem
339 328 670 369 hemitoniorum
710 329 926 383 quinque,
973 341 1083 382 quae
1125 323 1175 365 ad
1216 323 1512 378 productiones
1548 325 1692 380 plenas
1733 335 1771 365 et
1809 326 1987 381 integras
2019 341 2110 366 me-

157 407 348 448 diatenus
381 409 543 460 valent,
587 413 745 448 διέσεων
779 408 950 457 decem,
981 408 1104 448 diesis
1136 421 1239 447 vero
1271 407 1557 462 interpretatio
1589 417 1672 458 est,
1710 409 1816 448 sicut
1846 423 1975 463 supra
2006 408 2110 459 dixi,

159 498 311 542 quarta
343 504 440 544 pars
471 489 569 529 toni.
628 489 711 530 Sed
741 488 846 530 haec
876 490 1132 544 symphonia
1164 498 1222 529 est
1252 488 1294 528 in
1330 488 1482 543 epitriti
1521 489 1702 541 ratione;
1747 489 1936 544 epitritus
1969 499 2107 530 autem

156 566 336 619 dicitur,
383 569 458 623 qui
501 578 540 610 et
577 583 808 610 numerum
849 571 1082 611 ternarium
1117 569 1245 610 habet
1275 578 1313 610 ct
1343 569 1470 609 trium
1504 569 1695 618 tertiam,
1741 568 1856 622 quod
1893 580 1951 611 est
1982 585 2108 622 unus,

157 656 204 687 ut
234 657 331 688 sunt
359 658 546 703 quatuor
584 649 637 690 ad
669 659 764 691 tres.
822 651 915 692 Alia
951 651 1206 707 symphonia
1239 649 1435 705 quinaria
1474 658 1554 700 est,
1602 658 1640 690 et
1678 649 1830 691 dicitur
1873 653 1936 692 διὰ
1971 656 2105 701 πέντε,
2138 653 2228 696 954

2003 734 2107 774 Pro-

155 807 371 849 ductiones
410 809 538 850 habet
581 819 662 850 tres
711 810 987 867 mediamque
1032 813 1254 868 praecidit,
1310 812 1390 854 hoc
1436 821 1495 851 est
1533 821 1652 852 tonos
1696 821 1775 852 tres
1816 827 1863 852 ac
1903 814 2110 864 medium,

157 737 284 783 atque
324 739 482 770 constat
519 730 628 770 sonis
670 731 886 786 quinque,
932 733 1006 787 qui
1048 733 1155 773 inter
1192 747 1235 772 se
1280 739 1466 785 quatuor
1508 730 1648 785 spatiis
1680 730 1942 773 dividuntur.

157 888 386 929 hemitonia
430 899 613 944 septem,
659 891 873 946 diesisque
905 895 1257 946 quatuordecim,
1299 904 1427 948 atque
1458 894 1645 934 hemiolii
1678 894 1860 949 possidet
1890 896 2109 944 rationem,

155 984 268 1024 quae
306 970 445 1011 forma
484 979 525 1010 et
564 970 749 1011 eundem
796 987 1026 1014 numerum
1072 975 1182 1017 cirea
1226 975 1373 1016 collata
1411 975 1565 1015 detinet
1614 984 1652 1015 et
1683 976 1772 1029 ejus
1805 975 2018 1026 medium,
2065 985 2111 1015 ut

153 1060 251 1092 sunt
292 1060 374 1092 tres
418 1051 471 1092 ad
506 1052 626 1092 duos.
701 1054 846 1095 Tertia
885 1058 947 1094 διὰ
973 1061 1128 1104 πασῶν,
1181 1071 1292 1111 quae
1325 1071 1374 1094 ex
1409 1055 1607 1094 omnibus
1639 1054 1812 1106 dicitur,
1860 1065 1951 1096 octo
1986 1071 2107 1096 sonos

152 1130 317 1185 recipit,
362 1131 494 1186 spatia
524 1141 707 1187 septem,
752 1133 1050 1188 productiones
1088 1151 1186 1185 sex,
1239 1136 1469 1175 hemitonia
1500 1134 1749 1185 duodecim,
1800 1134 1923 1175 diesis
1965 1136 2109 1190 viginti

155 1220 363 1264 quatuor,
392 1221 521 1266 atque
553 1222 711 1254 constat
740 1228 797 1254 ex
831 1215 991 1256 ratione
1021 1216 1219 1272 diplasia,
1255 1215 1335 1256 hoc
1367 1225 1430 1256 est
1458 1215 1630 1270 duplici.

928 1376 1033 1427 (DE
1071 1375 1319 1428 TROPIs)

320 1478 459 1535 Tropi
495 1477 612 1520 ‘vero
656 1488 755 1521 sunt
797 1480 1064 1535 quindecim,
1119 1481 1192 1523 sed
1242 1482 1495 1538 principales
1542 1483 1756 1537 quinque,
1814 1482 1973 1538 quibus
2018 1481 2105 1523 bini
2138 1491 2226 1532 953

226 1638 308 1674 qnae
319 1626 415 1659 ad—
425 1626 546 1673 valent]
573 1626 664 1660 Haec
677 1628 810 1660 barbara
827 1634 902 1660 sunt
917 1633 950 1660 et
964 1627 1106 1672 superio-

151 1702 221 1722 rum
241 1690 422 1723 seculorum
442 1690 597 1723 inficetias
621 1692 783 1724 redolent:
798 1692 936 1737 ideoque
954 1691 1036 1724 male
1060 1691 1106 1722 in-

150 1752 248 1785 seretn
274 1752 410 1785 delenda
430 1764 556 1785 censeo.
565 1754 707 1786 Mnemon.

224 1815 386 1861 epitritus]
412 1817 498 1850 'Vide
531 1817 678 1860 superius
705 1815 754 1861 (ξ.
780 1817 863 1849 107.
887 1816 980 1859 761)
1004 1822 1037 1848 et
1060 1816 1106 1847 in-

152 1876 251 1909 ferius
273 1876 412 1922 (§.951.
436 1879 521 1909 937.
543 1878 642 1920 978).
670 1877 797 1910 Gellius
819 1878 898 1921 (18,
922 1878 998 1920 14)=
1025 1879 1105 1920 ›sepi-

151 1939 245 1971 lrt'tos
275 1943 326 1970 est
359 1938 414 1982 qui
443 1938 539 1970 habet
572 1945 675 1969 totum
706 1938 846 1982 aliquem
877 1950 1043 1969 numerum
1074 1943 1106 1969 et

151 2001 296 2043 ejusdem
317 2006 439 2046 partem
464 2001 607 2043 tertiam,
637 2007 673 2033 ut
698 2007 835 2046 quatuor
860 2002 899 2033 ad
920 2008 1000 2042 tres,
1027 2002 1105 2032 duo·

151 2066 254 2099 (lecim
278 2066 318 2097 ad
340 2077 471 2106 novem,
498 2065 708 2109 quadraginta
732 2066 771 2097 ad
793 2065 950 2107 trignum«
983 2064 1105 2097 Confer

153 2125 281 2161 omnino
305 2128 514 2161 Aristotelem
538 2129 657 2173 (probl.
679 2130 741 2169 19,
766 2129 850 2172 25),
876 2128 1104 2161 Nicomachum

151 2191 204 2234 (2,
234 2203 265 2234 p.
282 2192 331 2223 50
348 2190 477 2234 Mem),
499 2189 677 2222 Aristidem
695 2191 747 2235 (l,
772 2203 801 2234 p.
820 2191 885 2229 493
911 2192 946 2230 5,
965 2190 1102 2234 p.115)‚

152 2253 366 2285 Censorinum
388 2254 473 2297 (10,
505 2253 566 2296 8),
599 2253 736 2285 Sextum
763 2253 958 2297 Empirieum
982 2255 1104 2298 (hypot.

152 2316 266 2358 Pyrrh.
290 2316 333 2355 5,
366 2317 428 2355 18,
468 2317 554 2357 1553
589 2330 621 2360 p.
643 2318 713 2349 165
743 2316 872 2359 Faba),
903 2317 1102 2349 Macrobium

153 2379 198 2421 (in
222 2390 322 2409 somn.
350 2377 439 2421 Scip.
461 2379 503 2418 2,
533 2380 571 2420 13
598 2393 628 2423 p.
650 2381 720 2412 127
740 2380 870 2423 Zeun.),
897 2380 1103 2422 Fulgentium

154 2439 298 2482 (mythol.
317 2440 357 2478 5,
387 2439 427 2478 9³,
454 2451 487 2482 p.
506 2440 577 2471 128
595 2440 736 2484 Munck.)
755 2448 813 2474 etc.

228 2500 312 2548 qnod
332 2506 380 2532 est
407 2499 506 2545 amus]
533 2500 623 2533 Ilaec
650 2502 798 2535 delerem.
831 2502 1010 2536 Sei-ibernia
1027 2504 1100 2536 fuis-

155 2567 241 2593 sent:
267 2573 366 2605 »quae
396 2561 500 2603 (tertia
526 2562 612 2604 pars)
641 2568 690 2593 est
716 2564 834 2604 unitas,
867 2566 916 2596 vel
944 2578 1043 2597 unus«
1068 2571 1103 2596 ut

1158 1626 1319 1659 Aristides
1343 1639 1472 1671 quoque
1503 1628 1553 1671 (p.
1574 1629 1622 1660 53
1649 1640 1676 1660 v.
1692 1627 1969 1671 4).Mizm0³1..—
2006 1629 2108 1662 Multa

1157 1691 1301 1735 profecto
1323 1691 1458 1722 delenda
1482 1696 1606 1731 essent,
1633 1691 1661 1722 si
1681 1692 1755 1723 talia
1776 1691 1991 1736 displicerent.

1231 1753 1403 1801 diesisque]
1432 1755 1583 1798 sterque
1597 1754 1648 1787 hic
1668 1756 1836 1802 diesisque.
1868 1753 1978 1798 Atque
1998 1754 2032 1786 in
2047 1755 2109 1786 hoc

1156 1816 1313 1847 vocabulo
1345 1816 1411 1847 fere
1441 1827 1568 1859 semper
1599 1821 1730 1860 quartus
1759 1828 1853 1849 casus
1877 1816 2052 1860 plurativus
2079 1818 2108 1849 is

1156 1878 1233 1909 finit.
1244 1879 1385 1909 Bfftmou.

1229 1939 1366 1986 duplici]
1394 1940 1451 1974 Sic
1476 1941 1559 1973 bene
1592 1941 1695 1974 codex
1718 1942 1765 1983 B,
1797 1942 1912 1986 reliqui
1939 1954 2103 1987 perperam

1153 2002 1252 2044 dupli.
1275 2003 1416 2034 anou.
1436 2021 1483 2026 —
1513 2002 1742 2048 Obtemperavi
1769 2005 1842 2048 quia
1868 2004 2030 2048 praecedit
2057 2006 2103 2036 ‹li-

1152 2066 1274 2108 plasin,
1305 2065 1367 2097 etsi
1392 2066 1552 2108 vulgatam
1576 2067 1748 2099 lectionem
1770 2067 1898 2100 minime
1921 2068 2033 2100 falsam
2057 2068 2103 2099 (li-

1153 2129 1271 2165 xerim;
1297 2129 1369 2160 vide
1393 2130 1539 2173 superius
1566 2129 1607 2175 (ἓ.
1625 2131 1721 2174 785).

1227 2194 1311 2236 tropi
1324 2191 1411 2238 vero]
1438 2193 1510 2225 llos
1529 2194 1646 2227 Graeci
1659 2190 1801 2235 τόνους
1817 2195 1984 2239 appellant.
1997 2192 2101 2227 Gnor.

1152 2254 1246 2288 Unde
1270 2256 1465 2288 Cassiodoro
1488 2257 1541 2301 (de
1562 2258 1682 2290 musica
1697 2258 1730 2289 in
1747 2270 1797 2301 op.
1818 2258 1866 2298 11,
1886 2271 1916 2302 p.
1931 2257 2016 2300 356)
2032 2258 2101 2289 toni

1152 2324 1228 2350 sunt
1247 2320 1300 2362 qui
1324 2325 1434 2351 nostro
1457 2323 1549 2365 tropi.
1572 2321 1732 2353 Bacchius
1753 2332 1827 2352 vero
1846 2322 1890 2364 (p.
1911 2322 1955 2352 15
1969 2326 2001 2352 et
2016 2321 2061 2352 18
2077 2319 2098 2351 f.

1152 2382 1263 2425 Meib.)
1284 2382 1394 2414 definit
1415 2389 1540 2427 tropum
1568 2382 1719 2428 πλοκῆς
1738 2381 1924 2427 ἐμμελοῦς
1948 2386 1971 2418 6
1970 2382 2098 2427 χῆμα,

1152 2448 1362 2487 recensetque
1393 2449 1473 2476 tres:
1499 2446 1635 2489 Lydium
1668 2445 1829 2482 nimirum,
1865 2444 2039 2487 Phrygium
2066 2449 2099 2475 et

1152 2506 1307 2547 Dorium,
1342 2507 1381 2539 ab
1411 2507 1482 2539 aliis
1507 2514 1611 2540 autem
1641 2507 1728 2538 addit
1756 2507 1852 2538 statui
1881 2513 2017 2550 septem:
2037 2507 2097 2538 Mi-

1153 2567 1332 2610 xolffdium,
1368 2568 1521 2611 Lydium,
1553 2568 1743 2611 Plnrjfgium,
1771 2568 1920 2607 Dorium,
1954 2568 2097 2612 Hypoljs-

1651 2629 1698 2659 92
