2310 2860
767 168 967 217 Martiani
997 166 1197 224 Capellae
1226 166 1298 210 lib.
1328 166 1381 208 V.
1411 168 1442 219 §.
1467 166 1569 210 506.
2057 173 2148 214 455

903 325 984 368 DE
1018 324 1442 368 DISPOSITIONE.

359 433 434 474 His
473 433 598 488 igitur
636 432 689 474 ad
727 431 854 474 fidem
897 430 1136 473 faciendam
1176 432 1410 488 prudenter
1439 432 1618 473 inventis
1657 433 1761 475 ordo
1797 450 1942 477 rerum
1979 445 2038 477 est
2071 451 2141 478 so-
2170 437 2260 477 50ss

192 513 387 565 ciandus‚
444 529 553 570 quae
600 529 698 570 pars
744 513 955 569 dispositio
1004 514 1234 564 vocitatur,
1282 527 1369 567 qua
1417 512 1519 566 quid
1564 513 1792 555 dicendum
1839 531 1979 570 quove
2028 518 2143 569 loco,

192 596 297 651 quid
335 597 499 652 penitus
540 594 844 647 omittendum,
888 594 1107 650 quomodo
1146 596 1269 636 etiam
1313 603 1354 635 et
1389 594 1562 648 quando
1600 604 1638 635 et
1678 595 1771 646 ubi,
1816 597 2045 651 prudenter
2078 598 2143 638 in-

190 677 405 732 spicimus.
474 678 648 734 Duplex
687 677 811 732 igitur
850 676 978 731 hujus
1014 676 1142 733 partis
1181 686 1241 718 est
1262 677 1386 718 ratio:
1425 686 1498 717 aut
1536 677 1648 716 enini
1686 678 1888 718 naturalis
1926 687 1987 718 est
2016 677 2143 729 ordo,

192 767 265 799 aut
301 760 474 801 oratoris
514 758 685 801 artificio
717 767 1012 813 comparatum
1066 756 1290 809 naturalis,
1338 772 1478 813 quum
1514 767 1607 813 post
1649 758 1906 813 principium
1944 759 2144 809 narratio,

190 840 377 893 partitio,
408 841 657 897 propositio,
689 840 1022 895 argumentatio,
1056 838 1291 888 conclusio,
1336 840 1613 895 epilogusquo
1639 840 1931 894 consequitur3
1969 839 2141 881 artifieio

189 922 386 972 oratoris,
417 937 552 977 quum
582 937 658 977 per
692 922 890 963 membra
915 923 1113 964 orationis
1146 937 1258 978 quae
1287 922 1465 964 dicenda
1495 931 1592 963 sunt
1621 922 1874 977 digerimus,
1906 930 1945 961 et
1977 921 2058 961 hoc
2089 936 2142 961 ex

191 1017 342 1044 causae
369 1004 562 1055 utilitato,
590 1019 675 1044 non
701 1019 753 1044 ex
777 1005 978 1059 temporis
1000 1003 1107 1044 serie
1133 1012 1402 1058 coaptamus3
1434 1012 1481 1042 ut
1506 1018 1582 1058 pro
1608 1002 1768 1042 Milone
1791 1002 1972 1052 factum,
2004 1014 2141 1054 quum

191 1086 456 1138 quaestiones
485 1085 692 1140 quasdam
720 1095 814 1126 ante
844 1086 1154 1136 narrationem,
1186 1094 1233 1124 ut
1259 1083 1519 1139 praejudicia
1551 1083 1774 1134 refutaret,
1807 1082 1992 1134 induxit,
2024 1081 2143 1136 quod

188 1178 271 1204 non
298 1179 353 1209 ,ex
385 1165 532 1206 ordine
566 1175 762 1217 naturae,
801 1166 873 1206 sed
902 1182 954 1206 ex
985 1180 1137 1207 causae
1170 1165 1344 1205 utilitate
1369 1164 1570 1216 mutavit,
1610 1173 1649 1203 et
1674 1178 1750 1218 pro
1782 1162 1978 1204 Cornelio
2004 1163 2144 1218 primo

188 1284 234 1316 ira
265 1285 354 1317 vanis
382 1292 414 1317 et
444 1293 538 1319 extra
572 1299 701 1318 eausam
731 1288 974 1319 obversantibus
1003 1299 1140 1319 eommo-

188 1352 304 1377 vetur.«
340 1346 531 1391 Quanquam
547 1349 704 1379 interdum
724 1355 814 1379 extra
835 1361 961 1380 eausam
981 1343 1142 1389 sefivagari

190 1409 257 1452 ipse
285 1409 401 1440 Cicero
435 1411 604 1441 eoulitetur
631 1410 703 1453 (pro
726 1409 848 1442 Milone
870 1411 938 1449 543
977 1422 1035 1454 pro
1050 1410 1141 1466 Sae-

191 1473 259 1504 cina
285 1472 358 1514 5²2).

265 1535 397 1581 duplex]
416 1536 595 1568 Vide-'intur
607 1534 732 1568 Auctor
753 1537 792 1567 ad
808 1536 1009 1567 Herennium
1028 1536 1076 1579 (5,
1094 1535 1141 1578 9),

190 1599 304 1632 Cicero
333 1600 385 1643 (de
409 1605 486 1631 orat.
507 1600 547 1639 2,
574 1599 649 1641 76),
676 1599 915 1642 Quinctilianus
937 1600 990 1642 (2,
1017 1601 1079 1639 15,
1104 1601 1142 1639 13

190 1677 219 1708 p.
239 1664 312 1696 529
337 1663 461 1706 Spald.)
486 1669 518 1694 et
540 1662 703 1705 Sulpicius
721 1663 836 1695 Victor
855 1663 897 1705 (p.
915 1663 988 1694 246
1008 1661 1117 1705 Pith.).

262 1734 333 1771 post
351 1725 557 1771 principium]
583 1727 632 1757 De
659 1732 796 1769 quatuor
814 1726 974 1770 prioribus
997 1726 1142 1769 partibus

189 1790 269 1821 infra
287 1789 328 1834 (ἓ.
346 1791 427 1821 556.
453 1790 535 1820 555.
556 1788 642 1831 557)
665 1788 745 1828 agit,
772 1789 966 1831 posteriores
985 1789 1065 1819 duas
1088 1800 1142 1819 au-

191 1859 254 1884 tem
273 1853 316 1897 (§.
331 1852 416 1896 565)
432 1853 562 1894 junctas
589 1851 755 1895 proponit,
781 1864 878 1894 quum
896 1852 1049 1883 orationis
1068 1863 1142 1883 eon-

193 1916 309 1956 clusio,
342 1916 503 1959 epilogus,
538 1921 570 1947 et
602 1915 763 1958 peroratio
794 1927 891 1945 unum
922 1914 1070 1958 idemque
1102 1915 1144 1946 sit

192 1980 233 2022 (v.
259 1978 512 2021 Quinctiliauum
535 1980 575 2018 6,
599 1979 636 2017 1,
660 1979 698 2017 13
725 1990 755 2021 p.
771 1978 844 2009 445
867 1976 1002 2020 Spald.).

266 2038 420 2084 artifieio]
458 2039 575 2071 Curius
606 2038 854 2070 Fortunatianus
885 2039 930 2082 (p.
950 2039 998 2070 (39
1029 2038 1143 2082 Pith.)=

199 2102 393 2133 „naturalem
412 2100 555 2132 ordinem
573 2100 752 2144 sequimur,
781 2100 808 2130 si
824 2100 903 2131 nihil
925 2100 1018 2132 nobis
1042 2100 1146 2132 oberit

190 2164 223 2196 in
245 2175 358 2203 causa3
385 2162 413 2193 si
436 2161 554 2205 aliquid
583 2161 766 2202 occurrerit,
791 2160 981 2193 necessitate
1000 2162 1144 2193 utilitatis

192 2227 336 2259 ordinem
360 2225 596 2257 immutabimus
626 2225 819 2265 naturalem,
850 2237 1020 2269 sequemur
1048 2225 1142 2256 artili-

192 2289 330 2322 eialem.«
371 2289 567 2321 Monendum
595 2294 716 2329 tamen,
748 2287 925 2321 Auctorem
953 2289 994 2320 ad
1016 2288 1142 2320 Heren-

192 2353 279 2385 nium
303 2353 356 2396 (5,
379 2351 416 2394 9)
437 2353 643 2394 artificiosum
668 2352 812 2383 ordinem
837 2352 1015 2397 appellare,
1048 2363 1144 2395 quem

193 2421 304 2448 noster
329 2416 527 2455 naturalem,-
558 2415 714 2459 siquidem
738 2427 873 2457 »genera
900 2416 1144 2460 dispositionum

194 2480 258 2511 duo
276 2491 364 2511 esse«
383 2478 436 2518 ait,
459 2489 573 2509 »unum
588 2479 626 2510 ab
644 2479 842 2518 institutione
861 2481 940 2512 artis
959 2480 1145 2523 profectum,

195 2543 326 2575 alterum
343 2542 381 2573 ad
400 2553 508 2573 casum
525 2544 671 2584 temporis
688 2544 996 2583 accommodatum«,
1015 2548 1047 2574 et
1059 2542 1147 2587 prius

196 2605 323 2649 quidem
351 2603 383 2634 in
410 2614 448 2635 eo
472 2602 609 2647 spectari
639 2609 691 2635 »ut
715 2609 841 2635 utamur
872 2603 1048 2648 principio,
1079 2615 1149 2634 nar·

1192 1287 1326 1327 ratione,
1347 1286 1515 1327 divisione,
1539 1285 1790 1324 confirmatione,
1818 1285 2046 1325 confutatione,
2070 1296 2143 1315 eon-

1193 1349 1374 1388 elusione«,
1404 1348 1519 1379 deinde
1540 1359 1632 1379 vero:
1654 1353 1722 1379 nest
1739 1353 1860 1378 autem«
1887 1347 1990 1390 inquit
2013 1352 2061 1377 »ct
2083 1346 2144 1377 alia

1193 1410 1377 1453 dispositio,
1407 1422 1503 1452 quae,
1536 1421 1632 1452 quum
1660 1410 1699 1439 ab
1728 1410 1838 1440 ordine
1863 1409 2032 1451 artificioso
2059 1420 2145 1439 rece-

1193 1471 1332 1502 dendum
1361 1477 1426 1509 est,
1454 1469 1588 1500 oratoris
1607 1469 1729 1510 judicio
1756 1471 1799 1500 acl
1821 1476 1943 1512 tempas
1969 1480 2143 1501 accommo-

1195 1535 1323 1575 datm-1«,
1350 1545 1530 1577 quanquam
1551 1533 1582 1563 in
1605 1538 1745 1563 extremo
1768 1533 1886 1575 eapite:
1908 1533 1975 1563 »his
2005 1545 2143 1563 eommu-

1194 1599 1365 1629 tationibus
1390 1603 1422 1628 et
1450 1596 1710 1627 translationibus
1735 1596 1870 1639 partium
1894 1608 1989 1639 saepe
2020 1596 2065 1626 uti
2090 1608 2143 1627 ne-

1194 1674 1284 1694 eesse
1310 1667 1374 1700 est,
1400 1672 1497 1704 quum
1519 1660 1587 1703 ipsa
1610 1672 1661 1691 res
1686 1660 1889 1703 artificiosam
1910 1661 2145 1703 dispositionem

1193 1725 1362 1768 artificiose
1385 1729 1578 1756 commutare
1601 1723 1713 1764 eogit.«

1273 1802 1338 1820 non
1358 1801 1401 1820 ex
1418 1786 1580 1832 temporis]
1609 1787 1847 1829 Quinctilianus
1866 1787 1913 1831 (7,
1934 1788 1965 1827 1,
1985 1786 2037 1830 2):
2060 1786 2148 1819 »Sed

1193 1853 1427 1886 meminerimus
1456 1852 1557 1895 ipsam
1582 1851 1823 1895 dispositionem
1849 1851 2035 1894 plerumque
2062 1851 2145 1882 utili-

1194 1922 1259 1948 tate
1286 1914 1415 1952 mutari,
1442 1926 1500 1946 nec
1525 1913 1658 1944 eandem
1684 1925 1809 1956 semper
1828 1913 1960 1956 primam
1986 1913 2143 1956 quaestio-

1192 1990 1266 2011 nem
1288 1990 1328 2009 ex
1350 1982 1482 2018 utraque
1509 1981 1596 2018 parte
1620 1975 1834 2007 tractandam«
1865 1980 1923 2006 cet.
1959 1994 1965 2002 ·

1268 2051 1327 2083 pro
1346 2035 1483 2082 Milone]
1510 2037 1626 2069 Cieero
1643 2037 1723 2081 (eap.
1739 2035 1791 2079 5)=
1815 2036 1900 2068 »Sed
1925 2041 2091 2079 antequam
2107 2033 2145 2065 ad

1195 2115 1264 2135 eam
1297 2102 1473 2134 orationem
1507 2101 1615 2141 venio,
1653 2113 1735 2144 quae
1775 2106 1825 2132 est
1860 2100 1987 2143 propria
2019 2105 2145 2131 nostrae

1195 2163 1410 2207 quaestionis,
1442 2162 1590 2194 videntur
1616 2174 1653 2194 ea
1688 2174 1759 2193 esse
1793 2162 1975 2202 refutanda,
2008 2173 2089 2205 quae
2114 2166 2145 2191 et

1194 2228 1229 2259 in
1246 2233 1357 2259 senatu
1380 2227 1419 2258 ab
1442 2226 1576 2258 inimicis
1599 2237 1694 2270 saepe
1715 2226 1834 2268 jactata
1851 2231 1941 2265 sunt,
1968 2231 2000 2257 et
2021 2225 2054 2256 in
2072 2235 2143 2255 eon—

1194 2291 1286 2323 eione
1320 2291 1359 2322 ab
1388 2290 1557 2333 improbis,
1592 2295 1624 2322 et
1652 2289 1748 2334 paulo
1782 2296 1854 2320 ante
1888 2290 1926 2320 ab
1956 2287 2143 2319 accusatori-

1194 2353 1273 2392 bus,
1300 2358 1335 2383 ut
1360 2352 1445 2383 omni
1464 2357 1585 2383 terrore
1610 2351 1736 2383 sublato
1757 2362 1823 2382 rem
1846 2350 1940 2394 plane
1957 2360 2037 2392 quae
2058 2347 2145 2380 venit

1194 2414 1228 2446 in
1249 2413 1405 2455 judicium
1429 2414 1535 2445 videre
1561 2413 1701 2457 positis«

1271 2473 1479 2520 praejudicia]
1495 2474 1682 2507 Adversarii
1697 2473 1779 2506 enim
1798 2471 1927 2503 Milonis
1944 2476 1976 2501 et
1992 2482 2010 2501 a
2032 2476 2144 2501 senatu

1193 2537 1371 2580 judicatum
1395 2548 1466 2568 esse
1487 2537 1668 2579 jactabant,
1702 2534 1829 2566 caedem
1859 2532 1891 2563 in
1918 2544 1981 2575 qua
2001 2532 2042 2565 P.
2067 2532 2141 2564 Clo-

1199 2599 1271 2631 dius
1293 2598 1419 2631 oecisus
1442 2604 1544 2640 esset,
1569 2603 1679 2629 eontra
1700 2593 1923 2638 rempublicam
1941 2605 2013 2626 esse
2029 2594 2143 2626 factam

1652 2656 1698 2687 55
1721 2653 1742 2678 ³³<
