2310 2860
648 209 848 254 Martiani
886 207 1087 265 Capellae
1123 206 1194 248 lib.
1223 204 1276 248 II.
1316 206 1349 258 §.
1375 203 1473 248 126.

1963 204 2042 245 181

739 318 821 359 Cui
854 317 1035 359 lacteam
1070 313 1276 371 papillam

741 399 946 442 Gaudens
981 396 1095 439 dedit
1127 410 1336 449 noverca3

741 479 876 534 Cujus
911 480 1078 535 vigente
1112 478 1234 533 virga

750 562 910 604 Dirum
944 569 1085 616 stupet
1120 572 1362 610 venenum,

749 641 831 684 Cui
865 642 988 683 virus
1025 657 1152 683 omne
1187 641 1291 683 santi

743 723 907 765 Orbem
944 723 1043 764 facit
1075 723 1321 778 gemellum.

740 805 816 847 Est
849 804 997 845 doctus
1031 803 1101 844 illc
1135 803 1311 856 divum,

743 887 827 929 Sed
861 887 1022 929 doctior
1055 886 1220 942 puella:

742 970 872 1012 Nunc.
905 983 1023 1009 nunc
1056 967 1239 1008 beantur
1274 974 1403 1017 artes,

741 1052 861 1100 Quas
896 1050 953 1090 sic
988 1048 1159 1089 sacratis
1192 1048 1345 1099 ambo,

742 1132 801 1173 Ut
834 1131 934 1172 deut
968 1146 1113 1172 meare
1151 1129 1292 1181 coelo,

742 1213 949 1254 Rescrcnt
982 1211 1152 1253 caducis
1189 1221 1322 1262 astra,

740 1294 805 1336 Ac
833 1293 1024 1336 lucidam
1052 1307 1193 1350 usque
1218 1293 1272 1336 ad
1296 1291 1490 1335 aethram

160 1455 213 1487 01ιί
235 1452 382 1499 lacteam]
410 1453 466 1487 Sic
492 1465 603 1498 supi-at
639 1453 784 1487 „Dehine
807 1453 927 1498 nuptiis
951 1452 1041 1485 Juno

84 1527 151 1549 non
175 1516 268 1548 solita
283 1516 448 1558 refragari,
478 1520 546 1548 tum
562 1516 656 1548 etiam
678 1515 862 1560 Cyllcnium
882 1515 1047 1557 diligebat,

85 1579 172 1624 quod
186 1579 256 1621 ejus
274 1579 425 1611 uberibus
441 1579 594 1624 poculum
606 1579 852 1612 immortalitatis
870 1581 1047 1612 hauserat-⁸

84 1642 169 1675 Vide
193 1641 367 1685 Hyginum.
386 1642 492 1674 GnoT.

158 1704 342 1752 venenum]
372 1705 487 1747 «Iurgia
519 1711 552 1737 et
581 1705 813 1738 contentiones.
832 1705 978 1738 vimen.
997 1722 1045 1728 —-

83 1768 229 1802 Laudare
257 1769 306 1801 vir
332 1768 447 1802 doctus
472 1774 599 1814 poterat
629 1768 747 1801 Isidori
770 1769 849 1800 haec
875 1768 982 1812 (etym.
1010 1767 1047 1808 8,

86 1834 152 1875 11,
191 1834 252 1868 47.
289 1833 348 1865 111.
382 1846 412 1878 p.
443 1834 519 1866 584
552 1832 672 1877 Arev.)
703 1832 817 1866 verba:
848 1831 1047 1865 »Mercurius

84 1895 205 1937 virgam
233 1900 338 1936 tenet,
376 1907 440 1939 qua
469 1901 637 1939 serpentes
670 1894 801 1935 dividit,
833 1894 868 1927 id
899 1899 968 1935 est,
995 1906 1048 1926 ve-

85 1971 198 1995 neum«
232 1959 301 2003 Qui
326 1964 450 1999 tamen,
482 1970 582 2003 quum
609 1957 717 1993 Servii
746 1957 863 1990 scrinia
887 1957 1047 2001 expilasse

86 2004 316 2066 saepenumero
356 2022 631 2067 deprehendatur,
688 2021 861 2066 depravato
900 2021 1048 2065 exemplo

85 2085 203 2128 pariter
224 2089 320 2129 atquc
346 2089 458 2115 noster
484 2095 563 2116 usus
587 2095 660 2116 esse
685 2083 822 2115 videtur.
853 2082 954 2128 Apud
971 2082 1049 2115 Ser-

86 2148 171 2179 vium
195 2146 279 2178 0111111
309 2146 362 2191 (ad
384 2145 469 2178 Aen.
491 2146 534 2186 4,
556 2145 645 2189 242)
677 2145 716 2178 ad
739 2146 872 2178 verbum
898 2146 1050 2187 leguntur

87 2223 167 2256 quae
192 2210 338 2244 Isidorus
371 2210 555 2254 exscripsit,
587 2215 716 2254 praeter
742 2222 853 2242 vocem
877 2221 1047 2246 venenum,

87 2284 144 2318 pro
174 2285 236 2318 qua
274 2272 410 2316 legitur:
440 2273 614 2304 »bellantes
646 2271 796 2313 dividit«;
835 2272 922 2316 quod
952 2272 1050 2304 miror

89 2336 127 2367 ab
151 2327 304 2369 Arei‘allo
339 2336 380 2369 ad
413 2335 505 2368 illum
533 2334 652 2368 Isidori
673 2335 780 2379 locum
807 2347 872 2368 non
893 2347 966 2368 esse
994 2348 1048 2368 au·

88 2402 240 2429 notatum.
279 2398 495 2431 Confirmatur
520 2398 616 2430 etiam
648 2397 745 2430 lectio
771 2399 960 2431 »bellantes«
990 2399 1048 2438 iis,

89 2472 170 2505 quae
199 2461 350 2504 Hyginus
375 2461 469 2505 (astr.
500 2462 543 2502 2,
582 2463 618 2497 7.
659 2475 690 2507 p.
711 2463 786 2495 572
817 2463 947 2496 1111111011.
981 2463 1048 2495 sive

88 2536 119 2568 p.
144 2523 218 2555 459
237 2521 340 2566 Stav.)
364 2523 403 2555 de
427 2522 567 2555 caduceo
595 2524 722 2557 scribit:
746 2537 861 2569 »quem
884 2537 980 2557 manu
1000 2531 1047 2557 te-

88 2596 169 2618 nens
191 2584 388 2625 Mercurius,
411 2596 511 2629 quum
528 2585 784 2629 proficisceretur
802 2587 836 2620 in
862 2586 1047 2628 Arcadiam,

90 2655 120 2681 et
145 2649 278 2685 vidisset
305 2649 386 2684 duos
419 2648 573 2682 dracones
611 2649 694 2684 inter
718 2663 753 2685 se
779 2651 950 2696 conjuncto
979 2664 1047 2687 cor·

1091 1462 1171 1496 pore
1199 1450 1297 1483 alium
1326 1449 1424 1481 alium
1446 1448 1615 1492 adpetere,
1647 1454 1681 1480 ut
1711 1448 1766 1493 qui
1796 1449 1948 1482 dimicare
1975 1448 2056 1481 inter

1100 1527 1134 1547 sc
1164 1514 1365 1554 viderentur,
1397 1511 1553 1554 virgulam
1585 1512 1669 1543 iuter
1698 1517 1869 1556 utrumque
1902 1513 2056 1554 subjecit-3

1097 1577 1205 1622 itaque
1236 1578 1490 1610 discesse1·unt«=
1517 1581 1628 1608 noster
1658 1581 1763 1607 tamen
1786 1575 1878 1608 locus
1902 1575 1981 1607 satis
2003 1588 2056 1607 ex-

1097 1641 1250 1684 plieatur,
1282 1641 1338 1671 ubi
1367 1639 1580 1681 recogitamus
1615 1650 1739 1671 veneno
1771 1645 1936 1683 serpentes
1964 1639 2056 1671 facile

1098 1703 1279 1746 significari.
1314 1703 1527 1735 Notissimum
1561 1708 1727 1746 practerea
1761 1708 1826 1742 est,
1853 1715 1871 1733 a
1896 1703 2056 1735 Mercurio

1093 1763 1387 1815 χρυόορῥάπιὸι,
1413 1766 1532 1799 Circen
1551 1778 1569 1798 a
1588 1766 1749 1798 veneficiis
1773 1766 1964 1810 prohibitam
1986 1778 2058 1799 esse

1098 1832 1208 1876 (Hom.
1231 1831 1352 1875 Odyss.
1375 1844 1408 1865 κ.
1427 1831 1511 1863 877.
1528 1829 1623 1863 Ovid.
1643 1836 1716 1861 met.
1745 1830 1815 1869 14‚'
1836 1829 1934 1871 291).
1962 1829 2058 1862 Adde

1098 1908 1180 1941 quae
1201 1896 1354 1928 Barthius
1380 1895 1427 1940 (in
1452 1894 1522 1927 adv.
1548 1906 1581 1939 p.
1604 1892 1713 1938 1255)
1736 1894 1894 1926 observat.

1181 1960 1287 1990 orbem
1314 1958 1397 2001 facit
1425 1955 1614 2002 yemellum]
1650 1956 1727 2000 Quo
1765 1956 1919 2001 loquente
1941 1955 2057 1988 ι01111115

1099 2023 1262 2054 contentio
1291 2021 1452 2054 dividitur.
1478 2021 1560 2054 Nam
1583 2032 1642 2065 per
1662 2020 1806 2062 geminos
1828 2020 1923 2052 orbes
1940 2021 2059 2052 indicat

1098 2086 1180 2118 duos
1213 2092 1396 2130 serpentes,
1442 2085 1497 2130 qui
1536 2090 1612 2116 sunt
1648 2084 1681 2116 in
1709 2084 1860 2116 caduceo.
1882 2085 1985 2117 Vere.
2005 2103 2051 2109 -ο-

1099 2149 1164 2180 Pro
1181 2148 1271 2192 fanti
1288 2148 1321 2179 in
1338 2147 1600 2191 Guelferbytanis
1619 2151 1702 2179 teste
1719 2146 1832 2179 Cortio
1856 2146 1971 2188 legitur
1984 2147 2057 2191 sali,

1100 2211 1187 2255 quod
1217 2212 1300 2243 idem
1323 2211 1356 2244 in
1373 2211 1632 2243 Reiclienauensi
1650 2210 1779 2255 quidem
1802 2211 1973 2255 scriptum,
2000 2212 2057 2243 scd

1099 2278 1278 2306 correctum
1312 2278 1363 2305 est
1390 2273 1496 2317 fimti,
1536 2278 1568 2304 ct
1593 2278 1735 2317 praestat
1761 2273 1891 2305 omnino
1915 2273 2053 2314 vulgata.

1097 2335 1259 2370 Mercurio
1284 2335 1370 2368 enim
1396 2334 1603 2376 adscribitur,
1639 2334 1730 2377 cujus
1758 2335 1846 2367 fandi
1874 2335 1981 2368 virtuti
2008 2334 2054 2364 ni-

1098 2398 1142 2430 hil
1159 2397 1263 2442 1105511
1278 2397 1443 2429 obsistere.
1469 2397 1520 2429 De
1535 2396 1699 2429 dialectica
1716 2397 1767 2430 hic
1786 2408 1961 2428 sermonem
1983 2405 2054 2426 esse

1096 2463 1201 2508 palam
1224 2462 1280 2494 fiet
1299 2461 1482 2494 inferiorem
1511 2461 1632 2505 legenti
1654 2461 1761 2494 locum
1784 2460 1826 2505 (ἓ.
1853 2460 1951 2503 550).

1173 2522 1274 2570 meuc]
1299 2523 1450 2557 Alterum
1475 2537 1584 2564 nunc,
1614 2523 1702 2569 quod
1727 2523 1870 2566 sequitur
1892 2521 1925 2552 in
1949 2521 2054 2561 editis,

1099 2589 1211 2621 abesse
1237 2600 1256 2620 a
1277 2588 1493 2634 manuscripto
1520 2587 1772 2632 Guelferbytano
1805 2584 1935 2619 Coi-tius
1960 2590 2054 2617 testa—

1099 2657 1151 2685 tur
1178 2650 1232 2696 (ad
1255 2649 1389 2686 Sallust.
1411 2663 1441 2697 p.
1471 2650 1542 2687 140
1567 2649 1657 2692 uon).
