2310 2860
1306 75 1335 92 νε

182 146 275 189 266
754 141 953 185 Martiani
991 139 1192 196 Capellae
1226 137 1298 179 lib.
1326 136 1402 179 ΙΙΙ.
1438 139 1473 190 §.
1498 136 1603 180 255.

187 253 306 295 nihil.
386 251 503 294 Nam
549 249 736 301 vocales,
791 264 897 305 quas
945 245 1100 288 Graeci
1144 255 1330 301 septem,
1381 244 1598 286 Romulus
1644 260 1740 298 sex,
1795 260 1895 287 usus
1939 247 2151 303 posterior

191 335 385 389 quinque
423 338 756 381 commemorat,
799 328 843 370 Y
880 327 998 370 velut
1038 327 1205 368 Graeca
1241 328 1410 384 rejecta.
1481 328 1574 370 Hae
1614 338 1756 370 tamen
1791 329 1834 370 in
1872 329 1991 370 Latio
2034 345 2151 371 nunc

190 413 390 471 produci,
439 426 554 453 nune
598 410 812 461 contrahi,
858 423 973 450 nunc
1014 409 1131 460 aeui,
1176 424 1292 452 nune
1329 410 1523 467 gravari,
1575 411 1645 452 vel
1682 411 1806 452 etiam
1851 411 2151 463 circumflecti,

190 508 305 536 nunc
351 492 586 547 aggregari,
629 506 744 532 nune
784 490 961 532 distrahi
1000 490 1089 531 sine
1127 489 1293 545 jactura
1322 493 1389 533 sui
1418 491 1602 533 nominis
1634 501 1819 548 possunt.
1878 491 2009 532 Modo
2040 492 2153 533 solae

189 573 374 629 syllabas
416 573 625 624 formant,
686 587 801 614 nunc
845 581 1120 614 consonantes
1165 572 1369 628 utrinque
1413 572 1661 628 suscipiunt.
1733 571 2006 626 Vocalesque
2049 586 2157 611 non-

1984 651 2158 707 Quippe

191 739 229 780 A
258 738 519 794 plerumque
561 737 605 777 in
644 737 679 778 E
720 736 1041 786 transvertitur,
1101 749 1201 775 nam
1234 735 1355 790 capio
1395 734 1487 790 cepi
1518 734 1641 787 facit,
1685 734 1870 775 nuncin
1901 732 1935 785 I,
1965 742 2014 775 ut
2041 732 2159 784 salio,

191 657 336 698 nullae
377 655 505 697 modo
536 670 580 697 se
619 656 804 698 invicem
835 664 1022 707 mutant,
1059 668 1200 709 nuper
1229 654 1309 695 sibi
1338 668 1441 696 cum
1485 653 1638 694 decore
1676 651 1922 693 succedunt.

192 817 351 870 insilio;
392 832 507 858 nunc
544 817 588 858 in
630 817 691 868 O,
737 826 784 858 ut
823 816 1035 873 plaustro,
1076 815 1255 871 plostro;
1303 817 1373 859 vel
1411 817 1454 858 in
1484 817 1540 868 V,
1580 825 1627 858 ut
1665 831 1785 869 arca,
1832 815 1991 857 arcula.
2050 814 2160 856 Item

192 898 228 940 E
268 898 399 940 litera
434 898 478 938 in
522 897 715 953 primum
751 897 790 938 A
835 897 1118 949 reformatur,
1165 906 1213 938 ut
1240 913 1357 954 sero,
1399 908 1564 950 satum3
1622 898 1691 939 vel
1728 898 1772 939 in
1811 897 1851 950 I,
1901 906 1949 938 ut
1983 910 2161 948 moneo,

192 981 401 1035 monitus3

193 1061 394 1103 Similiter
431 1059 453 1102 I
491 1059 647 1102 vocalis
692 1059 736 1100 in
775 1061 814 1100 A
858 1063 1140 1115 convertitur,
1192 1072 1241 1104 ut
1286 1063 1440 1118 siquis,
1499 1061 1651 1116 siqua3

194 1143 323 1196 forte;
375 1142 421 1184 in
465 1142 525 1194 O,
567 1150 616 1182 ut
659 1141 756 1197 qui,
798 1156 910 1198 quo;
960 1143 1003 1184 in
1049 1143 1114 1196 V,
1167 1152 1214 1185 ut
1251 1143 1330 1195 ibi,
1377 1142 1466 1184 ubi.

266 1262 343 1283 nam
353 1249 493 1296 vocales]
510 1250 604 1283 Hanc
618 1250 782 1282 literarum
796 1250 1054 1284 distributionem
1069 1252 1154 1297 apud

193 1314 364 1347 Platonem
385 1316 437 1360 (in
464 1315 553 1349 Crat.
580 1328 614 1362 p.
634 1315 708 1348 424
732 1314 866 1360 Steph.)
889 1321 921 1348 et
943 1315 1154 1349 Aristotelem

193 1377 292 1421 (poet.
311 1376 373 1420 20)
392 1376 460 1419 jam
484 1376 633 1418 legimus,

267 1439 341 1486 sex]
368 1438 472 1472 Addit
486 1440 634 1472 nimirum
651 1439 792 1484 quinque
809 1439 1038 1484 prioribusYa
1053 1440 1154 1474 Grae-

193 1501 239 1535 cis
266 1507 440 1546 acceptum.
466 1501 554 1534 Infra
577 1500 621 1545 (ἓ.
637 1500 740 1544 253)ε
766 1501 897 1535 »Placet
916 1503 1000 1535 enim
1025 1503 1101 1534 mihi
1121 1502 1155 1535 Y

193 1565 226 1598 in
246 1565 404 1598 vocalium
429 1576 597 1597 numerum
621 1565 806 1607 congregari
823 1583 871 1589 --
898 1565 943 1598 sie
966 1566 1062 1608 igitur
1084 1565 1154 1606 erit,

192 1634 229 1660 ut
253 1640 351 1661 senae
371 1629 449 1659 fiant
470 1627 626 1660 vocales.«

272 1691 307 1723 Y
324 1689 427 1735 velut]
454 1690 533 1722 Non·
554 1689 737 1721 admissam·
753 1701 826 1721 esse
850 1690 884 1722 in
907 1689 1023 1722 Latino
1047 1690 1155 1734 alpha-

193 1753 268 1785 beto
291 1754 374 1785 lianc
395 1753 522 1784 literam
545 1763 563 1784 e
585 1752 806 1795 Quinctiliano
828 1751 946 1794 liquet,
976 1752 1031 1796 qui
1054 1753 1102 1796 (1,
1120 1753 1155 1793 4,

196 1817 230 1848 9.
255 1829 286 1860 p.
304 1817 352 1849 65
376 1814 504 1859 Spald.)
535 1814 585 1846 ”X
607 1819 787 1846 nostrarum
811 1814 971 1845 ultimam«
1005 1816 1155 1859 appellat.

195 1879 381 1912 Priscianus
413 1884 518 1910 autem
548 1878 601 1922 (1.
630 1891 661 1922 p.
685 1879 707 1909 8
735 1877 857 1920 Basil.)
884 1877 935 1909 »Y
959 1878 1157 1911 Graecorum

195 1943 360 1976 nominum
383 1954 479 1975 causa
506 1954 524 1974 a
549 1941 705 1973 Romanis
729 1941 863 1974 ascitum
893 1953 982 1973 essen
1015 1943 1156 1976 affirmat.

195 2007 240 2039 Et
273 2006 317 2037 ita
351 2005 606 2049 Quinctilianum
641 2016 769 2048 quoque
804 2005 1049 2047 intelligendum
1084 2018 1156 2038 esse

196 2081 237 2101 ex
258 2070 297 2101 eo
330 2074 434 2112 patet,
470 2069 557 2112 quod
584 2068 728 2100 inferiori
752 2068 825 2100 loeo
857 2068 935 2112 (¹2,
968 2070 1030 2110 10,
1052 2070 1100 2101 27
1124 2082 1156 2114 p.

197 2129 286 2173 628)
303 2130 421 2162 fatetur
445 2130 628 2162 »Romanos
646 2130 784 2161 mutuari
803 2130 915 2162 solitos
934 2142 1006 2162 esse
1023 2143 1040 2162 a
1055 2130 1156 2164 Grae-

198 2192 244 2224 cis
269 2192 393 2224 literam
413 2191 458 2231 Z,
486 2191 612 2234 quoties
636 2203 746 2223 eorum
769 2192 899 2224 nomina
920 2192 1087 2224 scribenda
1106 2205 1156 2225 es-

199 2258 298 2286 sent«
330 2253 416 2286 Vide
438 2252 520 2284 infra
544 2251 585 2296 (ἓ.
602 2253 689 2296 261)
708 2253 752 2286 Y.

271 2313 417 2360 mutant]
452 2313 552 2345 Plura
580 2313 675 2355 liujus
710 2314 983 2347 transmutationis
1010 2316 1156 2360 exempla

199 2378 297 2411 habes
323 2378 408 2422 apud
429 2376 629 2409 Priscianum
654 2377 700 2421 (1.
721 2390 753 2421 p.
773 2379 819 2410 18
840 2378 953 2422 sequ).

268 2441 384 2487 nuper]
410 2442 477 2473 Pro
498 2449 596 2473 nune.
620 2440 706 2473 Num
733 2441 772 2472 ab
799 2441 869 2472 aliis
895 2442 977 2474 illud
998 2442 1041 2474 ita
1062 2453 1154 2475 usur-

201 2511 308 2549 patum
339 2506 396 2546 sit,
426 2505 511 2537 haud
536 2504 613 2537 scio.
659 2503 728 2536 Sed
758 2518 775 2536 a
802 2511 913 2537 nostro
946 2507 1008 2538 hoc
1037 2507 1156 2539 sactum

203 2578 273 2598 esse
290 2567 415 2599 videtur
433 2567 537 2599 taedio
554 2566 760 2612 repetitarum
775 2578 889 2600 vocum
906 2568 997 2600 modo
1013 2573 1045 2602 et
1060 2581 1157 2602 nunc.

464 979 533 1021 vel
581 979 625 1020 in
665 979 730 1031 O,
776 988 824 1021 ut
867 993 892 1020 a
930 979 1108 1036 tegendo
1153 989 1269 1036 toga,
1320 980 1390 1023 vel
1433 980 1477 1021 in
1520 979 1583 1031 V,
1621 988 1669 1020 ut
1704 994 1728 1021 a
1772 988 1879 1021 tecto
1924 978 2162 1035 tugurium.

1720 1061 1763 1102 in
1810 1061 1870 1112 E,
1923 1069 1971 1102 ut
2017 1059 2158 1110 fortis,

1533 1141 1632 1183 Non
1671 1141 1790 1183 aliter
1821 1142 1860 1183 O
1891 1141 2013 1182 litera
2051 1140 2094 1180 in
2122 1140 2159 1180 A

1279 1253 1512 1301 Aplermnque
1536 1255 1571 1284 in
1591 1251 1637 1297 Ε]
1665 1251 1787 1284 Confer
1812 1252 1874 1282 hoe
1895 1250 1968 1282 loco
1991 1254 2024 1280 et
2047 1248 2082 1280 in
2110 1259 2159 1280 se-

1205 1316 1377 1360 quentibus
1396 1316 1629 1350 Schneiderum
1647 1315 1693 1360 (in
1712 1315 1804 1348 elem.
1820 1326 1949 1357 gramm.
1967 1313 2022 1345 lat.
2038 1312 2066 1345 I.
2084 1325 2115 1357 p.
2128 1313 2161 1344 9.

1205 1377 1319 1422 sequ.).

1280 1443 1316 1474 z'n
1335 1440 1377 1486 O]
1405 1441 1454 1474 Ita
1472 1446 1505 1473 et
1527 1437 1694 1480 Αὐάόεις
1715 1441 1825 1472 dieunt
1840 1439 2075 1484 Aegyptiorum
2096 1438 2161 1471 Oa-

1205 1514 1257 1536 ses
1288 1503 1424 1548 (Steph.
1457 1504 1536 1547 Byz.
1564 1516 1595 1548 p.
1624 1505 1705 1536 158.
1736 1502 1855 1535 Strabo
1882 1502 1914 1533 2.
1940 1514 1971 1545 p.
1998 1501 2079 1532 150.
2106 1501 2162 1531 17.

1206 1577 1236 1608 p.
1256 1566 1341 1605 815,
1369 1565 1423 1596 ubi
1453 1565 1536 1596 male
1564 1565 1684 1596 editum
1704 1559 1851 1603 Ἀνάόις
1872 1568 1904 1594 et
1921 1558 2097 1601 Ἀνάόεις-
2121 1561 2163 1594 V·

1207 1626 1346 1658 Casaub.
1373 1639 1406 1669 p.
1426 1625 1497 1668 56).
1537 1625 1634 1657 Adde
1654 1625 1854 1658 Muci-obium
1878 1625 1923 1668 (in
1946 1623 2107 1657 Saturnal.
2130 1624 2163 1664 1,

1205 1687 1260 1730 4),
1285 1692 1317 1718 et
1341 1686 1574 1719 Schneiderum
1595 1686 1701 1730 (clem.
1724 1687 1746 1719 l.
1771 1686 1794 1718 l.
1813 1699 1843 1729 p.
1861 1686 1932 1730 59).

1280 1760 1300 1780 a
1326 1755 1408 1781 tecto
1433 1747 1615 1793 tuyurium]
1651 1749 1868 1793 Pomponius:
1899 1749 2016 1781 Ofilius
2044 1749 2087 1780 ait
2115 1754 2163 1780 lu-

1207 1812 1337 1851 guriam
1362 1822 1380 1841 a
1405 1816 1486 1842 tecto
1516 1816 1667 1854 tanquam
1698 1812 1891 1855 teyulmn'um
1924 1823 1997 1843 esse
2032 1811 2164 1852 dictum,

1207 1878 1243 1904 ut
1266 1879 1355 1917 tagla,
1388 1874 1475 1917 quod
1506 1886 1543 1905 ea
1568 1879 1724 1916 tegamur.
1765 1875 1893 1907 Citatur
1911 1875 1959 1907 tit.
1975 1875 2014 1907 de
2038 1875 2163 1907 verbor.

1208 1937 1314 1979 signif.
1344 1937 1367 1970 l.
1393 1938 1474 1969 180.
1513 1937 1612 1969 Forte
1640 1938 1827 1979 legendum:
1853 1940 2018 1983 tuqurimn
2045 1950 2064 1971 a
2093 1945 2164 1982 teqo

1206 2005 1358 2044 tanquam
1384 2003 1553 2045 tegurium.
1596 2001 1641 2033 Et
1672 2013 1749 2035 sane
1778 2014 1844 2034 non
1874 2003 2067 2042 dubitarem,
2091 2000 2163 2035 2nisi

1208 2070 1241 2096 et
1264 2065 1381 2095 Festus
1409 2077 1426 2096 a
1452 2070 1534 2097 tecto
1559 2066 1733 2106 derivaret3
1760 2067 1818 2098 sed
1844 2078 1884 2097 an
1907 2072 1940 2098 et
1963 2066 2017 2097 ille
2039 2064 2072 2095 in
2093 2064 2163 2107 pari

1207 2127 1322 2159 mendo
1351 2127 1391 2158 sit
1416 2128 1551 2170 ambigo.
1568 2129 1671 2161 Gno'r.
1689 2148 1737 2152 —
1764 2128 1950 2160 Priscianus
1979 2128 2024 2172 (1.
2049 2139 2079 2171 p.
2102 2126 2162 2171 19)

1208 2189 1350 2233 scripsit:
1380 2189 1437 2221 »In
1463 2190 1497 2223 V
1518 2189 1669 2234 (transit)
1695 2190 1741 2230 E,
1768 2196 1858 2232 tego,
1889 2190 2086 2232 tugurium«:
2105 2189 2163 2221 scd

1207 2251 1481 2284 Reicbenauensis
1505 2252 1607 2284 codex
1624 2251 1720 2283 verba
1741 2263 1779 2282 »a
1801 2257 1900 2284 tecto«
1920 2251 2079 2284 Martiano
2096 2263 2161 2283 ma·

1206 2313 1322 2345 nifesto
1355 2312 1481 2354 tribuit,
1516 2325 1598 2356 quae
1627 2313 1701 2344 ideo
1735 2314 1859 2357 recepi,
1898 2326 1956 2358 pro
1986 2326 2024 2345 »a
2052 2319 2161 2356 tegou.

1207 2375 1328 2409 Confer
1351 2380 1517 2419 praeterea
1545 2374 1734 2419 Scioppium
1761 2375 1807 2420 (in
1831 2387 1879 2418 gr.
1899 2375 2015 2420 philos.
2036 2388 2067 2420 p.
2089 2375 2163 2409 194

1206 2439 1328 2482 Hera).

1280 2503 1316 2533 ίη
1335 2498 1378 2545 0]
1406 2498 1463 2532 Sic
1492 2501 1562 2540 olo,
1586 2501 1672 2540 oloe,
1701 2512 1760 2546 pro
1785 2501 1856 2542 illo,
1885 2501 1940 2533 illi.
1974 2500 2069 2534 Coni'.
2086 2498 2158 2543 Syl-

1206 2566 1289 2610 burg
1305 2565 1368 2612 (ap.
1388 2564 1520 2610 Sciopp.
1544 2577 1575 2610 p.
1591 2563 1688 2608 256).
