2310 2860
104 546 123 584 ‘l
130 545 188 585 ἓν.)

201 124 291 164 206

779 112 979 156 Martiani
1014 108 1215 166 Capellae
1253 105 1327 147 lib.
1353 102 1408 146 II.
1450 105 1482 156 §.
1508 101 1606 144 152.

212 229 337 270 etiam
371 224 640 273 Praestitem,
674 220 793 277 quod
827 218 984 276 praesit
1017 213 1220 272 gerundis
1255 210 1472 262 omnibus,
1505 218 1782 252 vocaverunt.
1818 208 1930 250 Nam
1958 217 1997 249 ct
2023 207 2170 263 populi

212 310 362 359 Genio,
392 320 528 362 quun]
556 302 761 360 generalis
783 301 989 358 poscitur,
1011 296 1291 353 supplicatur,
1313 303 1352 334 et
1374 292 1674 348 unusquisque
1697 292 1970 348 gubernatori
1998 292 2170 348 proprio

212 389 410 447 dependit
437 385 710 442 obsequium.
760 382 950 438 Ideoque
990 379 1152 420 Genius
1191 377 1366 428 dicitur,
1411 375 1616 431 quoniam
1638 390 1785 431 quum
1820 375 1915 431 quis
1946 375 2174 415 hominum

213 464 374 528 genitus
405 467 555 518 fucrit,
609 480 712 507 mox
751 462 886 504 eidem
924 459 1162 515 copulatur.

1237 458 1315 498 Hic
1356 457 1550 499 tutelator
1591 455 1909 512 fidissimusque
1945 470 2174 512 germanus

218 553 382 595 animos
407 549 602 591 omnium
634 556 884 600 mentesque
915 540 1106 583 custodit.
1165 539 1218 581 Et
1249 540 1458 594 quoniam
1485 539 1786 595 cogitationum
1817 552 1972 579 arcana
1993 551 2176 594 superae

216 674 358 708 Genium
385 671 566 715 respexisse
588 669 723 701 videtur.
759 665 903 699 Ulterius
928 662 1043 696 deinde
1069 661 1171 707 philo-

217 736 381 782 sophando
416 746 607 779 progressus
636 738 686 765 est
714 732 839 764 Seneca
870 729 924 772 (de
960 740 1024 771 quo
1054 739 1083 759 v.
1107 731 1174 757 not.

216 801 255 832 ad
276 800 423 844 §.15:1).
463 799 586 829 Locum
612 796 696 827 inter
722 795 847 825 Lunam
870 797 1050 834 terramque
1077 789 1174 820 inter·

211 864 333 905 jectum
365 861 559 892 Plutarchus
585 858 679 890 etiam
702 857 755 900 (dc
786 867 868 886 orac.
894 853 1006 884 defect.
1038 864 1069 896 p.
1087 849 1175 892 lssss)

216 924 330 958 Geniis
363 923 518 963 assignat:
551 931 631 964 quos
666 919 774 963 plures
804 928 876 949 esse
904 928 1000 961 quam
1030 913 1175 946 homines

216 986 344 1020 Plinius
368 985 423 1027 (2,
454 983 488 1026 7)
514 984 620 1013 refert.

288 1048 495 1095 Praesiilem]
516 1050 681 1087 Praestes,
702 1041 935 1093 προστάτης,
953 1039 1175 1088 πρόμαχος,

218 1116 274 1148 Sic
300 1115 388 1148 Saxo
419 1114 490 1146 Lib.
512 1115 534 1145 8
564 1112 739 1147 Plutonem
763 1109 842 1141 Orci
868 1107 1052 1151 praestitem
1077 1105 1177 1136 nomi-

219 1183 289 1216 nat,
326 1177 358 1207 id
387 1181 436 1207 est
464 1174 653 1218 praesidem.
687 1172 737 1204 Ita
759 1171 860 1202 Lares
893 1168 1061 1212 praestitos
1091 1166 1178 1206 dieti,

220 1238 308 1282 quod
335 1237 466 1268 aedibus
495 1238 703 1280 praestarent.
731 1231 892 1265 Surum.
916 1230 977 1274 (ad
1002 1228 1122 1261 Saxon.
1148 1239 1178 1271 p.

219 1303 269 1334 54
292 1302 326 1344 f.)
356 1322 403 1326 -—
442 1301 520 1331 Inde
553 1298 683 1342 Jupiter
713 1308 789 1340 prae
826 1294 973 1326 omnibus
1008 1293 1179 1324 Praestilis

220 1376 398 1406 cognomen
427 1362 548 1394 invenit
575 1360 768 1405 (Capitolin.
793 1359 825 1390 in
850 1359 937 1390 Max.
960 1362 992 1388 et
1009 1356 1103 1387 Balh.
1127 1355 1181 1398 5),

220 1434 253 1460 ct
275 1429 308 1460 in
329 1427 471 1471 lapidum
492 1426 587 1457 etiam
613 1424 715 1456 titulis
737 1422 846 1466 (Gruf.
865 1421 932 1461 22,
959 1422 990 1452 1.
1017 1420 1124 1457 1065,
1144 1418 1181 1461 2)

220 1487 276 1522 illo
303 1489 430 1521 nominc
461 1489 637 1520 honoratur
661 1485 702 1530 (v.
731 1489 763 1516 et
787 1484 869 1515 infra
895 1481 1020 1528 §.164
1038 1480 1183 1514 Manium

220 1551 414 1598 praestitos).

296 1619 450 1663 gerundis
469 1611 627 1660 munibus]
653 1613 682 1645 E
706 1612 825 1652 Festo,
852 1611 907 1655 qui
924 1609 970 1653 (p.
990 1610 1056 1641 161
1079 1606 1189 1649 Dae.)=

231 1680 391 1713 aGcnium
419 1677 621 1721 appellabant
649 1675 758 1714 deum,
785 1672 841 1716 qui
863 1672 926 1704 vim
954 1670 1112 1702 obtineret
1133 1681 1182 1700 re-

226 1757 298 1776 rum
330 1744 470 1774 omnium
497 1740 738 1784 yerendarnmm
791 1736 883 1768 Licet
917 1734 1049 1766 dubium
1084 1732 1184 1765 videri

227 1805 347 1851 possit,
374 1816 449 1835 num
474 1814 548 1834 vera
570 1800 659 1832 Festi
682 1799 777 1831 verba
804 1809 888 1828 nunc
913 1797 1069 1838 legantur.
1095 1794 1185 1838 Quid

228 1868 313 1901 enim
340 1867 394 1898 illa
419 1878 490 1897 cum
515 1863 618 1895 Gem'o
643 1872 809 1893 commune
835 1859 975 1890 habent?
997 1857 1116 1890 Verior
1140 1856 1184 1887 vi-

230 1932 322 1965 detur
351 1929 479 1973 scriptio
497 1926 653 1961 Varronis
681 1926 752 1969 (ap.
773 1923 946 1964 Augustini.
980 1922 1018 1953 (lc
1047 1921 1105 1953 civ.
1133 1919 1186 1951 dei

231 1996 264 2027 ’7.
292 1994 368 2035 15)ι
396 1991 520 2023 Genius
547 1990 647 2028 (leus,
680 1986 754 2030 »qui
773 1985 974 2029 praepositus
1001 1989 1050 2015 cst
1069 1995 1105 2014 ac
1123 1982 1187 2014 vim

232 2057 326 2089 hahet
361 2054 500 2086 omnium
537 2064 643 2084 rerum
679 2050 944 2094 91‘9nen‹lm·nm.u
1002 2046 1113 2090 Atque
1143 2046 1188 2077 ita

232 2118 374 2151 Isidorus
400 2116 446 2159 (8.
474 2116 529 2153 11,
555 2116 612 2146 88.
641 2127 672 2157 p.
693 2112 763 2145 591
788 2109 901 2154 Arcv.)
923 2109 1017 2140 etiam
1041 2108 1128 2150 legit.

307 2184 415 2227 populi
438 2180 553 2225 Genio]
581 2179 718 2212 Romani
743 2178 854 2223 populi
879 2177 929 2209 hic
957 2176 1082 2209 Genius
1105 2174 1188 2207 cele-

235 2249 344 2280 bratur
373 2257 438 2277 non
472 2245 566 2275 modo
600 2244 631 2275 in
665 2243 768 2274 munis
795 2242 928 2286 (Montt'.
963 2246 1028 2275 ant,
1053 2239 1136 2283 cxpl.
1163 2238 1189 2270 1.

238 2314 358 2358 p.518.
377 2311 592 2354 Spanhnnm.
608 2308 634 2339 1.
648 2320 676 2350 p.
691 2308 770 2338 1147.
786 2307 912 2337 Rasche
929 2305 970 2337 11.
992 2306 1022 2336 1.
1038 2301 1191 2348 p.1564)

240 2384 269 2410 ct
290 2373 550 2418 inscriptionibus
569 2370 677 2415 (Grut.
699 2372 733 2409 8,
750 2371 783 2402 5.
806 2371 912 2409 1008,
937 2370 990 2412 5),
1018 2368 1075 2399 sed
1096 2367 1192 2399 etiam

240 2439 367 2482 templi,
391 2437 444 2468 ubi
467 2435 640 2473 colebatur,
662 2432 856 2464 mentionem
879 2432 998 2464 faciunt
1020 2432 1192 2475 scriptores

242 2503 316 2539 {Dio
343 2503 435 2534 Cass.
463 2500 522 2540 47,
547 2499 580 2529 2.
606 2510 636 2541 p.
658 2496 741 2528 492.
770 2498 832 2535 50,
857 2498 890 2528 8.
916 2508 945 2540 p.
967 2497 1040 2528 (309
1062 2494 1194 2538 Reim.).

243 2557 331 2597 idem
354 2574 425 2595 esse
443 2561 584 2601 videtur,
606 2559 661 2603 qui
682 2558 760 2590 alias
780 2557 903 2590 Genius
917 2559 1062 2600 publicus
1086 2556 1195 2602 appel-

1223 661 1308 693 latur
1329 660 1506 706 (Ammian.
1541 661 1641 694 Marc.
1675 661 1744 702 20,
1782 662 1814 693 5.
1849 672 1879 705 p.
1911 662 1994 693 267.
2022 661 2090 702 22,
2120 663 2179 695 ss.

1225 740 1255 771 p.
1278 728 1361 760 555.
1400 727 1468 766 25,
1513 727 1542 758 1.
1576 738 1609 770 p.
1631 727 1716 758 581.
1755 725 1819 765 26,
1850 726 1883 757 2.
1914 738 1945 770 p.
1969 727 2040 758 451
2073 725 2177 761 Gron.

1227 789 1372 821 Camden
1396 788 1429 820 in
1451 788 1602 832 praeleet.
1628 788 1816 820 academicis
1840 801 1871 832 p.
1889 788 1985 833 180).

1301 848 1514 896 supplicatur]
1543 850 1593 882 Ita
1623 862 1682 895 pro
1712 851 1893 894 supplicant
1911 851 1944 882 in
1980 851 2073 883 editis
2104 850 2180 885 Rei·

1227 915 1457 956 chenaucnsis,
1492 915 1708 956 Basileensis,
1744 914 2028 956 Darnistattensi5‚
2062 915 2180 949 Canta·

1227 977 1414 1020 bfigicnsis,
1443 978 1667 1018 Britannicus⁷
1695 978 1932 1022 Bongarsiiquc
1954 977 2066 1010 codex.

1302 1039 1531 1085 gubernatori]
1562 1039 1667 1072 Affert
1697 1041 1958 1073 Montfauconius
1984 1041 2124 1086 (antiqu.
2156 1039 2182 1079 ,¹-

1229 1116 1258 1148 p.
1284 1104 1371 1146 518)
1396 1104 1620 1147 inscriptiones
1639 1103 1745 1136 Genio
1768 1105 1994 1148 qube7·n11tor1',
2018 1111 2051 1136 et
2077 1104 2182 1137 Genio

1228 1171 1364 1209 patrono
1390 1165 1519 1198 dicatas.
1553 1166 1711 1208 Regimen
1744 1167 1839 1198 modo
1867 1167 1977 1208 flagro,
2004 1166 2099 1199 modo
2127 1179 2182 1209 gu-

1229 1227 1402 1259 bernaculo
1429 1227 1598 1269 significari
1617 1227 1680 1259 alio
1706 1229 1880 1260 monstravi
1909 1228 1982 1260 loeo
2007 1228 2184 1273 (palaeogr.

1230 1290 1300 1322 crit.
1322 1289 1347 1321 I.
1373 1288 1403 1333 ξ.
1423 1290 1659 1332 eos—897).

1306 1351 1447 1397 qenitus]
1474 1353 1512 1384 ln
1532 1354 1593 1384 hoc
1616 1353 1703 1384 vocis
1724 1358 1830 1396 etymo
1857 1365 1874 1385 a
1891 1354 2053 1398 yiquentlo
2072 1354 2185 1388 ductae

1231 1414 1377 1458 plerique
1400 1415 1594 1447 conveniunt
1617 1415 1717 1459 (Fest.
1734 1428 1765 1449 v.
1781 1415 1922 1448 Genium
1950 1428 1981 1460 p.
2004 1418 2072 1449 161
2106 1417 2186 1451 Dae.

1234 1476 1403 1509 Censorin.
1426 1477 1465 1508 de
1493 1477 1543 1508 die
1566 1482 1632 1510 nat.
1654 1479 1686 1509 5.
1706 1477 1887 1521 Appulcjns
1911 1479 1950 1510 de
1974 1479 2034 1510 deo
2059 1479 2184 1512 Socrat.

1234 1551 1264 1582 p.
1286 1540 1353 1570 151
1376 1538 1461 1570 Oud.
1488 1539 1602 1570 Isidor.
1628 1544 1721 1582 etym.
1742 1542 1776 1579 8,
1797 1541 1854 1580 11,
1881 1543 1939 1572 88.
1957 1543 2071 1585 p.591
2089 1541 2188 1575 Arev.

1235 1600 1332 1632 Cont'.
1355 1599 1482 1631 Muller.
1506 1600 1636 1632 Etrusc.
1654 1600 1697 1634 Π.
1724 1613 1753 1645 p.
1776 1603 1824 1633 89
1847 1614 1877 1633 n.
1902 1602 1973 1647 24).

1316 1662 1476 1709 omnium]
1516 1663 1703 1706 Legendnm
1743 1666 1888 1697 fortassis
1924 1667 2090 1699 hominum
2127 1678 2188 1713 pro

1237 1728 1385 1758 onmium.
1433 1726 1517 1758 Nam
1549 1726 1589 1759 de
1624 1727 1738 1760 Geniis
1757 1732 1875 1760 'sermo
1905 1735 1964 1760 est.
1997 1728 2113 1761 Snsrts
2143 1729 2189 1775 (in

1239 1787 1371 1823 Gnrlitt.
1397 1788 1489 1820 anim.
1514 1788 1549 1821 4.
1573 1801 1603 1833 p.
1622 1789 1668 1832 9).
1685 1808 1732 1813 —
1754 1790 1906 1823 Profecto
1929 1803 1995 1822 non
2018 1803 2098 1835 opus
2120 1803 2189 1824 cor-

1236 1853 1378 1884 rectione
1400 1858 1487 1892 emt,
1517 1852 1674 1897 siquidem
1693 1853 1809 1885 Susius
1836 1855 1926 1886 facile
1954 1855 2103 1899 supplere
2132 1867 2188 1901 po-

1238 1922 1320 1947 terat
1338 1917 1511 1948 hominum.
1539 1916 1607 1949 Sed
1623 1917 1737 1949 melius
1758 1919 1852 1949 etiam
1868 1919 2044 1952 Martianus
2065 1919 2191 1964 scripsit

1240 1981 1399 2017 omnium,
1436 1979 1511 2022 quia
1546 1990 1611 2011 non
1650 1979 1832 2011 hominibus
1866 1985 2007 2021 tantum,
2037 1981 2095 2014 sed
2129 1980 2190 2013 diis

1240 2044 1333 2075 etiam
1363 2044 1412 2074 sui
1435 2049 1525 2074 eraut
1553 2043 1649 2076 Genii
1675 2043 1716 2088 (ξ.
1740 2046 1797 2077 55.
1824 2046 1902 2088 92),
1934 2045 2011 2089 quin
2039 2050 2071 2076 et
2094 2043 2190 2078 rebus

1240 2107 1411 2150 (Porphyr.
1434 2105 1472 2136 de
1497 2105 1610 2137 abstin.
1631 2106 1666 2146 2,
1690 2108 1750 2140 58.
1774 2119 1805 2149 p.
1823 2108 1894 2138 172
1915 2105 2056 2149 Rheon).

1305 2166 1544 2212 coyilati‘omcm]
1561 2167 1687 2200 Seneca
1703 2168 1806 2212 (epist.
1818 2169 1876 2200 41.
1887 2168 1950 2212 Op.
1963 2181 1993 2212 p.
2004 2169 2076 2201 455
2092 2168 2192 2213 Lips.)

1242 2243 1337 2275 quam
1358 2230 1459 2261 nostri
1479 2230 1619 2272 theologi
1638 2231 1864 2261 conscientiam
1891 2230 2017 2271 dicunt,
2045 2231 2193 2273 intelligit

1243 2293 1400 2325 scribens:
1424 2290 1543 2324 »Sacer
1572 2292 1654 2323 intra
1682 2303 1741 2323 nos
1771 2291 1901 2335 spiritus
1927 2292 2017 2324 sedet
2038 2293 2194 2325 malorum

1241 2355 1462 2398 bonorumque
1478 2360 1661 2386 nostrorum
1680 2354 1867 2386 observator
1886 2360 1919 2386 et
1938 2360 2076 2387 custosm
2095 2355 2193 2387 Plau-

1243 2424 1295 2449 tus
1316 2417 1414 2462 (Rud.
1434 2415 1568 2461 proleg.)
1594 2415 1767 2448 Arcturum
1789 2416 1881 2448 finxit
1907 2417 2070 2449 hominum
2101 2418 2193 2458 sacta,

1244 2494 1348 2516 mores
1363 2505 1372 2523 5
1408 2481 1579 2526 pietatem,
1618 2486 1650 2511 et
1687 2481 1780 2511 {idem
1821 2480 1940 2524 pariter
1980 2493 2017 2513 ao
2058 2480 2193 2525 perjuria

1244 2547 1322 2580 Jovi
1348 2544 1595 2578 denuntiantem.
1621 2544 1783 2577 Luc-ianus
1806 2543 1970 2590 (Necyom.
1997 2546 2053 2577 11.
2076 2544 2114 2576 T.
2135 2542 2193 2575 111.
