2310 2860
759 106 958 149 Martiani
997 105 1198 163 Capellae
1238 106 1311 149 lib.
1333 107 1365 149 1.
1396 109 1427 160 §-
1455 109 1520 150 11.

2062 114 2126 155 45

169 215 325 256 octavis
348 214 476 257 etiam
500 214 590 256 sine
613 213 862 256 discretione
885 214 1118 270 juncturis,
1146 214 1242 255 licet
1267 214 1572 257 intervenirent
1594 216 1806 267 limmata,
1838 217 2124 259 concinebant.

166 347 294 380 dimidia
312 359 386 392 pars
410 353 459 379 est
479 347 575 380 diesis
599 345 705 391 (Sext.
735 346 829 392 Emp.
852 348 893 387 6,
919 347 977 379 47.
1000 361 1030 393 p.
1047 349 1120 382 566

166 409 282 453 Palm).
307 409 476 441 Vitruvius
492 410 541 453 (5,
562 409 595 441 4.
618 422 648 454 p.
669 410 740 442 156
759 408 998 454 Bip.):»Dicsis
1016 413 1121 440 autem

164 475 214 503 est
241 470 308 502 toni
334 482 409 514 pars
436 476 564 514 quarta:
593 471 634 501 ila
666 471 698 502 in
727 470 900 502 hemitonio
927 470 991 502 duo
1015 469 1120 502 dieses

165 539 240 566 suut
263 533 468 566 collocatae«
513 535 613 566 Plura
638 535 758 566 dabunt
781 534 953 578 scriptores
982 535 1028 566 rei
1052 546 1119 566 mu-

164 597 247 629 sicae
277 597 484 631 aMciboinio
522 598 618 636 editi,
660 604 692 630 et
717 597 900 630 Bocckhius
932 595 977 641 (in
1002 598 1119 629 Danbii

162 664 195 690 ct
216 658 371 691 Creuzeri
395 659 510 691 studiis
536 659 595 692 ῙΠ.
621 672 653 704 p.
675 658 748 702 65).
793 657 861 690 Sed
884 660 945 691 hoc
971 659 1044 690 loeo
1066 659 1118 689 ad-

162 721 287 754 eundus
307 722 416 766 potius
427 722 604 763 Boethius,
631 722 687 766 qui
708 722 755 765 (in
773 721 895 753 arithm.
916 724 947 762 1,
972 722 1039 762 253
1067 734 1117 766 op.
1130 715 1137 721 ,

161 797 190 829 p.
216 784 327 829 1512)
351 796 419 817 rem
443 785 581 818 dilucide
607 784 653 818 sic
682 785 830 829 exponit:
854 783 1117 830 »Superpartieu-

161 846 236 878 laris
258 851 309 877 cst
335 858 487 878 numerus
509 847 548 878 ad
571 846 705 878 alterum
724 852 942 891 comparatus,
968 847 1118 890 quotiens

159 910 257 942 hahet
279 909 313 941 in
332 921 366 941 se
388 915 492 942 totum
510 910 665 942 minorem
682 915 715 942 et
735 916 859 955 partem
878 911 948 953 ejus
968 911 1116 955 aliquam.

160 973 228 1017 Qui
253 972 281 1004 si
302 972 435 1005 minoris
452 973 568 1005 habeat
588 973 811 1015 medictatem,
843 980 975 1007 vocatur
996 976 1116 1022 sesqui-

159 1037 256 1069 alter:
279 1036 400 1068 sivero
422 1036 546 1069 tertiam
568 1043 708 1081 partem,
730 1039 973 1086 sesquitertius:
990 1038 1017 1069 si
1039 1049 1116 1070 vero

158 1103 319 1142 quartam,
348 1103 480 1131 vocatur
493 1101 759 1146 sesquiquartus,
780 1105 812 1131 et
835 1099 861 1130 si
887 1099 1040 1143 quintam,
1061 1110 1115 1131 vo-

159 1165 249 1191 catur
273 1161 526 1208 sesquiquintus.
571 1159 682 1205 Atque
706 1161 756 1193 his
784 1161 931 1193 omnibus
953 1161 986 1192 in
1012 1160 1114 1192 inlini-

158 1227 225 1254 tum
248 1234 378 1268 quoque
398 1225 743 1267 superparticularium
758 1225 859 1256 forma
876 1225 1106 1269 progreditur«

158 1286 249 1317 Theo
269 1285 466 1329 Smyrnaeus
491 1285 554 1333 (ap.
577 1288 715 1320 Tennul.
736 1301 768 1333 p.
787 1289 855 1321 141
887 1289 926 1320 ad
943 1288 1063 1320 Jambl.
1081 1289 1114 1320 in

156 1347 450 1392 Nicom.a1·ithm.):
470 1346 668 1395 ἐπιμόριος
693 1348 736 1384 δέ
760 1349 839 1385 ἐστι
864 1345 992 1395 λόγος,
1019 1346 1114 1384 ὅταν

159 1409 178 1444 ὸ
200 1409 347 1454 μείζων
368 1408 461 1457 ὅρος
491 1408 603 1453 ἅπαξ
629 1413 703 1458 ἔχῃ
731 1409 802 1446 τὸν
833 1408 1020 1447 ἐλάττονα
1049 1410 1115 1446 καὶ

158 1471 294 1520 μόριον
313 1470 357 1508 ἓν
377 1484 415 1508 τι
438 1470 756 1513 τοῦλέλάττονος.
800 1474 856 1506 Ad
884 1487 965 1518 quae
985 1477 1113 1507 Tcnnu-

158 1536 237 1567 lius:
260 1535 462 1567 »Notandum
496 1531 634 1582 μόριον
672 1535 711 1566 al)
742 1535 948 1567 arithmeticis
981 1536 1043 1567 dici
1074 1537 1113 1566 de

158 1596 454 1642 superparticulari,
484 1593 581 1642 μέρη
608 1596 647 1627 dc
675 1596 958 1640 supcrpartiente.u
993 1596 1115 1627 Confer

157 1667 302 1693 nostrum
326 1661 407 1693 inl'ra
434 1658 475 1706 (ξ.
502 1661 584 1692 757.
610 1659 705 1703 759).
749 1661 847 1691 Haud
871 1659 966 1691 dubie
985 1659 1113 1692 Martia-

157 1735 217 1756 nus
244 1723 299 1755 illa
321 1735 338 1755 e
364 1722 522 1756 Cicerone
548 1721 719 1762 dcsumsit,
747 1721 802 1766 qui
825 1721 894 1766 ipse
915 1733 973 1753 sua
995 1733 1014 1753 a
1039 1721 1113 1752 Pla-

157 1794 232 1820 tone
259 1787 312 1833 (de
337 1800 385 1819 an.
405 1786 515 1819 mundi
542 1799 573 1830 p.
591 1787 639 1819 56
663 1785 790 1830 Steph.)
812 1786 917 1818 hahet.
945 1785 1113 1819 Ciceronis

158 1850 242 1883 enim
265 1850 362 1883 verba
391 1849 444 1894 (de
471 1848 557 1880 univ.
576 1847 613 1891 8)
640 1849 719 1879 haee
747 1854 839 1879 sunt:
866 1847 1113 1895 »Sesquialteris

158 1918 264 1944 autem
288 1911 483 1952 intervallis,
511 1915 543 1941 et
570 1910 804 1956 sesquitertiis,
829 1914 862 1940 et
883 1910 1113 1956 sesquioctavis

158 1974 293 2019 sumptis
320 1986 361 2005 ex
380 1973 430 2005 his
454 1971 711 2013 colligationibus
735 1971 769 2002 in
793 1970 903 2014 primis
925 1970 1112 2011 intervallis,

156 2039 380 2087 sesquioctavo
400 2035 570 2069 intervallo
596 2036 802 2082 sesquitertia
823 2035 929 2067 omnia
952 2035 1112 2078 explebat,

158 2115 256 2148 quum
284 2100 472 2147 particulam
498 2099 696 2141 singulorum
718 2099 931 2142 relinqueret«
959 2104 1017 2131 cet.
1044 2099 1112 2131 Ma-

158 2167 285 2200 crobius
306 2166 344 2210 (s.
363 2165 416 2198 Se.
434 2165 460 2197 1.
481 2164 515 2207 1)
534 2162 656 2205 graecis
675 2163 838 2195 vocabulis
862 2163 980 2194 utitur»
1007 2163 1111 2206 epitri-

159 2236 227 2269 tus,
249 2228 437 2267 hemiolius,
459 2226 653 2270 epogdous«
694 2226 744 2257 De
765 2225 884 2266 origine
901 2225 987 2258 vocis
1003 2227 1113 2272 sesqui

160 2291 223 2333 egit
253 2290 321 2322 Jul.
352 2289 473 2323 Caesar
503 2287 649 2329 Scaliger
673 2288 706 2319 in
727 2293 812 2332 poet.
838 2288 870 2318 2.
894 2288 951 2320 26.

234 2349 477 2400 sesquioctavis]
509 2350 559 2383 Ita
586 2362 652 2382 non
681 2349 784 2382 solum
807 2350 932 2381 varians
957 2348 1052 2380 lectio
1077 2347 1111 2380 in

161 2414 233 2446 libri
262 2414 539 2458 Norinibergcnsis
570 2414 711 2457 margine
740 2419 866 2447 notata.
904 2414 959 2445 sed
984 2412 1110 2445 codices

162 2477 255 2508 ctiam
276 2476 456 2509 Vossianus
483 2475 610 2521 (Arntz.
628 2477 716 2509 mise'.
736 2489 767 2521 p.
785 2477 872 2517 200)
891 2481 923 2507 ct
939 2474 1109 2516 lingianus

162 2541 278 2573 habent
301 2551 359 2584 pro
387 2541 506 2573 octavis
536 2541 620 2586 apud
646 2540 814 2581 Grotium,
852 2550 946 2584 quem
970 2544 1109 2576 errorem

1172 347 1263 380 facile
1286 346 1445 389 corrigere
1460 347 1636 391 potuisset,
1665 348 1692 379 si
1718 349 1838 380 sontem
1855 348 2074 390 cognovisset.
2107 363 2124 381 c

1172 421 1236 455 quo
1259 414 1371 442 noster
1389 409 1503 441 hausit.

1245 475 1316 505 sine
1341 473 1531 506 discretione
1546 471 1726 519 juncturis]
1754 472 1833 507 Sine
1857 473 2024 507 intervallo
2050 487 2123 506 eon-

1172 538 1336 569 sonantiis.
1358 537 1460 570 Vntc.

1246 599 1402 646 limmata]
1426 601 1529 633 Recta
1559 605 1609 632 est
1633 599 1798 645 scriptura.
1837 601 1956 646 Liquet
1982 614 2022 634 ex
2046 603 2122 634 Plu-

1171 664 1296 694 tarcho:
1317 663 1455 705 λεῖμμα
1488 660 1570 695 τῶν
1593 658 1803 707 τμημάτων
1830 659 1976 698 ἀνίσων
1998 661 2124 697 ὄντων

1169 723 1214 760 τὸ
1229 726 1393 761 ἔλαττον
1408 723 1468 759 ὃτι
1483 724 1554 760 τοῦ
1572 721 1740 770 ἡμισέως
1753 721 1967 766 ἀπολείπει.
1993 727 2122 759 Glossa:

1176 790 1350 821 »Limniata
1378 789 1577 821 hemitonia«
1604 788 1709 822 Gnor.
1738 809 1786 815 —-
1826 790 1935 823 Minus
1959 791 2121 823 accurate!

1168 852 1201 884 A
1225 853 1362 884 Platone
1400 853 1559 894 ejusmodi
1590 852 1793 885 intervallum
1822 853 1889 895 jam
1915 854 2121 886 hemitonium

1169 914 1362 958 appellatum
1392 915 1492 945 fuisse
1523 915 1672 946 observat
1706 915 1834 958 quidem
1863 915 2046 946 Macrobius
2076 916 2121 956 (iu

1169 987 1270 1007 somn.
1296 976 1432 1020 Seip.2,
1460 976 1489 1006 1.
1516 975 1561 1018 ss),
1584 975 1641 1007 sed
1665 982 1815 1007 monente
1841 976 2023 1008 Censorino
2049 977 2120 1021 (10,

1170 1038 1205 1081 7)
1232 1039 1378 1079 abusive,
1415 1050 1513 1082 quum
1540 1038 1603 1070 duo
1630 1038 1803 1070 hemitonia
1825 1043 1936 1070 tonum
1962 1040 2122 1083 complere

1167 1112 1233 1132 non
1260 1100 1402 1143 possint:
1430 1105 1625 1143 quapropter
1657 1099 1841 1132 Macrobius
1872 1100 1968 1131 etiam
1995 1100 2121 1133 semito-

1166 1162 1254 1193 nium
1279 1161 1390 1193 definit
1415 1173 1549 1193 »sonum
1584 1167 1659 1192 tono
1686 1160 1876 1200 minorem«,
1907 1160 1960 1194 eui
1981 1161 2121 1206 adstipu-

1165 1225 1250 1257 latur
1261 1225 1446 1258 Boechhius
1462 1225 1508 1269 (in
1526 1225 1644 1256 Daubii
1667 1231 1698 1256 ct
1713 1223 1829 1256 Creuz.
1849 1224 1933 1256 stud.
1949 1224 2008 1257 ΠΙ.
2029 1237 2059 1269 p.
2073 1225 2122 1257 60

1167 1287 1194 1332 §.
1216 1286 1284 1331 11).
1310 1286 1425 1331 Neque
1446 1286 1530 1319 enim
1552 1286 1595 1318 ita
1617 1285 1836 1330 accipiendum
1857 1298 1929 1318 csse
1952 1287 2039 1318 addit
2053 1287 2120 1319 Ma-

1164 1351 1310 1392 crobius,
1336 1357 1372 1382 ut
1392 1350 1573 1382 dimidiatus
1596 1356 1691 1381 tonus
1715 1355 1861 1394 putetur,
1887 1350 1962 1394 quia
1983 1361 2043 1383 nee
2071 1362 2120 1382 se-

1164 1412 1326 1444 mivocalis
1349 1412 1382 1443 in
1401 1412 1502 1443 literis
1522 1424 1580 1455 pro
1601 1411 1770 1443 medietate
1788 1411 1908 1444 vocalis
1927 1411 2119 1456 accipienda.

1165 1472 1259 1504 Adde
1275 1473 1371 1514 igitur
1386 1473 1482 1503 alium
1498 1472 1663 1503 Plutarchi
1681 1473 1787 1504 locum
1801 1471 1853 1516 (de
1874 1473 1996 1504 animae
2016 1484 2119 1516 proer.

1188 1558 1194 1564 .
1218 1536 1322 1565 1017.
1346 1535 1366 1565 f.
1390 1558 1397 1564 .

1165 1547 1276 1625 limata
1305 1536 1458 1637 scripitum
1488 1594 1658 1634 exhibent,
1693 1594 1807 1625 melius
1827 1595 1890 1625 (luo
1905 1595 2119 1627 Monacenses

1445 1534 1580 1564 Plurimi
1614 1533 1763 1565 Martiani
1791 1533 1919 1565 codices
1952 1545 2120 1577 perperam

1164 1656 1217 1699 (C.
1239 1654 1295 1698 G.)
1313 1657 1482 1698 lymmata:
1500 1655 1532 1686 Y
1556 1655 1640 1686 enim
1667 1666 1762 1701 saepe
1782 1666 1839 1699 pro
1871 1655 1918 1687 ΕΙ
1940 1655 2018 1699 poni
2043 1655 2119 1687 alibi

1938 1718 2015 1750 Alia
2044 1724 2120 1750 sunt

1165 1784 1316 1815 lemmata
1347 1783 1440 1826 quasi
1471 1783 1674 1814 indicatur-ae
1706 1782 1844 1826 (Scalig.
1868 1787 1954 1826 poet.
1985 1784 2014 1815 1.
2040 1781 2117 1824 59).

1165 1719 1211 1762 (in
1243 1719 1404 1763 palaeogr.
1432 1718 1500 1751 erit.
1531 1718 1591 1751 lv.
1613 1731 1645 1763 p.
1669 1718 1755 1761 545)
1783 1718 1886 1751 docui.

1163 1845 1201 1878 In
1221 1845 1330 1878 codice
1354 1845 1541 1876 monacensi
1564 1845 1592 1875 Ε
1614 1845 1722 1886 glossa
1744 1846 1823 1877 haec
1843 1845 1979 1887 legitur:

1269 1909 1442 1952 »Quinque
1477 1909 1615 1941 musicas
1651 1909 1879 1941 consonantias
1920 1908 2115 1953 exsequitur.

1163 1971 1280 2015 Duplis
1308 1971 1528 2012 succentibus,
1561 1971 1581 2002 i.
1604 1983 1632 2003 e.
1656 1971 1762 2016 duplis
1787 1971 1924 2013 organis.
1950 1970 2115 2015 Diapason

1164 2036 1311 2068 widelicet
1331 2036 1527 2079 symphonia.
1567 2035 1666 2079 Quod
1687 2035 1771 2066 enim
1789 2035 1821 2066 in
1844 2034 2040 2066 arithmetica
2059 2035 2114 2066 du-

1163 2098 1268 2142 plum,
1293 2098 1325 2129 in
1349 2097 1469 2130 musica
1486 2103 1618 2130 vocatur
1640 2097 1804 2148 diapason.
1841 2097 1904 2128 Est
1928 2097 2024 2141 dupla
2041 2108 2112 2140 pro-

1163 2160 1278 2204 portio,
1300 2165 1333 2190 ut
1348 2159 1524 2191 minoribus
1541 2165 1667 2191 utamur
1683 2159 1841 2199 numeriS,
1865 2159 1928 2191 duo
1946 2158 1986 2190 ad
2007 2170 2111 2190 unum.

1162 2223 1327 2267 Diapason
1347 2234 1423 2255 vero
1446 2229 1494 2254 est
1511 2223 1710 2267 symphonia,
1733 2223 1861 2267 quando
1882 2235 1945 2255 vox
1967 2223 2111 2254 voculam

1163 2285 1259 2329 dupla
1291 2285 1342 2316 sui
1368 2286 1544 2329 quantitate
1573 2291 1719 2330 superat,
1757 2286 1823 2318 sive
1855 2285 1888 2316 in
1924 2284 2108 2316 extensione

1162 2347 1330 2387 acuminis,
1359 2347 1424 2380 sive
1448 2348 1481 2379 in
1505 2348 1693 2379 remissione
1714 2346 1905 2390 gravitatis«
1925 2365 1972 2371 ——
1998 2345 2041 2375 Et
2068 2343 2108 2374 ad

1160 2420 1246 2441 voce.
1256 2423 1263 2440 ι
1274 2422 1311 2442 ac
1324 2411 1542 2457 sesquialteris
1556 2416 1615 2442 etc.
1625 2424 1633 2440 :
1649 2409 1879 2453 ›1Sexq11alte1·a
1895 2405 2058 2453 proportio
2073 2405 2106 2437 in

1161 2474 1355 2506 arithmetica
1376 2473 1524 2519 diapente
1548 2471 1681 2507 vocatur
1702 2473 1734 2505 in
1754 2472 1880 2504 musica.
1913 2470 2107 2514 Sexqualtcr

1160 2542 1263 2569 autem
1278 2547 1429 2568 numerus
1451 2542 1510 2577 est,
1534 2537 1662 2581 quando
1677 2535 1779 2576 major
1792 2543 1940 2566 numerus
1953 2531 2107 2564 minorem

1649 2598 1672 2627 (3
1687 2593 1710 2618 ²1<
