2310 2860
671 56 871 99 Martiani
911 56 1109 113 Capellae
1147 56 1218 98 lib.
1243 57 1318 100 VI.
1359 58 1390 109 ᾗ.
1426 58 1525 99 589.

1991 62 2080 103 495

123 162 288 224 cupitor
327 165 514 218 audiret3
555 165 635 207 hoc
675 165 801 221 igitur
840 179 1038 221 promere
1069 164 1314 206 Geometria
1353 165 1545 221 primum
1575 164 1772 219 jubetur,
1816 181 1863 208 ae
1897 167 2076 210 demum

123 259 259 291 cetera
284 248 564 290 adstruendae
599 256 820 303 praecepta
854 247 950 287 artis
982 246 1159 301 aperire.
1192 246 1308 286 Tum
1335 246 1425 287 illa:
1454 248 1658 288 Formam
1684 249 1806 290 totius
1832 258 1969 291 terrae
1994 265 2077 291 non
2107 245 2196 286 590

122 331 315 386 planam,
360 339 406 370 ut
448 330 687 380 aestimant,
732 329 926 384 positioni
974 328 1050 382 qui
1091 341 1186 367 eam
1230 327 1332 368 disci
1375 327 1604 370 dill'usioris
1643 331 1893 383 assimilant,
1938 347 2081 386 neque

122 426 374 463 concavam,
420 421 466 453 ut
497 412 588 462 alii,
630 411 704 467 qui
742 410 997 452 descendere
1035 409 1221 450 imbrem
1258 409 1406 451 dixere
1446 411 1605 452 telluris
1645 413 1686 453 in
1718 414 1953 468 gremium,
2007 415 2082 457 sed

121 492 374 544 rotundam,
422 492 640 548 globosam
681 492 828 542 etiam,
876 491 984 532 sicut
1020 491 1232 533 secundus
1264 491 1555 532 Dicaearchus
1596 505 1819 535 asseverat.

121 581 238 613 ortus
276 573 504 627 obitusque
546 572 737 613 siderum
778 586 864 612 non
904 571 1099 613 diversus
1133 586 1211 627 pro
1246 580 1383 612 terrae
1423 573 1600 613 elatione
1640 574 1707 614 vel
1741 575 2082 617 inclinationibus

121 654 375 706 haberetur,
417 655 449 696 si
482 670 558 710 per
589 655 715 711 plana
745 653 909 695 diffusis
941 653 1186 694 mundanae
1218 654 1521 694 constitutionis
1552 656 1752 710 operibus
1790 672 1875 697 uno
1908 657 2083 698 eodem-

122 750 208 790 que
238 745 430 791 tempore
460 751 592 791 supra
622 745 753 776 terras
788 744 828 776 ct
859 749 1047 789 aequora
1081 734 1320 785 nituisscnt,
1369 743 1440 774 aut
1475 734 1574 774 item
1611 735 1644 775 si
1685 736 1837 776 emersi
1868 737 1973 777 Solis
2006 751 2082 777 cx-

121 827 238 859 ortus
278 818 473 860 concavis
510 817 795 859 subductioris
835 826 972 858 terrae
1013 816 1184 857 latebris
1224 816 1463 858 abderetur.

122 900 293 940 assertio
334 914 456 954 mage
493 899 757 955 despicabilis
793 898 1042 954 opinationis
1077 913 1218 939 cassae
1261 899 1417 940 vilitate
1458 907 1676 949 tenuatur,
1727 898 1845 939 illam
1878 898 2080 954 priorem,

121 980 190 1020 eui
222 980 346 1021 etiam
384 980 586 1035 physicus
616 981 893 1035 Anaxagoras
926 981 1114 1030 accessit,
1151 990 1334 1035 praestat
1364 980 1552 1034 exigere,
1588 980 1788 1034 quamvis
1819 995 1904 1021 non
1943 981 2082 1022 nullas

122 1060 320 1101 credatur
361 1060 580 1101 adstruere
618 1060 821 1112 rationes,
868 1062 1028 1115 quippe
1068 1059 1166 1100 dicit
1197 1061 1367 1115 planam
1408 1070 1565 1101 terram
1603 1071 1701 1102 ortu
1732 1076 1940 1102 occasuve
1976 1061 2083 1103 Solis

121 1149 194 1182 aut
224 1141 374 1181 Lunae
405 1139 629 1195 perspicue
665 1139 958 1194 comprobari,
1001 1140 1077 1194 qui
1109 1155 1211 1181 mox
1249 1150 1296 1181 ut
1327 1141 1454 1196 primi
1483 1141 1657 1181 luminis
1693 1141 1835 1196 fulgor
1867 1142 2088 1183 emerserit

192 1246 361 1293 positioni]
389 1247 505 1280 Codex
533 1248 738 1279 Monacensis
759 1249 966 1291 posilinnem,
991 1248 1080 1291 quod

120 1317 225 1342 tamen
250 1315 337 1342 recte
365 1310 537 1341 constituta
563 1309 820 1352 interpunctione
840 1321 906 1340 non
930 1320 1078 1341 necessa-

120 1372 202 1404 rium
232 1377 291 1403 est.
332 1371 383 1402 Dc
423 1371 490 1413 ipsa
524 1370 728 1412 quaestione,
765 1382 860 1413 quam
893 1371 943 1402 hic
979 1371 1080 1412 tangit

121 1436 314 1475 Martianus,
346 1434 560 1466 eruditissime
591 1434 732 1477 disputat
756 1433 897 1465 Ukerius
921 1433 1078 1477 (Geogra-

121 1501 195 1546 pliie
221 1501 279 1532 der
303 1499 465 1532 Grieclien
493 1498 559 1529 und
583 1498 705 1530 Romer
734 1498 773 1530 P.
795 1498 827 1538 Ι,
856 1498 894 1530 Τ.
914 1497 953 1539 2,
979 1510 1011 1543 p.
1032 1499 1078 1531 14

122 1564 239 1609 sequ.)‚
271 1575 366 1606 quem
391 1563 475 1594 vide.

194 1624 372 1672 yreminm]
401 1627 448 1658 lta
472 1625 643 1658 Lucretius
669 1625 722 1669 (l,
745 1624 847 1668 251)=

177 1692 363 1723 »Postremo
388 1696 524 1734 pereunt
547 1690 680 1728 imbres,
705 1690 761 1720 ubi
777 1700 830 1720 eos
847 1694 942 1732 paler
954 1689 1079 1722 Aether

170 1756 212 1787 Ῑη
235 1755 389 1797 gremium
412 1756 524 1786 vitati-is
552 1755 668 1785 Tem-ai·
682 1755 946 1797 p1·aecipitavit«3

123 1825 154 1852 et
180 1819 336 1861 Virgilius
362 1819 484 1863 (georg.
502 1819 542 1858 2,
565 1817 670 1862 525)=

179 1896 191 1910 »ι
203 1882 284 1912 Tum
299 1886 392 1923 pater
409 1882 606 1923 omnipotens
623 1879 773 1922 fecundis
790 1879 942 1909 imbribus
955 1878 1078 1910 Aether

172 1942 328 1986 Conjuyz's
353 1943 387 1973 in
408 1940 562 1982 gremium
585 1941 688 1972 laetae
710 1940 948 1970 descenditu—
967 1957 1015 1962 —-

122 2002 191 2036 Sed
212 2003 357 2036 Graecos
380 2002 488 2046 potius
512 2013 597 2033 nune
622 2000 800 2033 Martianus
823 2000 979 2041 signifieat
1001 2005 1077 2044 1)οὸ-

123 2072 189 2108 tas,
216 2065 313 2109 inque
338 2063 447 2108 primis
484 2068 518 2094 ut
545 2062 670 2094 videtur
696 2062 898 2106 Euripidem,
925 2062 981 2105 qui
1003 2062 1079 2093 talia

123 2129 222 2161 multa
254 2141 272 2161 e
307 2128 571 2172 philosophorum
602 2126 727 2170 placitis
763 2126 947 2169 arripuerat.
992 2125 1078 2157 Vide

125 2193 252 2224 omnino
273 2203 431 2223 summum
446 2190 675 2223 Vallacnarium
693 2190 739 2234 (in
763 2189 895 2221 diatribe
915 2189 948 2220 in
963 2188 1076 2234 Eurip.

124 2257 235 2298 fragm.
258 2268 290 2298 p.
308 2256 355 2287 48
380 2254 492 2299 sequ.).

197 2319 436 2364 Dicaearchus]
469 2320 651 2353 Messenius
680 2332 698 2352 e
729 2319 856 2360 Sicilia,
890 2318 1078 2351 Aristotelis

127 2383 318 2427 discipulus,
357 2394 450 2425 quem
486 2382 697 2425 geographiae
734 2394 862 2425 operam
899 2382 1027 2414 dedisse
1061 2392 1078 2413 c

126 2446 228 2480 Suida
251 2446 385 2489 aliisque
409 2445 505 2485 vulgo
532 2451 642 2476 notum
667 2451 726 2478 est.
763 2446 948 2479 Secundum
976 2452 1082 2477 tamen

127 2523 184 2544 cur
208 2516 317 2542 noster
335 2508 490 2553 appellet,
518 2508 568 2540 vix
587 2515 732 2553 apparet,
758 2509 819 2541 nisi
836 2511 897 2542 hoc
920 2509 980 2541 sibi
1002 2508 1081 2550 vult,

1128 1254 1200 1292 post
1224 1249 1340 1287 alium,
1365 1248 1576 1281 Aristotelem
1603 1250 1755 1291 fortasse,
1784 1251 1863 1283 haec
1890 1250 1929 1282 ab
1954 1250 2010 1282 illo
2036 1261 2085 1282 as-

1131 1316 1274 1342 severata
1302 1322 1384 1342 esse.

1205 1372 1374 1417 concavis]
1413 1373 1525 1404 Fallor
1557 1385 1597 1404 an
1625 1374 1844 1407 Democritum
1877 1376 1996 1416 innuit,
2032 1378 2088 1421 qui

1129 1434 1304 1466 Plutarcho
1330 1440 1413 1465 teste
1438 1434 1491 1477 (de
1514 1434 1595 1477 plac.
1613 1436 1729 1477 philos.
1745 1438 1785 1475 5,
1815 1438 1873 1479 10)
1897 1443 2010 1469 terram
2031 1439 2087 1471 do-

1129 1498 1195 1530 cuit
1216 1510 1287 1530 esse
1307 1497 1497 1543 δισκοειδῆ
1521 1495 1591 1542 μὲν
1616 1498 1670 1545 τῴ
1698 1495 1852 1541 πλάτει,
1882 1501 2020 1546 κοίλην
2044 1499 2087 1536 δὲ

1129 1559 1174 1596 τὸ
1196 1561 1337 1606 με’σονὶ)

1203 1625 1332 1671 cassae]
1370 1624 1427 1657 Sic
1457 1625 1571 1668 scripsi
1596 1636 1654 1668 pro
1684 1638 1775 1658 cassa
1796 1639 1813 1658 e
1840 1629 1949 1661 codice
1973 1629 2086 1661 Darm·

1129 1689 1293 1730 stattensi,
1325 1701 1424 1732 quum
1455 1690 1564 1720 vilitas
1594 1688 1752 1730 ejusmodi
1778 1690 1918 1734 epitheto
1946 1705 2012 1725 non
2040 1694 2086 1725 in-

1129 1754 1251 1796 digeat3
1289 1755 1448 1796 opinionis
1479 1758 1584 1783 autem
1618 1764 1675 1796 pro
1712 1756 1905 1797 opinationis
1931 1768 1948 1788 e
1978 1757 2087 1789 codic-e

1128 1817 1316 1850 Monaecnsi
1337 1816 1395 1860 (A)
1416 1816 1558 1860 recipere
1583 1816 1682 1849 nolui.

1203 1878 1436 1924 Anaxa-qeins]
1464 1880 1552 1912 Idem
1575 1881 1741 1911 confirmat
1757 1887 1789 1912 et
1806 1881 1971 1924 Diogenes
1990 1884 2087 1915 Lacr-

1129 1943 1193 1974 tius
1220 1944 1273 1986 (2,
1299 1942 1345 1985 8).
1371 1942 1471 1973 Plura
1489 1942 1651 1983 congessit
1669 1941 1910 1975 Schaubacliius
1928 1945 2088 1989 (Anaxag.

1128 2006 1240 2048 fragm.
1257 2019 1289 2050 p.
1308 2005 1407 2049 174),
1435 2006 1583 2047 neglecto
1608 2012 1714 2039 tamen
1738 2012 1850 2038 nostro
1876 2008 1965 2049 loeo,
1992 2022 2086 2053 quem

1131 2068 1236 2108 solus,
1263 2073 1417 2111 quantum
1440 2067 1553 2108 sciam,
1582 2067 1723 2100 Ukertns
1750 2068 1884 2113 (Geogr.
1915 2071 1944 2102 d.
1971 2071 2029 2105 Gr.
2056 2084 2085 2103 u.

1128 2131 1169 2161 R.
1194 2130 1227 2170 Ι,
1251 2130 1290 2170 2,
1318 2142 1348 2173 p.
1367 2129 1428 2172 25)
1453 2129 1631 2161 accuratius
1653 2130 1834 2162 illustraxit.

1203 2204 1269 2224 non
1293 2191 1419 2237 nullas]
1454 2191 1510 2224 Sic
1534 2192 1647 2236 scripsi
1678 2205 1696 2225 e
1723 2193 1887 2225 codicibus
1913 2193 2084 2228 Gratiano.

1128 2255 1398 2294 Darinstattensi,
1435 2260 1467 2286 et
1497 2255 1747 2286 Monacensilms
1776 2255 1838 2299 (A.
1863 2254 1909 2297 C)
1933 2267 1992 2298 pro
2019 2268 2084 2286 non

1129 2317 1233 2356 ullas,
1263 2317 1350 2360 quod
1380 2316 1413 2347 in
1434 2316 1527 2347 editis
1546 2322 1630 2357 erat,
1656 2316 1748 2361 quasi
1765 2317 1890 2354 nullas,
1919 2327 2015 2358 quum
2039 2322 2083 2347 ta-

1130 2393 1203 2412 men
1232 2380 1338 2412 statim
1363 2380 1505 2411 rationes
1536 2382 1659 2420 afferat,
1690 2392 1770 2424 quas
1796 2378 2006 2420 Anaxagoras
2029 2380 2082 2410 azl-

1133 2441 1288 2474 struxisse
1311 2442 1467 2474 videatur.
1491 2441 1585 2474 Alias
1604 2442 1675 2474 vide
1698 2441 1781 2488 apud
1803 2440 2011 2473 Aristotelem
2029 2442 2082 2485 (de

1132 2506 1223 2539 coelo
1241 2506 1281 2547 2,
1305 2505 1373 2550 15).

1878 497 2080 551 Namque
2109 493 2190 536 591

1524 817 1607 858 Sed
1642 818 1845 872 quoniam
1879 819 2083 874 posterior
2111 815 2201 858 592
