2310 2860
802 195 1007 239 Martiani
1045 192 1246 252 Capellae
1282 192 1353 237 lib.
1370 192 1403 236 1.
1438 196 1470 246 §.
1500 193 1568 236 16.

2091 198 2146 239 51

188 314 317 363 atque
344 305 513 348 alternis
537 304 868 361 inspectionibus
895 302 1106 356 enudare,
1136 315 1250 359 quae
1273 299 1442 342 diversa
1466 300 1604 356 specie
1630 300 1900 356 metallisque
1939 301 2147 342 formatae

183 395 313 428 crant.
345 386 460 428 Nam
490 400 577 427 una
602 401 655 427 ex
686 385 825 438 ferro,
857 394 1070 441 quantum
1097 383 1245 437 conjici
1268 381 1424 437 potuit,
1454 380 1648 421 duriore:
1683 381 1763 422 alia
1787 395 1838 422 ex
1872 381 2030 436 argenti
2060 381 2149 422 sul-

181 466 368 522 gentiore
397 466 593 507 materie:
620 467 739 507 tertia
768 465 934 506 liventis
958 461 1128 519 plumbi
1156 459 1271 502 fusili
1300 460 1458 501 robore
1490 459 1736 502 videbatur:
1758 470 1797 503 at
1827 476 1930 503 vero
1972 461 2146 516 propior

183 546 263 588 deo
295 546 549 602 perlucentis
583 546 678 588 vitri
709 545 796 587 salo
834 544 1068 586 renidebat.

1129 541 1328 597 Singulae
1373 551 1518 583 autem
1555 556 1705 583 rerum
1736 542 1950 598 quaedam
1981 542 2144 583 semina

183 625 480 682 elementaque
510 625 739 683 gestabant.
779 626 894 668 Nam
925 624 1104 669 flamma
1132 622 1399 679 flagrantior,
1431 632 1471 664 et
1502 623 1554 664 ab
1585 623 1684 678 ipsis
1715 624 1982 665 cecaumenis
2008 639 2140 664 exan-

182 756 281 784 urna,
314 757 364 777 em
391 757 507 777 nomen
535 744 678 777 Vulcani
696 748 831 783 vertex,
857 753 898 776 ex
927 755 990 788 qua
1014 743 1140 775 flamma

182 808 367 851 flagrantior
392 808 539 851 anhelat,
579 812 732 840 aestatem
762 806 915 840 eontinet.
962 806 1139 850 Argentea,

183 884 264 915 quae
289 872 404 904 dieitur
432 874 518 904 risus
536 873 651 913 Jovis,
688 871 772 905 coeli
797 870 950 916 temperie
977 871 1139 909 renidens

183 939 389 966 auetumnum
413 934 664 979 comprehendit.
688 934 862 974 Plumbea,
888 933 1027 968 Saturni
1048 934 1141 965 exitii

182 997 310 1029 nomine
334 997 503 1039 insignita,
545 1004 577 1030 et
604 998 700 1043 plena
729 998 872 1030 undosae
904 997 1016 1029 hiemis
1044 1003 1139 1040 atque

181 1057 278 1101 algidi
313 1059 457 1101 frigoris,
499 1060 602 1104 ipsam
643 1059 786 1091 eontinet
833 1059 979 1091 hiemem.
1027 1058 1140 1091 Vitrea

181 1121 321 1165 denique
353 1128 386 1153 et
417 1122 485 1154 salo
516 1122 735 1166 resplendenti
764 1122 894 1163 similis,
931 1133 1013 1166 qnae
1040 1121 1139 1153 totius

180 1184 263 1217 aeris
292 1185 466 1217 seminibus
494 1187 630 1226 referta,
672 1187 789 1230 quibus
818 1187 962 1218 Junonis
989 1186 1140 1217 uberibus

182 1260 300 1282 nomen
324 1249 477 1289 inditum,
505 1261 561 1280 ver
585 1249 817 1292 complectitur.

256 1309 363 1356 erant]
391 1310 556 1342 Omissum
579 1312 640 1344 boc
660 1310 744 1354 apud
758 1310 909 1342 Grotium
929 1321 946 1342 e
960 1308 1140 1341 Dresdensi

183 1372 293 1406 codiee.
322 1374 476 1417 supplevi.

255 1433 389 1479 plumbi]
417 1435 444 1465 E
473 1433 611 1465 metallis
635 1435 699 1465 hoe
730 1433 873 1466 Saturno
903 1433 1050 1477 planetae
1075 1444 1140 1465 nno

185 1509 239 1529 ore
263 1509 374 1529 omnes
400 1497 544 1528 tribuunt
570 1497 654 1540 (Pal.
678 1508 721 1528 er.
736 1496 797 1528 ΙΠ.
826 1495 853 1540 §.
872 1497 956 1527 282.
985 1495 1084 1539 292).

258 1558 382 1606 robore]
408 1560 448 1592 In
471 1559 636 1592 vossiano
658 1559 768 1591 codiee
792 1559 894 1602 prima
916 1571 1029 1589 manns
1055 1559 1142 1589 dedit

181 1622 268 1666 fului
292 1625 428 1666 robore,-
454 1623 532 1668 quid
552 1623 634 1654 illud
663 1623 776 1655 robore
799 1621 861 1652 sibi
890 1621 967 1652 velit
987 1633 1052 1652 non
1071 1632 1140 1664 per-

184 1686 302 1731 spicio,
341 1698 446 1731 neque
474 1685 640 1730 perspexit
663 1683 842 1723 Heinsius,
871 1682 926 1726 qui
950 1682 990 1714 ad
1013 1682 1140 1714 Grono-

183 1749 269 1781 vium
294 1749 387 1793 epist.
409 1748 482 1780 572
511 1746 594 1790 Syll.
610 1747 722 1778 Burm.
747 1746 784 1777 T.
804 1745 863 1777 Iss.
887 1758 919 1789 p.
937 1745 1012 1777 460
1037 1756 1142 1776 emen-

185 1813 280 1845 dabat
300 1814 413 1846 rodere
437 1811 489 1843 vel
509 1811 597 1844 rodo.
627 1810 667 1842 Id
693 1810 721 1841 si
743 1809 884 1854 placeat,
915 1808 1007 1853 fuluo
1030 1814 1143 1853 posset

185 1874 258 1917 legi.
279 1874 404 1907 Anvrz.
437 1873 539 1919 (mise.
560 1885 590 1917 p.
608 1871 696 1916 201)
717 1890 765 1895 —
801 1871 900 1902 Haud
929 1871 1044 1915 placet.
1091 1870 1142 1901 De

185 1949 264 1970 urna
289 1939 374 1971 enim
399 1949 503 1970 sermo
527 1943 595 1976 est,
622 1948 704 1979 quae
736 1934 882 1966 »liventis
908 1934 1031 1978 plumbi
1055 1935 1143 1966 fusili

186 2001 309 2032 robori«
338 2000 449 2031 similis
467 1998 644 2030 videbatur.
671 1998 810 2029 Plumho
828 1995 990 2029 Saturnus
1014 1996 1143 2041 planeta

187 2068 219 2094 et
244 2062 346 2093 hiems
374 2061 576 2093 denotantur.
621 2059 732 2103 Atque
760 2059 903 2091 fusilium
923 2071 1072 2091 vasorum
1092 2071 1142 2091 ae-

187 2136 320 2156 neorum
344 2130 455 2155 noster
476 2123 558 2155 infra
581 2121 623 2167 (ἓ.
646 2121 732 2166 860)
755 2122 907 2154 meminit.
947 2120 1062 2153 Robur
1089 2122 1142 2153 ad-

187 2188 268 2221 didit
280 2200 402 2221 memor
417 2187 546 2219 Horatii
561 2187 731 2219 verborum
749 2188 864 2219 »robur
878 2191 910 2218 et
927 2197 981 2218 aes
1000 2186 1135 2230 triplex«

187 2263 246 2295 pro
278 2252 393 2284 »robur
417 2252 540 2290 aeris«,·
576 2261 658 2293 quae
684 2261 760 2281 sane
784 2249 993 2294 praeferenda
1017 2254 1065 2280 est
1095 2247 1142 2280 in-

188 2314 374 2359 terpretatio
406 2313 469 2354 illi,
500 2324 563 2357 qua
586 2313 685 2344 robur
702 2323 761 2356 pro
786 2313 900 2343 arbore
923 2311 1006 2343 eirea
1030 2315 1142 2356 peetus

190 2378 332 2422 accipere
356 2376 479 2409 volunt.

264 2440 333 2472 salo
347 2436 526 2484 renidebat]
546 2437 633 2470 Infra
655 2448 785 2469 ”urnam
807 2436 866 2468 sali
882 2435 1134 2480 resplendentis«

192 2501 279 2532 dixit.
317 2500 390 2533 MS.
415 2506 522 2532 tamen
543 2500 595 2533 hic
618 2499 717 2532 habet
743 2500 847 2531 salore
871 2500 1020 2539 uidebat,
1047 2504 1079 2529 et
1107 2498 1141 2530 in

192 2563 273 2595 libro
301 2562 410 2595 Germ.
425 2564 594 2594 vernantis
612 2563 742 2594 aethrae
763 2563 868 2593 salore
888 2546 1068 2600 renidebat,
1087 2572 1146 2605 pro

194 2626 317 2663 colore,
340 2629 376 2655 ut
396 2623 437 2655 sit
471 2623 590 2656 »salor«
617 2624 790 2668 splend0r3
825 2623 882 2655 sed
910 2623 1010 2656 satius
1035 2628 1084 2655 est
1101 2623 1146 2655 di-

1191 754 1299 775 eamus
1333 742 1501 786 utrobique
1531 753 1571 774 ex
1595 741 1736 786 syllabae
1764 742 1977 784 geminatione
1999 748 2146 774 erratum.

1191 807 1296 838 (ino-r.
1315 824 1362 828 —
1381 804 1509 848 Quodsi
1533 804 1628 836 altius
1653 804 1877 848 inquisiveris,
1907 817 1964 838 eur
1989 805 2073 837 hane
2096 816 2146 836 ur-

1190 882 1262 902 nam
1289 869 1332 900 ita
1359 868 1592 911 designaverit,
1627 868 1750 900 videbis
1773 869 1877 900 satore
1897 874 1930 900 et
1957 869 2025 901 salo
2050 879 2147 907 mare,

1190 933 1278 977 qnod
1303 932 1402 964 viride
1428 939 1495 973 est,
1525 932 1662 974 intelligi
1688 931 1730 976 (ξ.
1754 933 1824 964 581
1850 931 1950 975 noh),
1973 933 2057 963 unde
2077 931 2146 975 ipse

1189 996 1366 1028 Martianus
1389 995 1429 1040 (ἓ.
1447 996 1533 1039 645)
1559 996 1660 1028 dietas
1685 1008 1756 1027 esse
1780 1001 1887 1027 narrat
1907 996 2032 1026 insulas
2056 994 2147 1037 quasi

1191 1063 1224 1091 ιἰι
1249 1061 1336 1099 salo,-
1369 1072 1441 1091 eum
1464 1065 1568 1091 autem
1588 1060 1728 1091 colorem
1750 1071 1867 1100 urnae,
1902 1071 1965 1102 qua
1988 1070 2046 1089 ver
2073 1069 2147 1089 eon-

1190 1124 1355 1162 tineretur,
1378 1123 1498 1166 optimo
1511 1123 1584 1164 jure
1608 1123 1727 1154 tribuit.
1754 1123 1893 1165 Legerat
1919 1121 2048 1165 quidem
2067 1120 2147 1152 Bar-

1190 1187 1276 1218 thius
1293 1187 1345 1229 (ad
1367 1185 1449 1217 Stat.
1466 1186 1524 1217 111.
1541 1199 1572 1230 p.
1593 1185 1676 1229 100)
1691 1187 1752 1217 hoe
1766 1186 1839 1217 loeo
1859 1186 1964 1216 salore
1980 1196 2039 1229 pro
2061 1185 2150 1223 salo,-

1191 1249 1247 1279 sed
1272 1259 1377 1291 neque
1404 1248 1437 1278 in
1460 1247 1572 1287 editis,
1602 1258 1707 1290 neque
1730 1246 1764 1278 in
1786 1246 1970 1286 codicibus,
1995 1246 2077 1276 hanc
2104 1245 2148 1277 le-

1190 1312 1330 1343 ctionem
1355 1310 1573 1354 deprehendi,
1603 1322 1708 1353 neque
1735 1309 1859 1351 vulgari
1886 1309 1999 1341 melior
2028 1313 2086 1340 est.

1265 1373 1498 1422 elementaque]
1521 1375 1608 1407 Cave
1629 1380 1766 1418 quatuor
1786 1374 1839 1405 illa
1856 1373 2015 1414 intelligas
2034 1372 2149 1413 ignem,

1191 1442 1306 1472 aerem.
1331 1450 1455 1481 aquam,
1482 1444 1512 1468 et
1540 1443 1666 1477 terram,
1702 1437 1860 1481 siquidem
1885 1438 1963 1467 haee
1987 1446 2150 1478 nunquam

1191 1509 1263 1528 eum
1288 1497 1348 1527 diis
1375 1497 1459 1536 illis,
1495 1498 1564 1528 solo
1590 1504 1726 1540 excepto
1751 1498 1922 1537 Vulcano,
1956 1495 2150 1527 conciliabis.

1191 1558 1259 1589 Sed
1281 1558 1362 1588 aeris
1385 1558 1540 1588 elementa
1567 1557 1743 1588 seeundum
1769 1558 1911 1588 diversas
1942 1561 2149 1600 tempestates

1190 1620 1223 1650 in
1250 1626 1354 1651 mente
1373 1620 1522 1651 habuisse
1546 1620 1679 1650 wide-tur.
1719 1619 1861 1650 Flamma
1889 1620 1996 1663 itaque
2017 1619 2150 1661 flagrau-

1193 1681 1307 1712 tinrem
1336 1686 1555 1724 tempestatem
1581 1680 1748 1719 Vulcano,
1782 1681 1856 1725 quia
1884 1680 1967 1722 ignis
1995 1680 2063 1724 ipse
2091 1686 2150 1720 est,

1193 1742 1322 1783 tribuit,
1366 1754 1514 1774 serenum
1542 1741 1667 1773 coelum
1694 1740 1791 1783 Jovi,
1833 1741 1908 1786 quia
1935 1753 1993 1785 pro
2025 1743 2149 1773 aethere

1196 1806 1346 1847 sumiturg,
1380 1805 1586 1850 persrigidam
1615 1811 1838 1849 tempestatem
1867 1804 2027 1847 Saturno,
2060 1806 2151 1848 quasi

1194 1869 1399 1912 frigidissimo
1423 1869 1589 1914 planetae,
1616 1869 1814 1901 fructiferum
1831 1870 1999 1902 humorem
2014 1867 2149 1910 Junoni,

1195 1932 1269 1976 quia
1291 1933 1370 1963 haee
1396 1931 1454 1963 dea
1477 1937 1531 1963 aer
1553 1936 1601 1963 est
1624 1930 1766 1962 inferior.

1269 1992 1480 2039 eeeaumenis]
1517 1993 1590 2025 MS.
1625 1995 1721 2037 »ipsis
1752 1993 1978 2025 cecamnenz's.u
2029 1991 2149 2025 Ceeau-

1989 2056 2150 2099 Quemad-

1194 2120 1323 2150 modum
1347 2118 1498 2163 Hyginus
1526 2130 1638 2150 zonam
1659 2118 1812 2149 torridam
1843 2115 2150 2162 ὃιακεκαυμένην

1193 2057 1278 2088 meni
1307 2058 1411 2088 fontes
1435 2056 1476 2100 (⁹)
1505 2057 1657 2098 ambusti,
1695 2055 1935 2101 κεκαυμένοι.

1195 2183 1347 2226 appellari
1374 2188 1518 2214 testatur.
1544 2182 1648 2215 Gnor.
1668 2201 1714 2205 --
1754 2181 1888 2214 Solinus
1918 2182 1957 2225 (e.
1977 2180 2057 2224 52):
2083 2180 2146 2212 Ae-

1195 2246 1337 2290 gyptium
1370 2245 1519 2286 limitem,
1560 2257 1623 2289 qua
1652 2245 1691 2276 ad
1716 2244 1991 2276 Diaeccaumenen
2014 2242 2140 2275 tendit.-

1944 2306 2060 2340 Straho
2093 2305 2149 2340 lib.

1193 2371 1306 2404 XVII:
1333 2370 1415 2405 τῶν
1448 2368 1489 2405 δὲ
1523 2366 1623 2417 πρὸς
1654 2368 1700 2415 τῇ
1733 2366 2010 2413 διακεκαυμένη
2045 2364 2148 2406 τινὲς

1196 2328 1243 2333 -
1274 2309 1471 2342 Graecorum
1497 2315 1547 2341 est
1578 2306 1884 2354 Διακεκαυμὲνη-

1194 2432 1258 2470 καὶ
1282 2432 1399 2469 ἄθεοι
1416 2432 1662 2478 νομίζονται,
1691 2439 1723 2465 et
1751 2433 1825 2465 alibi
1844 2432 1972 2476 passim.
1987 2450 2035 2455 —
2062 2430 2146 2463 Mar·

1194 2499 1300 2530 tianus
1321 2498 1456 2542 Capella
1481 2498 1705 2531 Cecaumenen
1728 2502 1820 2529 vocat
1845 2495 1968 2527 duobus
1992 2493 2034 2538 (Ἰ)
2058 2494 2149 2526 loeis.

1197 2559 1347 2593 Senius:
1371 2559 1600 2592 »Garamantes
1618 2558 1729 2603 populi
1754 2558 1836 2588 inter
1856 2556 1990 2599 Libyam
2007 2561 2042 2587 et
2061 2555 2148 2588 Affi-

1196 2636 1265 2658 cam
1283 2625 1376 2668 juxta
1396 2624 1646 2657 Cecaumenen.=‹
1677 2620 1734 2652 Sie
1756 2625 1886 2654 vocatur
1909 2625 1939 2652 ct
1952 2618 2075 2652 Acroni
2096 2632 2146 2654 ve·

1686 2682 1707 2713 7
1730 2679 1753 2705 *

2178 626 2229 666 *17
