2310 2860
190 123 286 168 Μ
764 113 965 157 Martiani
1005 112 1206 170 Capellae
1242 111 1319 154 lib.
1341 111 1421 154 IV.
1459 114 1492 165 §.
1514 112 1614 154 572

193 228 371 272 diversis
409 221 713 281 quantitatibus
749 230 996 278 comparata
1034 228 1170 277 potest
1208 218 1361 261 eodem
1395 228 1590 277 tempore
1629 220 1767 275 major
1799 229 1841 263 et
1868 221 2010 264 minor
2046 233 2147 264 esse.

68 307 161 349 575
191 309 414 362 Quantitas
453 320 540 347 non
577 304 726 361 recipit
757 303 898 358 majus
937 311 978 343 et
1014 302 1173 343 minus.
1251 301 1354 344 Non
1393 302 1505 343 enim
1545 302 1740 358 quinque
1784 304 1915 358 magis
1954 304 2149 359 quinque

61 986 147 1029 574

60 1138 148 1180 575

189 400 308 441 sunt,
349 402 485 444 quam
515 387 602 429 duo
632 386 741 438 duo,
786 394 859 426 aut
887 385 987 426 item
1018 383 1106 426 duo
1136 384 1269 440 magis
1302 383 1392 424 aliis
1422 381 1592 424 duobus
1623 381 1711 424 duo
1747 392 1865 434 sunt,
1905 393 1979 425 aut
2014 384 2147 440 magis

189 485 280 513 cras
310 469 398 512 duo
433 477 571 519 erunt,
607 480 741 523 quam
786 464 914 506 hodie
956 474 1067 506 sunt.
1131 465 1208 507 Est
1240 474 1385 506 autem
1429 464 1655 520 proprium
1708 464 1974 520 quantitatis,
2030 464 2149 520 quod

185 551 426 594 secundum
462 549 575 591 hanc
615 548 796 589 dicimus
842 559 921 601 par
969 554 1009 586 et
1049 545 1212 602 impar,
1275 555 1324 587 ut
1369 545 1582 602 qualitatis
1627 545 1852 602 proprium
1901 554 1982 596 est,
2032 546 2146 601 quod

185 633 425 676 secundum
465 631 578 673 hanc
613 629 797 671 dicimus
827 626 964 668 simile
1008 636 1138 683 atque
1181 625 1406 679 dissimile,
1464 626 1666 683 quamvis
1709 626 1753 668 in
1797 626 1975 669 diversis
2021 626 2150 668 rebus

185 726 422 772 utrumque
453 714 575 756 liceat
613 712 789 755 abusive
818 709 1031 766 usurpari.

884 866 1034 920 QUID
1079 865 1452 908 RELATIVUM.

348 979 595 1021 Relativum
643 986 723 1029 est,
763 975 881 1033 quod
925 974 1009 1015 hoc
1045 974 1213 1029 ipsum,
1261 974 1380 1029 quod
1417 973 1593 1024 dicitur,
1641 973 1821 1027 alicujus
1867 980 1950 1024 est,
1995 971 2065 1013 vel
2097 970 2149 1013 ad

182 1060 345 1117 aliquid
382 1061 574 1116 quolibet
611 1059 741 1101 modo
784 1056 938 1100 referri
975 1064 1133 1112 potest,
1172 1064 1220 1096 ut
1257 1054 1369 1096 filius
1403 1070 1487 1096 non
1520 1056 1609 1096 sine
1647 1065 1767 1111 patre
1797 1054 1867 1096 vel
1896 1063 2058 1105 matre,
2109 1062 2151 1093 et

183 1158 333 1186 servus
363 1158 449 1184 non
479 1143 568 1183 sine
597 1141 771 1182 domino
803 1147 938 1194 potest
966 1136 1161 1192 intelligi,
1191 1150 1335 1192 neque
1364 1137 1454 1177 sine
1487 1135 1553 1177 his
1583 1135 1644 1176 illi
1672 1136 1873 1176 vicissim.
1929 1134 2146 1175 Dicuntur

180 1232 326 1264 autem
368 1221 547 1264 relativa
585 1221 720 1261 tribus
759 1218 916 1260 modis:
963 1226 1036 1258 aut
1075 1216 1279 1271 alicujus,
1325 1226 1372 1258 ut
1410 1216 1546 1270 filius;
1593 1226 1667 1259 aut
1697 1216 1845 1266 alicui,
1885 1224 1934 1256 ut
1963 1214 2150 1267 vicinus3

181 1311 256 1345 aut
285 1302 338 1343 ad
369 1301 556 1358 aliquid,
586 1310 634 1342 ut
663 1300 869 1356 duplum,
901 1299 1108 1354 quoniam
1139 1296 1325 1352 duplum
1359 1298 1413 1339 ad
1443 1298 1607 1354 aliquid
1632 1298 1839 1354 simplum
1869 1305 1943 1338 est.
1987 1295 2146 1337 Omnia

179 1385 357 1427 relativa
384 1384 471 1434 his,
503 1382 554 1423 ad
581 1396 693 1437 quae
719 1381 989 1429 reseruntur,
1023 1378 1115 1418 vice
1145 1386 1296 1418 mutua
1323 1378 1591 1433 respondent.
1631 1379 1747 1420 Nam
1772 1375 2147 1434 quemadmodum

179 1466 290 1508 filius
322 1465 452 1522 patris
483 1464 594 1504 filius
626 1471 707 1513 est,
751 1462 808 1503 sic
839 1470 959 1517 pater
998 1459 1072 1500 filii
1106 1457 1287 1514 alicujus
1319 1468 1440 1515 pater
1471 1469 1544 1501 est.
1604 1460 1659 1501 Et
1688 1458 1946 1516 respondent
1975 1459 2053 1510 ita,
2101 1467 2151 1499 ut

180 1546 324 1602 aliqua
363 1543 515 1586 iisdem
559 1543 727 1585 casibus
765 1541 1073 1598 respondeant,
1121 1541 1266 1596 aliqua
1295 1556 1417 1582 casus
1448 1551 1625 1583 mutent.
1683 1542 1799 1583 Nam
1831 1539 1950 1596 quod
1978 1539 2033 1581 de
2060 1538 2147 1580 filio

179 1627 287 1678 dixi,
327 1626 441 1668 idem
472 1625 527 1666 de
556 1639 681 1666 servo
712 1623 853 1664 dicere
883 1636 1136 1678 possumus,
1181 1622 1385 1677 quoniam
1418 1636 1569 1663 servus
1599 1621 1761 1663 domini
1792 1635 1943 1663 servus
1972 1629 2056 1671 est,
2101 1629 2147 1661 et

179 1706 379 1748 dominus
422 1704 536 1746 servi
572 1702 786 1745 dominus.
854 1703 971 1744 Haec
1000 1702 1057 1743 ita
1088 1702 1167 1743 sibi
1198 1700 1474 1757 respondent,
1521 1709 1570 1742 ut
1609 1700 1782 1742 eosdem
1817 1715 1940 1742 casus
1969 1701 2012 1742 in
2044 1715 2147 1741 con-

181 1785 374 1826 versione
399 1783 646 1824 custodiant.
704 1783 767 1824 Ita
793 1798 969 1839 quoque
999 1782 1183 1839 duplum
1218 1781 1270 1822 ad
1301 1779 1476 1836 aliquod
1499 1781 1705 1837 simplum
1736 1780 1944 1838 duplum,
1974 1789 2016 1822 et
2041 1780 2147 1821 sim-

178 1867 303 1924 plum
346 1866 397 1907 ad
434 1865 608 1921 aliquod
639 1864 821 1920 duplum
859 1864 1065 1921 simplum
1104 1875 1185 1917 est3
1239 1867 1293 1904 ita
1334 1863 1472 1917 major
1512 1863 1678 1904 minore
1713 1863 1859 1919 aliquo
1890 1863 2030 1917 major
2062 1870 2145 1913 est,

181 1959 221 1991 et
256 1949 397 1990 minor
435 1948 599 2002 majore
639 1947 783 2003 aliquo
823 1947 964 1988 minor
1004 1956 1076 1988 est.
1149 1944 1427 1987 Manifestum
1473 1952 1534 1984 est
1573 1958 1672 1999 ergo
1710 1943 1787 1984 ista
1819 1958 1941 1985 casus
1970 1943 2014 1984 in
2044 1956 2146 1984 con-

179 2030 373 2072 versione
402 2043 587 2070 servare.
641 2029 697 2069 At
727 2043 830 2069 vero
861 2027 1032 2068 scientia
1063 2039 1203 2082 quum
1235 2025 1285 2067 sit
1315 2025 1494 2066 relativa
1526 2024 1724 2078 (alicujus
1749 2024 1862 2066 enim
1894 2023 1958 2065 rei
1987 2021 2142 2064 scibilis

179 2109 351 2152 scientia
374 2110 448 2161 est)
465 2109 507 2149 in
536 2108 813 2149 conversione
834 2107 883 2148 ad
907 2107 946 2148 id
973 2106 1091 2161 quod
1116 2106 1300 2148 refertur
1320 2119 1468 2146 casum
1491 2114 1641 2146 mutat.
1672 2105 1785 2146 Nam
1812 2103 1931 2159 quod
1947 2103 2142 2145 dicimus:

177 2189 347 2232 scientIa
376 2188 529 2230 scibilis
548 2188 609 2229 rei
630 2197 708 2239 est,
739 2203 825 2229 non
851 2201 1080 2245 possumus
1107 2187 1269 2229 dicere:
1287 2185 1443 2227 scibilis
1467 2199 1533 2226 res
1556 2184 1751 2226 scientiae
1773 2191 1855 2233 est,
1885 2181 1959 2224 sed
1984 2182 2139 2224 scibilis

253 2307 290 2338 in
315 2305 449 2338 diversit
466 2302 574 2350 rebus]
603 2303 759 2348 supplevi
784 2307 819 2336 in
844 2305 996 2337 omissum
1016 2305 1049 2337 in
1074 2304 1139 2338 edi·
1189 2302 1315 2336 allexit
1330 2301 1491 2344 (Parmen.
1515 2313 1548 2346 p.
1568 2301 1658 2340 1553
1683 2310 1825 2344 sg'mpos.
1843 2311 1873 2344 p.
1896 2299 1983 2340 199,
2019 2299 2143 2344 republ,

179 2369 222 2402 tin
259 2381 278 2403 e
309 2369 474 2402 codicibus
506 2367 757 2401 Monacensibus
791 2368 847 2404 (C.
873 2369 920 2413 F)
957 2375 990 2402 et
1024 2369 1138 2402 Dam-
1187 2366 1229 2407 4,
1253 2377 1286 2410 p.
1304 2363 1403 2406 458).

181 2431 339 2465 tutoenni.
1262 2425 1413 2473 duplum]
1444 2424 1533 2459 Ani
1560 2425 1640 2458 haec
1667 2436 1685 2456 e
1714 2424 1823 2458 codiee
1854 2423 2044 2457 Memmi
2070 2423 2144 2470 (17),

253 2494 391 2538 alicujus
413 2490 475 2538 eet]
500 2491 594 2524 Haec
615 2502 745 2536 qaoque
770 2503 810 2522 ex
827 2490 1004 2524 Aristotele
1021 2493 1137 2534 (ωας.
1188 2504 1262 2526 mm
1281 2491 1314 2524 in
1336 2490 1431 2524 editi-
1452 2494 1574 2523 tantum
1598 2494 1680 2522 erat:
1703 2489 1764 2521 »ita
1789 2500 1919 2534 quoque
1943 2488 2077 2535 duplu-
2100 2484 2142 2522 d

181 2558 234 2600 55),
261 2557 318 2589 ned
340 2557 428 2601 prior
444 2556 511 2598 jum
533 2555 630 2590 Plato
649 2555 813 2588 relationis
838 2555 898 2587 sim
920 2562 1066 2589 accurate
1090 2556 1137 2590 in.
1192 2553 1341 2600 simplum
1360 2558 1438 2586 est«
