2310 2860
759 144 958 188 Martiani
995 144 1193 201 Capellae
1232 145 1303 186 lib.
1327 145 1402 187 IV.
1441 147 1472 197 ᾗ.
1494 145 1594 188 528.
2058 148 2149 193 529

193 252 559 310 terrogatiunculis
583 253 833 309 occupabat,
866 262 938 294 aut
967 251 1145 294 latenter
1167 253 1209 293 in
1233 267 1302 294 cos
1326 266 1511 308 anguem
1534 268 1706 310 serpere
1723 253 1980 307 stimulabat,
2010 254 2147 298 donec

191 334 341 377 nexilis
381 334 620 390 complexio
653 335 964 376 circumventos
1001 334 1054 375 ad
1085 334 1377 391 interrogantis
1419 334 1643 375 arbitrium
1687 335 1980 390 strangularet.
2048 336 2147 393 Ipsa

194 425 339 458 autem
376 415 536 457 femina
572 415 857 456 contractioris
897 414 1122 457 videbatur
1161 416 1348 471 corporis
1380 414 1641 471 habitusque
1677 416 1816 470 furvi'3
1872 431 2028 459 verum
2066 416 2149 459 du-

192 496 377 538 malibus
409 496 521 538 hirta
551 496 645 538 setis
676 496 816 537 nescio
848 495 953 550 quid
984 496 1114 551 vulgo
1146 495 1460 551 inexplanabile
1498 483 1768 551 loquebatur.
1828 498 1943 540 Nam
1974 497 2150 540 univer-

192 578 326 620 salem
355 578 640 620 dedicativam
672 577 917 634 particulari
948 577 1210 618 abdicativae
1239 577 1485 633 obliquam,
1526 577 1622 618 licet
1664 577 1809 619 ambas
1839 593 1960 634 posse
1994 578 2150 620 vertier

194 659 428 710 asserebat,
487 659 678 702 univocis
721 658 956 715 aequivoca
1003 658 1310 711 connectendo,
1363 667 1404 701 at
1442 658 1578 701 solam
1619 674 1663 700 se
1704 658 1944 702 discernere
1992 672 2150 702 verum

194 833 323 861 secutus
343 826 384 860 de
402 826 559 872 serpentis
580 825 802 873 »spinosorum
820 826 962 859 dentium
978 826 1140 861 acumine«

193 892 346 937 loquitur.

272 949 612 997 interroyaliunculis]
640 951 767 983 Pariter
784 951 1023 995 Quinctilianus
1047 952 1095 996 (¹7,
1113 953 1150 994 5,

195 1015 259 1055 145
292 1028 323 1059 p.
338 1015 385 1046 94
403 1013 528 1057 Spald.)
551 1013 672 1045 »valere
691 1014 724 1045 in
746 1026 905 1046 sermone«
926 1014 969 1045 ait
991 1013 1150 1046 »dialceti-

192 1088 277 1116 cam,
300 1081 335 1107 ut
355 1075 563 1107 constrictum
584 1075 719 1107 vinculis
738 1075 805 1106 suis
830 1087 921 1117 cum,
947 1076 1002 1120 qui
1018 1087 1150 1119 respon-

193 1151 288 1172 surus
317 1139 376 1179 sit,
413 1139 463 1170 wel
492 1144 613 1179 tacere,
648 1138 700 1171 vel
726 1139 820 1171 etiam
845 1139 978 1171 invitum
999 1139 1033 1171 id
1064 1139 1152 1183 quod

193 1203 235 1235 sit
258 1208 369 1236 contra
397 1202 490 1234 fateri
520 1207 640 1245 cogat«
691 1201 773 1235 Item
799 1201 924 1235 Seneca
953 1203 1065 1246 (epist.
1090 1203 1150 1234 48.

193 1279 225 1310 p.
249 1267 323 1299 468
352 1264 478 1310 Lips.):
512 1264 620 1307 »Quid
638 1265 739 1297 enim«
771 1266 875 1310 inquit
908 1266 1011 1298 »aliud
1041 1265 1150 1308 agitis,

195 1342 293 1374 quum
311 1341 399 1368 eum,
431 1340 526 1372 quem
543 1330 769 1372 interroqatis,
793 1329 931 1360 scientes
950 1330 983 1360 in
1007 1330 1151 1362 fraudem

194 1392 361 1432 inducitis,
396 1403 490 1435 quam
516 1396 552 1422 ut
574 1391 709 1422 formula
735 1392 888 1423 cecidisse
911 1392 1091 1433 videatur«,
1120 1397 1153 1424 et

196 1453 257 1485 alio
284 1453 356 1484 loco
383 1452 449 1495 (cp.
479 1452 562 1495 82);
587 1457 708 1484 ”totum
740 1464 841 1494 genus
871 1453 958 1484 istud
982 1454 1151 1485 exturbau-

195 1519 270 1550 dum
286 1516 414 1557 judico,
441 1527 504 1559 quo
526 1515 742 1548 circumscribi
763 1528 814 1556 se,
843 1516 899 1559 qui
920 1519 1153 1561 intewoyatur,

194 1580 371 1619 existimat,
402 1584 434 1611 et
465 1579 505 1610 ad
536 1579 770 1611 consessionem
795 1580 970 1623 perductus
994 1580 1079 1611 aliud
1105 1591 1154 1610 re·

195 1644 342 1690 spondet,
365 1641 451 1674 aliud
468 1647 589 1686 putat.«
623 1642 739 1675 Cicero
763 1654 891 1686 quoque
912 1643 1012 1687 (acad.
1031 1644 1065 1683 4,
1093 1643 1152 1685 16)

195 1714 227 1741 ct
249 1707 377 1741 Gellius
397 1706 475 1751 (16,
497 1706 533 1750 2)
563 1706 848 1750 »captiosissimum
872 1706 905 1738 id
931 1719 1032 1748 genus
1055 1708 1154 1738 inter-

194 1773 388 1815 roqatz’onis«
420 1770 591 1814 appellant.
630 1769 724 1802 Unde
754 1770 872 1802 factum
906 1775 970 1809 est,
1004 1775 1039 1801 ut
1065 1769 1154 1815 ἐρω-

195 1832 269 1880 τᾷν
285 1838 318 1864 et
338 1830 562 1879 ὄυνερωτᾷν
579 1830 619 1863 de
641 1831 728 1863 omni
748 1831 1030 1873 argumentationis
1051 1836 1084 1862 et
1104 1842 1153 1863 ra·

197 1893 411 1926 tiocinationis
429 1904 545 1934 genere
566 1897 797 1936 usurparentur
818 1892 917 1936 (cons.
943 1892 983 1924 C.
1000 1893 1027 1924 F
1029 1904 1055 1926 r.
1070 1892 1153 1924 Her-

196 1968 346 1989 mannum
369 1955 410 1987 ad
431 1954 566 1987 Lucian.
594 1954 634 1987 de
656 1954 730 1986 hist.
757 1966 819 1987 scr.
840 1967 872 1999 p.
891 1954 986 1998 120).

271 2016 512 2063 εἰιάηφιῖανεί]
545 2016 666 2050 Iterum
699 2018 781 2051 hanc
818 2018 951 2060 figuram
985 2017 1074 2051 Saxo
1106 2018 1154 2063 (v.

197 2083 311 2128 Steph.
337 2096 368 2127 p.
396 2083 466 2114 107
497 2081 537 2112 ad
561 2080 639 2113 Sax.
663 2093 694 2126 p.
718 2080 788 2125 68)
815 2093 833 2113 a
855 2086 968 2114 nostro
991 2087 1155 2114 mutuatus

199 2144 341 2189 scripsit:
371 2143 629 2176 »cavillationum
656 2144 795 2177 nexibus
817 2144 994 2188 implicatos
1015 2143 1155 2177 fallacia·

198 2220 267 2242 rum
290 2206 414 2252 laqueis
435 2207 686 2251 strangulabat-n

271 2267 461 2316 habitusque
482 2266 592 2314 furvi]
626 2267 665 2300 ld
694 2273 745 2301 cst
777 2269 882 2314 niqrt',
913 2273 950 2301 ut
977 2265 1155 2300 obscuritas

201 2331 277 2364 artis
301 2332 506 2373 significetur.
517 2331 621 2365 Vae.

275 2392 467 2439 dznnalibus]
493 2393 532 2426 Id
559 2400 609 2426 est
631 2393 772 2439 veprinis
798 2393 908 2439 spinis.
918 2392 1080 2427 vac.-
1098 2392 1155 2426 Sic

203 2455 318 2489 Cicero
343 2455 445 2500 (acad.
467 2455 508 2495 4,
531 2455 593 2498 55)
613 2456 761 2488 »dumeta
782 2456 973 2488 stoicorum«
999 2455 1091 2496 dicit,
1121 2460 1154 2487 et

200 2518 403 2561 Augustinus
419 2518 542 2562 (eontra
558 2518 695 2551 academ.
710 2520 759 2551 22
778 2519 814 2564 f.)
833 2520 928 2552 simili
941 2520 1042 2562 figura
1058 2527 1151 2552 usus:

208 2581 311 2613 »inter
334 2579 518 2625 opinionum
540 2579 699 2613 fallacium
723 2581 851 2616 dumeta
875 2581 1077 2616 frondescit.-

1272 825 1367 875 seti's]
1392 826 1442 863 Ita
1464 825 1602 860 Ovidius
1621 827 1708 872 (met.
1728 829 1790 868 15,
1815 827 1917 871 850)=

1250 923 1298 929 -—
1315 923 1364 929 -—
1385 905 1566 949 »hirtaeque
1590 905 1702 937 decent
1726 906 1762 936 in
1785 914 1915 947 corpore
1932 907 2047 934 setae.-

1200 980 1288 1015 Inl'ra
1315 987 1425 1013 noster
1445 980 1488 1026 (ἓ.
1507 980 1609 1024 704):

1260 1058 1374 1090 „Hanc
1395 1070 1453 1102 eqo
1474 1057 1663 1090 credicierz'm
1683 1055 1784 1089 sentis
1805 1057 1986 1101 spinescere
2008 1053 2157 1087 membris

1246 1131 1363 1178 IVequc
1389 1130 1471 1162 hirta
1492 1142 1590 1163 crura
1615 1131 1758 1161 uellerea

1200 1204 1295 1237 Unde
1322 1204 1478 1236 Heinsius
1501 1203 1553 1248 (ad
1575 1203 1672 1236 Ovid.
1694 1203 1731 1236 T.
1751 1203 1785 1235 2.
1808 1216 1842 1248 p.
1855 1203 1929 1236 946
1953 1201 2079 1246 Burm.)
2096 1202 2158 1234 hoe

1202 1267 1297 1300 etiam
1317 1265 1390 1299 loeo
1414 1266 1478 1309 legi
1498 1266 1567 1299 vult
1590 1268 1702 1298 sentis.

1277 1340 1511 1387 dedicativum]
1538 1340 1723 1386 Appulcjus
1748 1340 1866 1384 (dogm.
1885 1339 2013 1372 Platon.
2038 1351 2068 1383 p.
2085 1338 2158 1369 266

1203 1402 1318 1447 oud.)=
1339 1403 1563 1435 »Dedicativae
1587 1401 1850 1446 (propositiones)
1876 1407 1967 1441 sunt,
2001 1399 2088 1443 quod
2108 1399 2159 1430 cle-

1205 1466 1313 1497 dicant
1337 1464 1456 1508 aliquid
1479 1464 1517 1495 de
1543 1463 1712 1507 quopiam,
1738 1468 1790 1494 ut:
1809 1464 1914 1493 virtus
1936 1462 2053 1493 bonum
2078 1465 2154 1492 estu

1204 1526 1415 1558 Abdicativae
1448 1525 1657 1564 contrarium,
1688 1524 1759 1555 vide
1786 1523 1867 1554 infra
1891 1521 1933 1566 (ξ.
1950 1522 2034 1554 596.
2062 1520 2160 1564 401).

1205 1589 1375 1621 Aristoteli
1393 1589 1536 1632 (interpr.
1561 1589 1593 1619 6.
1615 1593 1647 1619 et
1665 1587 1781 1630 analyt.
1797 1592 1882 1630 post.
1907 1587 1944 1627 1,
1974 1585 2011 1628 2)
2035 1584 2158 1617 dedica-

1203 1650 1268 1682 tiva
1293 1649 1409 1681 dicitur
1436 1645 1656 1696 κατάφασις
1683 1653 1716 1680 et
1743 1647 1920 1680 abdicativa
1947 1643 2158 1693 ἀπόφασις.

1276 1736 1459 1787 obliquam]
1485 1735 1526 1771 Id
1555 1742 1605 1769 cst
1628 1737 1873 1776 adversantem,
1902 1735 1954 1767 vel
1980 1735 2161 1781 obl1'quam,

1204 1803 1237 1836 id
1260 1808 1310 1836 est
1332 1815 1372 1835 ex
1389 1808 1573 1834 transverso
1596 1801 1792 1845 oppositam,
1817 1805 1853 1832 ut
1873 1799 1976 1845 liquet
1994 1810 2035 1831 cx
2054 1797 2162 1831 tabula

1204 1864 1451 1898 conversionum
1474 1863 1554 1896 infra
1575 1863 1690 1908 posita.
1708 1861 1813 1896 Gno'r.

1279 1939 1371 1987 licet]
1399 1941 1465 1973 Pro
1495 1953 1534 1973 eo
1566 1940 1747 1985 complures
1781 1938 1909 1972 codices
1937 1937 2057 1969 habent
2085 1936 2160 1975 sed3

1205 2014 1344 2047 moxque
1370 2002 1583 2035 Monacenses
1610 2002 1652 2046 (C
1674 2006 1707 2033 et
1728 2000 1785 2044 F),
1814 1997 2105 2038 Reiclienauensis,
2128 2002 2161 2029 et

1205 2064 1471 2097 Darmstattensis
1500 2077 1539 2097 ae
1569 2075 1628 2108 pro
1656 2069 1700 2097 ae.
1741 2062 1792 2095 De
1823 2061 1969 2093 univocis
1996 2066 2028 2092 et
2053 2057 2158 2103 aequi·

1205 2128 1294 2162 vocis
1316 2128 1387 2161 vide
1412 2128 1494 2160 infra
1516 2126 1558 2173 (ξ.
1574 2128 1648 2161 555
1672 2125 1785 2170 sequ).

1280 2201 1482 2248 discernere]
1522 2200 1626 2235 Stoici
1658 2200 1760 2242 enim,
1795 2205 1831 2231 ut
1862 2196 2028 2232 Ciceronis
2054 2194 2157 2228 verbis

1203 2265 1307 2309 (acad.
1332 2265 1371 2305 2,
1399 2264 1461 2308 28)
1487 2269 1573 2305 utar,
1607 2261 1805 2295 dialecticam
1830 2260 1978 2292 dicebant
1999 2259 2156 2289 inventam

1205 2338 1279 2359 esse
1301 2325 1370 2358 veri
1390 2331 1423 2357 et
1446 2325 1519 2357 falsi
1542 2324 1635 2369 quasi
1665 2322 1919 2367 disceptatricem
1941 2326 1974 2352 et
1999 2318 2157 2361 judicem5

1206 2402 1248 2423 ex
1282 2388 1452 2422 Posidonii
1486 2387 1636 2421 nimirum
1671 2386 1872 2426 definitione,
1912 2382 1967 2427 qui
1998 2380 2158 2413 statuebat

1205 2446 1450 2496 διαλεκτικὴν
1492 2445 1593 2485 εἶναι
1639 2443 1855 2492 ἐπιστήμην
1894 2440 2060 2488 ἀληθῶν
2092 2439 2158 2477 καὶ

1202 2512 1367 2556 ψευδῶν
1391 2510 1458 2548 καὶ,
1483 2509 1700 2559 οὐδετέρων
1726 2510 1842 2554 (Diog.
1864 2507 1972 2539 Laert.
1993 2507 2027 2548 7,
2052 2506 2102 2538 42
2126 2512 2158 2538 ei

1202 2579 1264 2614 (32.
1286 2577 1378 2613 Sext.
1402 2577 1495 2624 Emp.
1515 2577 1584 2611 adv.
1604 2576 1681 2609 Eth.
1700 2573 1763 2613 11,
1786 2572 1874 2614 1875
1907 2569 2023 2617 p.724
2040 2569 2156 2612 Palm).

1709 2635 1758 2669 42
