2310 2860
249 159 339 202 202

247 275 445 322 cupatam
484 278 612 316 voco;
669 263 723 305 da
763 279 883 305 nosse
927 262 1134 319 poscenti,

823 156 1022 199 Martiani
1061 154 1261 212 Capellae
1299 154 1372 196 lib.
1401 154 1454 196 II.
1492 157 1524 208 ᾗ.
1548 155 1646 198 149.

1196 261 1303 317 quid
1339 261 1445 304 haec
1483 263 1595 304 aeria
1632 262 1830 314 latitudo,
1878 272 2007 319 atque
2049 263 2200 305 atomis

247 345 510 402 perlucentes
543 345 892 386 concurrentibus
925 342 1064 398 campi
1089 342 1372 383 animantium
1403 353 1570 398 gerant,
1616 345 1776 400 quidve
1815 345 1884 386 hic
1924 345 2088 387 dicatur
2118 360 2202 387 nu-

248 425 414 465 minum
452 424 695 465 subvolare.

766 424 863 466 Non
904 424 1017 464 enim
1056 423 1109 464 de
1146 424 1387 466 humilitate
1420 427 1525 467 aeris
1556 426 1668 467 illius
1700 442 1876 482 quaero,
1908 429 1984 483 qui
2016 427 2202 469 volucri-

246 507 324 548 bus
359 515 627 562 permeatur,
675 521 807 562 quem
848 506 1027 562 Olympi
1066 505 1219 547 montis
1260 520 1467 546 cacumen
1508 506 1692 556 excedit,
1724 508 1799 562 qui
1831 508 1905 549 vix
1937 508 2084 549 decem
2118 517 2201 549 sta·-

244 588 414 630 diorum
455 587 673 629 altitudine
710 589 990 641 sublimatum
1037 587 1112 630 sed
1149 588 1257 629 elata
1297 587 1511 643 disquiro,
1558 597 1598 629 et
1625 589 1712 643 jam
1752 589 1814 630 fas
1855 590 2201 646 puto-quidquid

127 668 212 710 150
249 673 339 723 περὶ
376 672 624 720 εὐδαιμονίας
658 669 844 710 lectitans
879 668 1173 711 intellexeram
1204 669 1449 725 conspicari.
1507 669 1587 711 Hic
1617 670 1728 711 Juno
1760 669 2072 712 conscendentis
2103 685 2203 727 pre-

244 751 364 793 cibus
386 766 472 793 non
494 764 759 807 repugnans,
788 764 884 791 eam
909 764 1055 790 secum
1082 751 1126 792 in
1152 765 1268 792 arces
1292 749 1408 792 ducit
1432 751 1587 803 aerias,
1620 761 1748 807 atque
1773 751 1929 792 exhinc
1959 752 2197 794 multarum

243 893 369 926 Deinde
402 906 443 926 ne
475 892 563 926 Aera
593 893 722 937 quidem
748 892 811 936 legi
840 899 947 937 potest
970 893 1068 925 Hera.
1094 893 1198 926 Porro

240 957 349 1002 plures
371 958 449 990 deae
473 970 651 999 cognomen
667 959 788 990 Λένίαε
807 963 937 1000 gerunt,
969 963 1003 989 ut
1026 958 1086 989 Iris
1109 958 1197 1001 (Vir-

242 1019 295 1062 gil.
323 1018 407 1051 Aen.
436 1021 476 1060 9,
512 1021 614 1064 805),
653 1020 728 1064 quia
761 1020 794 1052 in
825 1027 897 1052 aere
930 1026 1000 1060 est,
1042 1021 1196 1059 Minerva,

244 1093 325 1125 quae
349 1082 476 1126 proprie
506 1088 559 1113 aer
594 1082 740 1125 superior
770 1082 920 1126 (Diodor.
944 1084 981 1123 1,
1007 1082 1081 1125 12).
1110 1082 1197 1113 »A'er

242 1149 384 1183 autem«,
408 1143 523 1176 Cicero
546 1143 598 1187 (N.
616 1144 656 1175 D.
671 1144 714 1184 2,
737 1143 804 1186 26)
828 1144 947 1187 inquit,
986 1144 1086 1176 »inter
1108 1156 1194 1176 mare

1031 1206 1100 1238 Sed
1122 1206 1193 1238 vide

241 1278 322 1311 quae
347 1267 493 1310 superius
526 1266 574 1311 (ἓ.
598 1268 656 1299 67.
682 1267 749 1310 74)
782 1280 800 1299 a
834 1279 884 1299 me
918 1274 992 1299 sunt
1016 1268 1193 1300 observata.

241 1209 273 1236 et
295 1204 420 1236 coelum
441 1205 582 1236 Junonis
608 1205 736 1237 nomine
766 1211 997 1237 conseeratur.=‹

238 1326 416 1371 Sequentia
442 1340 571 1373 quoque
597 1329 694 1360 verba
720 1329 779 1360 »ab
799 1331 883 1360 aen-is
905 1342 1004 1373 reyno
1027 1342 1191 1373 nuncupa-

238 1398 321 1424 tam«
354 1398 386 1423 ct
410 1392 505 1436 paulo
526 1398 601 1435 post
626 1392 726 1423 »aeria
752 1392 903 1424 latitudo«
934 1394 1054 1424 nullam
1079 1394 1190 1425 admit-

236 1459 307 1485 tunt
326 1453 573 1493 dubitationem,
601 1453 679 1497 quin
700 1455 834 1486 Aeriam
855 1455 1026 1496 legendum
1047 1456 1105 1496 sit,
1133 1455 1190 1488 mi-

234 1517 321 1549 nime
349 1516 469 1548 Aeram
498 1522 552 1547 aut
582 1516 713 1548 Hermu.
747 1518 897 1561 Denique
928 1519 1067 1562 optimus
1094 1520 1188 1561 liujus

233 1578 297 1610 loci
330 1578 488 1621 interpres
520 1577 737 1609 consulendus
763 1578 998 1619 Tertullianus,
1027 1581 1082 1622 qui
1104 1580 1188 1623 (adv.

232 1641 385 1673 Marcion.
408 1642 448 1681 1,
475 1639 539 1682 15)
571 1639 769 1670 »Junoneni«
810 1640 854 1670 ait
886 1641 1092 1684 »explicatam
1116 1654 1186 1674 esse

233 1710 376 1744 aeream,
402 1703 579 1735 secuudum
602 1715 715 1734 sonum
742 1703 859 1734 Graeci
882 1704 1065 1746 vocabuli«,
1094 1705 1185 1737 uimi-

231 1779 301 1798 rum
316 1763 425 1812 ’Ὶ-Ιρα.
459 1765 588 1808 Quibus
615 1764 761 1795 omnibus
791 1765 958 1809 perpensis
987 1766 1086 1797 satius
1110 1766 1186 1799 duxi

231 1828 388 1870 vulgatam
411 1827 547 1858 retinere
571 1825 752 1858 lectionem.

306 1889 384 1937 qnid
408 1887 499 1934 haec]
526 1888 565 1920 In
590 1888 851 1931 Guelferbytanis
882 1894 964 1920 teste
995 1889 1107 1921 Cortio
1139 1890 1184 1922 le-

231 1953 315 1994 gitur
338 1958 495 1996 yenerant
527 1964 586 1996 pro
612 1956 748 1996 qerant,
781 1952 838 1983 sed
870 1957 1013 1996 praestat
1045 1953 1183 1996 vulgata,

231 2014 304 2058 quia
331 2026 404 2046 mox
430 2014 524 2045 etiam
548 2014 770 2055 conjunctivus
801 2014 953 2057 sequitur.

305 2077 389 2107 aeris
411 2073 508 2119 iliius]
535 2075 685 2116 Pugnare
715 2075 798 2105 inter
823 2087 857 2106 se
883 2075 1030 2107 videntur
1058 2083 1183 2108 veteres

230 2139 263 2171 in
285 2138 531 2170 determinandis
554 2138 690 2169 aetheris
709 2144 740 2169 et
764 2138 845 2169 aeris
871 2139 1002 2180 linibus,
1029 2142 1106 2183 quin
1127 2154 1183 2185 po-

232 2207 301 2233 etae
330 2202 425 2233 etiam
451 2201 553 2232 minus
578 2207 722 2233 accurrate
746 2204 906 2234 aetherem
923 2203 1101 2247 appellant,
1129 2205 1182 2248 qui

231 2276 295 2296 non
324 2263 385 2294 nisi
407 2268 460 2294 aer
486 2268 536 2293 est
564 2263 691 2305 (virgil.
721 2275 830 2304 georg.
853 2265 889 2304 1,
915 2265 998 2297 406.
1018 2265 1123 2309 409),
1151 2272 1182 2298 et

230 2327 356 2359 Ennius
376 2325 439 2370 (ap.
450 2325 542 2358 Varr-
559 2325 597 2356 de
617 2327 654 2357 L.
667 2327 706 2358 L.
723 2327 760 2368 ll,
779 2327 840 2370 57)
857 2328 974 2360 Jovem
989 2325 1102 2375 ἀέρα,
1130 2330 1187 2374 qui

232 2393 340 2422 aether
354 2389 481 2433 proprie
498 2394 555 2420 est.
582 2387 649 2420 Sed
666 2401 774 2421 verum
792 2391 883 2422 facile
902 2392 1107 2436 perspicient,
1129 2393 1185 2436 qui

231 2452 389 2496 duplicem
421 2451 585 2493 utriusque
611 2450 825 2483 conditionem
850 2454 1070 2496 spei-tmerint.
1113 2455 1184 2486 Pri-

230 2528 316 2547 mum
334 2515 418 2547 euim
439 2514 617 2559 proximum
637 2519 739 2545 terrae
760 2519 864 2546 aerem
886 2523 1012 2559 separat
1032 2523 1144 2550 noster
1163 2531 1183 2550 a

232 2579 413 2624 superiore,
445 2577 500 2622 qui
521 2576 645 2610 Junoni
667 2576 817 2611 tribuitur
842 2577 925 2622 (Cic.
944 2577 985 2614 N.
1001 2580 1042 2613 D.
1060 2581 1101 2623 2,
1123 2582 1184 2615 26.

1248 890 1385 924 Sallust.
1407 891 1524 936 philos,
1548 893 1583 926 (3.
1605 904 1636 936 p.
1653 892 1727 924 255
1753 891 1826 924 Gal.
1846 891 1988 924 Mam-01).
2013 891 2125 924 Somn.
2147 892 2202 924 Sc.

1257 956 1295 995 1,
1321 955 1386 997 1723
1419 954 1551 988 Saturn.
1581 954 1623 995 5,
1657 955 1691 986 4.
1709 954 1820 986 Alber.
1838 955 1953 998 philos.
1986 955 2041 986 11.
2073 967 2104 999 p.
2126 954 2201 987 514

1250 1018 1410 1061 Munck.);
1446 1018 1560 1050 deinde
1585 1020 1694 1050 aether
1723 1025 1795 1050 acre
1825 1018 1971 1062 superior
1998 1018 2076 1050 «Iovi
2102 1017 2201 1059 assig-

1250 1085 1343 1111 natur
1362 1080 1443 1123 (Cic.
1465 1081 1504 1120 1,
1530 1081 1576 1112 15
1601 1086 1632 1111 et
1652 1081 1694 1120 2,
1723 1081 1781 1111 26.
1798 1080 1888 1121 Virg.
1914 1091 2020 1121 georg.
2045 1079 2086 1119 2,
2116 1080 2201 1111 525.

1247 1144 1389 1176 Mam-01».
1411 1143 1431 1174 l.
1453 1156 1480 1175 e.
1494 1143 1668 1185 Augustin.
1687 1144 1725 1174 de
1744 1143 1802 1175 civ.
1823 1143 1874 1175 dei
1893 1144 1928 1184 4,
1951 1143 2030 1186 10),
2057 1155 2199 1174 summus

1247 1219 1322 1239 vero
1344 1208 1507 1240 Minervae
1536 1208 1579 1251 (v.
1606 1213 1672 1239 not.
1697 1207 1736 1238 ad
1764 1206 1792 1251 §.
1814 1207 1886 1249 59).

1320 1279 1523 1325 volneribus]
1548 1279 1750 1322 Augustinus
1778 1280 1836 1322 (de
1863 1278 1973 1320 genesi
1994 1283 2105 1310 contra
2131 1278 2198 1310 Ma-

1244 1343 1327 1376 nich.
1352 1344 1415 1388 Op.
1441 1345 1472 1375 1.
1499 1357 1530 1388 p.
1550 1343 1652 1386 5637)=
1674 1342 1852 1387 »Olympus
1873 1354 1965 1374 mons
1991 1342 2130 1374 excessit
2155 1342 2198 1373 al-

1243 1405 1379 1437 titudine
1411 1418 1468 1437 sua
1493 1411 1594 1437 totum
1626 1405 1722 1436 istum
1754 1410 1858 1436 aerem
1887 1403 2050 1435 humidum
2075 1404 2110 1436 in
2133 1415 2198 1448 quo

1243 1479 1319 1500 aves
1343 1469 1481 1500 volant«

1316 1543 1424 1573 decem
1444 1538 1633 1583 stadim-um]
1660 1539 1709 1569 Ita
1734 1544 1766 1569 et
1792 1538 1984 1581 epigramma
2009 1537 2093 1583 apud
2118 1538 2196 1572 Plu-

1240 1605 1383 1634 tarchum
1407 1604 1455 1645 (in
1473 1603 1576 1634 Paulo
1593 1601 1709 1632 Aemil.
1732 1615 1764 1645 p.
1781 1601 1887 1643 265):

1290 1662 1427 1712 Πλήρη
1455 1664 1524 1709 μὲν
1558 1660 1699 1699 δεκάδα
1731 1663 1899 1699 σταδίων
1925 1655 2045 1708 μίαν,
2071 1662 2195 1712 αὐτὰρ

1639 1727 1697 1763 ἐπί
1721 1724 1820 1773 αὐτῇ

1337 1790 1524 1838 Πλέθρον
1538 1790 1761 1838 τετραπέδῳ
1782 1788 2011 1834 λειπόμενον
2022 1791 2191 1837 μεγέθει.

1312 1870 1342 1895 et
1365 1863 1453 1908 jum]
1488 1864 1606 1895 Melius
1643 1864 1688 1895 sic
1716 1864 1915 1895 Basileeusis
1948 1865 2067 1905 codeX,
2099 1877 2193 1910 quam

1235 1931 1268 1957 a!
1287 1927 1357 1969 jam
1382 1927 1465 1969 apud
1487 1926 1636 1957 Grotium
1664 1925 1818 1968 aliosque.

1309 1999 1397 2048 περὶ
1425 1998 1692 2046 εὐδαιμονίας]
1728 2003 1832 2044 Lege:
1862 2000 1951 2048 περὶ
1983 1999 2187 2047 δαιμόνων.

1235 2063 1339 2096 (ἷιιυτ.
1354 2084 1401 2090 ——
1426 2065 1464 2096 Id
1481 2065 1624 2097 Goezius
1648 2066 1682 2097 in
1701 2071 1824 2097 textum
1845 2066 1984 2109 recepit,
2007 2065 2084 2098 ficet
2100 2066 2190 2100 nullo

1234 2128 1267 2159 in
1287 2129 1396 2160 codice
1414 2129 1558 2170 legatur,
1589 2141 1649 2161 nce
1676 2129 1849 2173 quidquam
1877 2128 1990 2160 mutari
2021 2141 2101 2172 opus
2138 2130 2189 2162 sit.

1233 2191 1415 2233 philologia
1438 2192 1521 2224 enim
1541 2193 1575 2224 in
1598 2192 1680 2224 coeli
1702 2192 1849 2234 regiones
1872 2192 2048 2224 ascendens
2072 2199 2105 2224 et
2129 2194 2187 2226 eir-

1233 2256 1445 2299 cumspiciens
1475 2256 1690 2289 reminiscitur
1718 2268 1846 2295 eorum,
1871 2268 1952 2300 quac
1979 2268 2074 2301 saepe
2099 2256 2187 2304 περὶ

1235 2314 1493 2361 εὐδαιμονίας,
1515 2318 1554 2349 de
1570 2318 1718 2350 felicitate
1734 2318 1782 2349 vel
1799 2319 1993 2350 beatitudine
2008 2319 2072 2351 illis
2085 2320 2186 2362 regio-

1234 2379 1327 2411 nibus
1349 2380 1478 2424 propria
1498 2380 1630 2421 legerat.

1307 2466 1397 2487 arces
1425 2452 1547 2498 nib-ins]
1582 2454 1651 2485 llas
1680 2453 1803 2485 Junoui
1833 2454 1970 2486 Ovidius
2001 2456 2095 2499 (met.
2127 2456 2184 2494 13,

1234 2515 1320 2561 859)
1341 2516 1460 2548 tribuit.
1486 2516 1668 2549 Macrobius
1687 2515 1861 2559 (Saturnal.
1881 2518 1896 2549 1
1911 2540 1920 2557 ‚
1947 2516 2184 2561 15)·1unonem

1234 2581 1318 2613 ae'ra's
1336 2580 1491 2612 arbitram
1515 2591 1586 2610 esse
1610 2578 1713 2610 docet.
