2310 2860
836 181 1033 226 Martiani
1065 183 1263 239 Capellae
1294 184 1363 225 lib.
1388 185 1442 226 V.
1478 188 1509 238 ᾗ».
1534 187 1639 228 456.
2138 193 2229 235 595

272 286 378 328 Jove
422 288 612 329 maximo
649 288 930 343 disquirente,
985 291 1266 331 tumultuarie
1311 305 1421 346 quae
1465 303 1572 334 esset
1609 294 1841 349 inquirunt.
1918 297 1979 338 Ac
2016 308 2115 340 tunc
2154 301 2226 342 illa
2253 305 2310 345 ‘²15

272 378 509 422 respectans
548 383 724 424 superos
767 369 1010 419 universos,
1059 370 1273 424 aliquanto
1312 374 1566 414 commotior
1600 375 1657 415 sic
1696 378 1848 432 coepit:
1875 379 2042 421 Patrem
2081 381 2222 421 maxi-

274 460 396 487 mum
428 448 578 489 Jovem
612 459 860 504 ceterosque
890 449 1076 500 coelites,
1109 464 1216 504 quos
1247 451 1288 490 in
1322 453 1456 493 causis
1483 453 1678 508 pluribus
1710 471 1833 512 saepe
1858 473 1955 499 sum
1985 459 2225 515 deprecata,

273 536 400 582 atque
430 529 571 584 ipsum
605 541 862 572 conventum
893 546 1073 587 superae
1106 533 1375 573 consessionis
1413 542 1603 584 attestor,
1639 535 1742 576 nihil
1774 539 1906 592 magis
1937 540 2043 581 mihi
2074 541 2223 583 incon—

269 619 518 652 sentaneum
552 622 678 667 atque
708 613 905 653 indecens
938 613 1170 662 aestimari,
1202 628 1334 667 quam
1360 622 1407 653 ut
1430 627 1543 667 quae
1573 629 1741 669 semper
1771 616 1814 656 in
1844 617 1936 657 soro
1968 619 2223 675 judiciisque

271 694 602 748 quampluribus
643 696 931 736 accusaverim
976 695 1154 745 multos,
1209 694 1398 750 aliosque
1437 694 1724 749 defenderim,
1778 708 1817 738 et
1852 700 2014 740 viribus
2043 700 2222 755 gloriam

268 772 558 816 deluctationis
585 779 738 817 annixa
767 777 871 817 mihi
897 777 947 816 de
969 776 1265 817 discriminum
1293 775 1384 815 fatis
1412 776 1628 830 promeriti
1656 787 1831 818 eventus
1850 781 2075 832 praeconia
2103 795 2223 822 com-

270 856 529 908 paraverun,
562 871 674 896 nunc
699 857 814 912 apud
844 872 931 906 vos,
963 856 1119 910 superi,
1152 856 1248 910 quis
1274 856 1440 910 placere
1465 856 1790 900 immortalitatis
1813 861 1941 901 instar
1965 876 2013 902 ac
2036 863 2222 917 pretium

267 933 513 986 videbatur,
544 936 673 976 invita
704 937 938 991 compellor
967 937 1226 978 scholarium
1259 938 1512 990 juvenilium
1545 940 1729 980 monitus
1762 950 1801 980 ct
1830 942 1954 982 exilia
1979 941 2223 983 decantatae

268 1015 365 1054 artis
404 1026 629 1070 praecepta
673 1031 928 1057 memorare.
954 1030 968 1044 s
1000 1017 1153 1070 Neque
1188 1018 1298 1056 enim
1345 1016 1427 1057 hoc
1465 1018 1586 1058 nobis
1630 1019 1827 1061 adscribit
1868 1022 2032 1077 inopia,
2081 1037 2221 1076 quum

264 1095 550 1137 redundantes
589 1107 756 1138 turmae
786 1107 1011 1153 suppetant
1041 1100 1417 1152 consequentium3
1466 1114 1565 1139 nam
1607 1101 1769 1155 absque
1809 1101 1898 1153 his,
1943 1104 2018 1157 qui
2049 1112 2221 1157 pertur-

263 1174 410 1216 bantes
440 1186 610 1231 pectora
641 1191 876 1232 sensusque
901 1187 1154 1217 cunctorum
1181 1186 1507 1231 cognoscentum
1536 1193 1712 1233 quoque
1740 1180 1981 1235 perfregere
2008 1182 2222 1234 subsellia,

264 1257 390 1297 etiam
437 1257 538 1298 alios
580 1257 773 1325 habeam}
807 1260 883 1334 Qui
930 1259 1129 1299 minutias
1177 1266 1504 1314 praeceptorum
1545 1267 1584 1298 et
1632 1259 1729 1299 artis
1769 1260 1943 1301 intimae
1981 1272 2224 1304 commenta

263 1338 605 1393 perscripserint;
651 1339 760 1379 inter
798 1348 1036 1392 utrumque
1075 1352 1178 1378 vero
1225 1338 1424 1379 columen
1475 1348 1731 1380 sectatorum
1777 1341 2011 1396 praeniteat
2052 1342 2223 1383 Tullius

264 1431 407 1467 meus,
448 1417 523 1473 qui
553 1433 637 1459 non
668 1418 808 1458 solum
839 1418 881 1458 in
916 1418 1030 1469 foro,
1075 1427 1243 1468 senam,
1286 1419 1520 1473 rostrisque
1550 1419 1857 1474 grandiloquae
1888 1420 2096 1462 facultatis
2128 1437 2222 1463 ma-

264 1498 407 1551 jestate
448 1499 652 1549 tonuerit,
697 1513 852 1540 verum
894 1499 1018 1539 etiam
1051 1498 1181 1553 ipsius
1214 1499 1311 1539 artis
1342 1507 1567 1554 praecepta
1599 1508 1863 1539 commentus
1895 1499 2024 1540 libros
2062 1516 2220 1556 quam-

264 1577 408 1633 plures
438 1578 684 1619 seeulorum
708 1579 858 1620 usibus
890 1579 1155 1619 consecrarit.
1169 1592 1177 1602 ²
1227 1577 1357 1627 Quod
1389 1593 1526 1632 quum
1558 1579 1614 1619 ita
1645 1579 1715 1628 sit,
1747 1579 1947 1620 emeritae
1978 1581 2220 1635 granditatis
2245 1579 2307 1621 43

260 1655 402 1712 pudor
444 1667 484 1698 et
515 1657 714 1699 celebrati
753 1667 965 1713 quantum
1003 1666 1106 1713 puto
1143 1657 1325 1697 nominis
1368 1657 1500 1712 gloria
1542 1658 1648 1698 haec
1688 1659 2088 1702 inchoamentorum
2129 1663 2219 1717 pri-

263 1739 430 1780 mordia
459 1738 708 1780 detrectaret
738 1754 988 1789 excurrere,
1020 1738 1064 1779 ni
1092 1747 1132 1778 et
1154 1737 1236 1778 hoe
1267 1737 1320 1778 ad
1350 1737 1675 1780 immortalitatis
1708 1741 1951 1795 praemium
1983 1740 2216 1795 proficeret,

263 1820 380 1875 quod
407 1820 582 1875 jubetis,
615 1834 662 1860 ac
691 1819 847 1860 fiducia
875 1819 1146 1875 perennitatis
1179 1818 1377 1860 accendat
1407 1819 1584 1874 exsequi
1616 1819 1683 1861 vel
1717 1821 1922 1876 primores,
1952 1830 2095 1862 tamen
2114 1820 2218 1862 Jove

261 1976 455 2008 editionibus
480 1977 630 2019 rescripsi
656 1976 708 2007 »in
733 1976 943 2019 trepidatione
971 1981 1003 2007 ct
1029 1977 1211 2008 admiratio·
1335 1976 1427 2022 fatis]
1454 1979 1721 2010 Darmstattensis
1752 1980 1854 2011 codex
1872 1980 1988 2023 factis,
2018 1991 2083 2023 quo
2114 1984 2218 2011 tamen

260 2050 336 2079 nea,
363 2037 410 2068 uti
435 2037 469 2069 in
492 2038 740 2068 Darmstattensi
759 2049 887 2080 quoque
912 2042 961 2068 cst
985 2037 1104 2069 codiee.
1262 2051 1327 2070 non
1346 2041 1445 2082 magis
1470 2041 1647 2083 indigemus
1671 2055 1765 2086 quam
1786 2043 1885 2074 altera
1905 2043 2043 2075 lectione
2064 2055 2082 2074 a
2104 2042 2218 2076 Grotio

333 2112 372 2132 ae
403 2099 501 2145 tunc]
535 2101 586 2132 Ita
622 2100 797 2132 anteriores
829 2101 985 2132 editiones
1020 2100 1211 2143 codicesque
1262 2101 1295 2132 in
1319 2101 1460 2143 margine
1488 2108 1596 2134 notata
1618 2105 1800 2146 promeritis
1827 2116 1886 2147 pro
1907 2106 2083 2147 promeriti.

260 2164 525 2196 Damnst-astensis
544 2169 576 2195 et
590 2164 880 2205 Reichenauensis3
908 2165 990 2196 male
1016 2164 1150 2196 Grotius
1168 2169 1211 2195 at.
1333 2161 1490 2207 columen]
1518 2163 1574 2196 Sic
1593 2164 1706 2207 scripsi
1734 2176 1750 2195 c
1774 2165 1937 2197 codicibus
1959 2164 2216 2202 Darmsstnttcnsi,

334 2224 515 2270 deprecata]
539 2226 801 2257 Famosissimum
816 2225 896 2257 illud
911 2225 1139 2257 Demosthenis
1159 2237 1212 2256 ex·
1262 2225 1537 2266 Reiclncnauensi‚
1576 2227 1710 2270 aliisque
1745 2228 1830 2270 apud
1865 2227 2130 2271 Oudendorpium
2154 2227 2216 2269 (ad

260 2285 384 2318 ordinm
417 2287 450 2318 in
482 2287 624 2319 oratione
654 2298 712 2331 pro
743 2299 862 2319 corona
895 2292 1039 2331 spectare
1070 2287 1211 2318 videtur:
1262 2287 1385 2331 Appul.
1407 2289 1455 2329 11,
1479 2302 1509 2332 p.
1530 2289 1589 2332 74)
1606 2302 1663 2333 pro
1690 2291 1835 2329 culmen,
1857 2292 1944 2333 qnod
1964 2291 1998 2321 in
2014 2287 2120 2320 Grotii
2136 2287 2213 2319 alio-

261 2348 420 2395 πρῶτον
440 2348 509 2391 μὲν
526 2354 610 2389 τοῖς
626 2351 738 2389 θεοῖς
753 2347 923 2395 εὔχομαι
943 2348 1039 2384 π’ἇόι.
1058 2347 1122 2383 καὶ
1141 2345 1211 2383 πά·
1261 2362 1394 2395 rumque
1421 2351 1614 2384 editionibus
1636 2353 1791 2384 exstabat.

261 2413 346 2449 ὄαις
373 2422 404 2443 κ.
425 2419 457 2443 τ.
477 2410 511 2443 λ.
1336 2411 1502 2458 accendat]
1530 2414 1625 2446 Hanc
1649 2413 1819 2445 lectionem
1849 2412 2063 2455 praebuerunt
2086 2410 2213 2444 codices

333 2470 562 2516 consessionis]
587 2473 636 2504 Ita
662 2473 789 2506 codices
814 2474 1020 2507 Monacensis
1042 2474 1114 2519 (C),
1135 2474 1209 2506 Rei·
1260 2474 1544 2516 Darmstattcnsis,
1571 2475 1862 2514 Reiehenancnsis,
1888 2479 1920 2505 ct
1936 2474 2139 2506 Monacensis
2155 2476 2212 2520 (C)

261 2536 487 2576 chenauensis,
514 2541 546 2567 et
566 2536 848 2578 Darmstatteusis3
881 2538 958 2570 editi
983 2538 1210 2582 confessionis,
1260 2550 1318 2583 pro
1348 2539 1504 2571 Gratiana
1526 2541 1667 2572 accedat.
1693 2541 1864 2570 Praeterea
1889 2537 2124 2569 distinctionem
2142 2550 2207 2569 mu-

260 2597 346 2642 qnod
372 2603 489 2628 temere
517 2594 649 2627 Grotius
677 2599 710 2627 in
735 2606 811 2628 nota
834 2601 969 2641 repetiit.
1258 2602 1338 2639 tavi,
1364 2606 1483 2643 puncto
1505 2606 1580 2644 post
1603 2603 1778 2642 imperante
1804 2600 1927 2642 posito,
1955 2609 1996 2629 ne
2022 2610 2103 2643 opus
2125 2608 2209 2633 esset

1758 2660 1805 2690 50
