2310 2860
191 181 280 224 102

98 291 154 332 ssl
188 289 459 338 Nocturnus,
503 286 797 342 Janitoresque
828 295 1045 328 terrestres
1078 284 1269 326 similiter
1302 284 1506 327 advocati.

781 179 981 222 Martiani
1020 178 1220 235 Capellae
1257 178 1384 221 lib.1.
1423 182 1452 232 ᾗ.
1475 181 1546 223 60.

1567 287 1635 330 Ex
1673 288 1832 329 cunetis
1874 288 2000 344 igitur
2041 287 2146 328 coeli

196 369 436 425 regionibus
468 367 680 409 advocatis
711 368 812 420 diis,
854 368 1001 420 ceteri,
1046 381 1155 424 quos
1185 366 1351 409 Azonos
1383 375 1556 419 vocant,
1593 368 1683 423 ipso
1714 378 2011 410 commonente
2042 368 2147 422 Cyl-

194 490 368 523 Martiauus
395 489 475 520 infra
502 488 651 534 (§.1G7)
679 489 872 533 nVejovem,
901 491 1058 532 Vedium,
1088 489 1145 522 Di-

194 559 257 584 tem
286 557 317 582 et
343 551 516 582 Plutonem
548 563 646 583 unum
679 553 879 598 eundemque
908 565 999 585 esse«
1032 553 1146 592 docet,

193 614 449 659 praesidiumque
479 615 575 646 habet
600 627 665 647 non
693 616 796 648 solum
823 617 856 648 in
888 615 1101 648 monumentis
1129 627 1148 646 a

195 678 360 712 Gronovio
389 677 511 718 allatis,
543 678 600 709 scd
629 678 664 710 in
694 679 870 711 devoveudi
896 680 989 711 etiam
1013 678 1148 712 formula

195 754 212 773 a
237 741 401 773 Macrobio
420 740 504 785 (Sat.
524 743 566 782 5,
588 742 625 785 9)
650 743 791 786 prodita,
820 744 911 785 cujus
938 744 1037 788 prima
1053 743 1149 776 verba

195 811 285 837 sunt:
312 805 399 836 mis.
423 805 532 838 Pater.
557 805 702 847 vejovis.
727 808 869 840 Manes«

267 866 400 912 publici]
436 869 542 900 »Deos
566 870 729 912 publicos«
759 870 864 902 Varro
890 869 955 913 (ap.
973 868 1149 910 Angustia.

195 931 230 965 7,
260 930 321 973 17)
343 941 415 960 esse
441 930 483 960 ait
509 942 584 968 ρος,
620 931 754 973 »quibus
783 930 922 961 Romani
943 930 1038 961 aedes
1064 930 1151 961 dedi-

196 1004 326 1032 caverc,
357 1004 503 1035 quosque
522 991 667 1035 pluribus
692 991 789 1033 signis
814 997 944 1023 ornatos
962 998 1144 1024 ιιοῑω·οι·ε.υ

195 1056 338 1087 Eosdem
356 1055 580 1098 inscriptiones
601 1055 696 1087 etiam
714 1055 854 1099 produnt
868 1055 971 1087 adhue
989 1060 1152 1087 exstantes

196 1117 305 1161 (Grut.
329 1117 425 1150 inser.
449 1117 537 1155 136,
559 1117 599 1157 2,
622 1117 672 1161 5).

272 1178 475 1223 Nocturnus]
509 1179 638 1210 Dudum
668 1179 826 1211 Nocturni
860 1179 1056 1212 meminerat.
1089 1179 1153 1211 Hie

196 1242 304 1284 itaque
339 1241 410 1271 loeo
444 1252 509 1271 non
541 1252 598 1284 suo
631 1240 821 1284 quantocius
855 1240 914 1271 erit
943 1239 1153 1281 dejiciendus.

198 1304 302 1346 Lege:
333 1304 405 1335 »Ex
436 1303 547 1334 ultima
578 1304 708 1344 regione
736 1303 915 1341 For-culus,
945 1308 998 1334 aut
1022 1303 1153 1335 Forien-

197 1366 281 1398 lus.«
312 1364 398 1397 Vide
425 1363 643 1405 Augustinum
669 1364 708 1394 de
736 1363 796 1397 civ.
825 1363 877 1394 dei
901 1364 941 1397 L.
962 1364 998 1397 4.
1024 1376 1052 1397 e.
1075 1366 1097 1395 8
1122 1370 1154 1395 et

198 1427 238 1459 L.
265 1428 299 1459 G.
318 1438 343 1457 c.
372 1427 412 1459 72
439 1426 505 1456 nisi
536 1425 689 1455 „nolueris
715 1424 953 1456 »Vertumnus«
973 1431 1031 1456 aut
1055 1426 1152 1456 »Por-

198 1496 357 1522 tumnus.‹=
392 1488 477 1520 Vide
503 1488 636 1519 Festum
656 1489 715 1520 hae
738 1498 828 1522 voce.
845 1487 972 1520 Vouex.
996 1488 1058 1532 (sp.
1083 1488 1154 1523 erit.

198 1565 231 1595 p,
255 1550 329 1594 80),
350 1569 398 1574 —
442 1550 540 1582 Certe
564 1549 645 1581 illud
666 1549 726 1580 viri
749 1550 836 1582 docti
869 1552 953 1583 »nisi
977 1551 1146 1582 malueris«

199 1615 320 1647 centies
351 1613 454 1657 repeti
480 1618 598 1657 potest.
624 1613 786 1656 Equidem
809 1614 893 1645 ²21an
912 1625 970 1656 pro
996 1625 1062 1645 non
1079 1613 1154 1644 scri-

201 1675 263 1719 ptis
290 1676 407 1706 habere
432 1674 590 1715 ejusmodi
614 1674 814 1715 conjecturas
839 1674 936 1705 nullis
961 1674 1154 1716 argumentis

200 1739 309 1772 fultas.
337 1738 492 1768 Diversus
516 1737 644 1780 quidem
669 1736 854 1768 Nocturnus
877 1736 927 1770 hic
952 1749 970 1769 a
1000 1737 1156 1780 superiori

201 1800 245 1844 (3.
263 1800 325 1843 45)
351 1811 421 1830 esse
442 1799 583 1830 videtur:
602 1798 731 1842 quinam
754 1804 861 1830 autem
884 1799 925 1830 sit
953 1811 1019 1831 non
1042 1799 1156 1842 liquet.

202 1864 344 1896 Videant
372 1863 426 1894 alii
443 1875 529 1894 ·num
556 1863 665 1894 forsan
689 1862 762 1895 loeo
798 1862 845 1894 illi
872 1861 994 1907 (Ovidii
1024 1863 1064 1895 de
1097 1868 1156 1898 art.

204 1939 264 1960 am.
287 1929 326 1966 1,
352 1926 455 1969 567)=

249 1987 507 2032 »Nycteliumque
524 1994 649 2032 patrem
662 1995 882 2034 nocturnaque
900 2001 995 2023 sacra
1007 2002 1156 2034 precare«

204 2050 307 2082 lucem
336 2050 452 2082 dehere
472 2050 601 2094 possit?

280 2111 521 2159 szitoresqne]
548 2112 729 2144 Janitorem
749 2113 840 2145 aulae
862 2113 1012 2146 coelestis
1031 2113 1160 2157 quidem

206 2175 324 2206 Janum
347 2175 456 2217 (Ox-id.
475 2177 547 2209 sast.
569 2177 607 2216 1,
638 2177 676 2216 1,
710 2177 793 2221 159)
822 2176 964 2221 Orc-ique
987 2177 1161 2219 janitorem

208 2237 384 2268 Cerberum
405 2237 508 2279 (Virg.
527 2237 613 2270 Aen.
636 2238 669 2277 8,
691 2238 778 2281 296)
803 2239 967 2279 novimus,
993 2245 1161 2271 terrestres

210 2303 314 2329 autem
336 2297 410 2328 alibi
432 2299 645 2342 nequidquam
663 2300 888 2342 quaesivimus,
905 2301 942 2333 Si
963 2300 1040 2345 quid
1057 2301 1162 2341 video,

210 2363 386 2395 Martianus
410 2364 609 2406 popularium
642 2377 772 2396 suorum
803 2366 920 2410 scripta
952 2373 1026 2399 ante
1052 2366 1163 2399 oeulos

211 2426 339 2463 habuit,
366 2427 417 2458 vel
443 2427 644 2469 Tertulliani,
671 2429 725 2472 qui
750 2430 802 2473 (de
826 2430 937 2464 idolol.
958 2431 1035 2475 15)=
1066 2431 1163 2463 »Car-

212 2490 321 2521 deam«
355 2489 449 2520 docet
480 2500 516 2519 »a
543 2471 727 2521 cardfflbus
752 2492 963 2534 appellatam,
993 2492 1165 2524 Forculum

214 2563 229 2581 a
258 2552 401 2593 sin-ibus,
442 2550 656 2581 Limentinum
686 2563 703 2582 a
745 2552 891 2593 limine«,
934 2553 985 2586 vel
1017 2552 1166 2594 Arnobii,

214 2614 267 2657 qui
289 2614 323 2653 (l.
345 2615 377 2647 »1.
402 2627 432 2657 p.
449 2614 534 2655 552)
555 2615 772 2648 Romanorum
795 2616 874 2648 ridet
892 2618 1074 2661 opinionem
1099 2618 1167 2650 »Li-

1199 488 1375 520 mentinum
1407 491 1439 518 et
1467 485 1591 518 Limam
1615 487 1790 520 custodiam
1814 488 1958 520 liminum
1982 499 2092 530 gerere
2116 493 2149 520 et

1199 551 1387 582 Janitorum
1419 547 1520 579 officia
1555 548 1745 582 sustinere«
1777 548 1845 582 Sed
1877 550 2052 582 accuratius
2079 548 2148 581 Au-

1200 614 1346 656 gustinus
1370 612 1431 655 (de
1454 612 1514 647 civ.
1542 612 1593 644 dei
1618 612 1662 653 4,
1687 612 1732 656 8)
1755 612 1872 656 inquit:
1902 613 2149 658 »Unusquisque

1200 677 1310 709 domui
1337 688 1412 708 suae
1445 676 1536 720 ponit
1566 676 1748 716 ostiarium,
1784 681 1817 707 et
1847 676 1920 720 quia
1953 679 2047 709 homo
2082 682 2151 717 est,

1201 739 1331 771 omnino
1362 750 1428 770 non
1455 737 1580 772 sufficit.
1621 738 1702 769 Tres
1731 737 1827 779 igitur
1851 738 1929 769 deos
1961 744 2152 782 posuerunt,

1200 802 1373 835 Forculum
1398 801 1546 844 foribus,
1577 801 1735 833 Cardeam
1765 802 1907 841 cardini,
1939 801 2153 834 Limentinum

1203 865 1335 897 limina«
1369 862 1490 895 Confer
1508 861 1661 894 Ovidium
1683 862 1769 905 (fast.
1784 863 1819 903 6,
1841 863 1938 907 127).
1963 863 2036 895 Hos
2058 863 2154 905 igitur

1203 933 1314 959 noster
1340 938 1405 956 uno
1431 927 1632 958 terrestrium
1648 926 1836 958 Janicmwn
1860 927 1988 959 nomine
2013 938 2154 971 eompre-

1203 988 1354 1020 hendisse
1377 987 1514 1023 videtur.

1279 1049 1422 1096 Azonos]
1450 1050 1519 1093 Qui
1552 1050 1634 1082 intra
1666 1063 1783 1089 zonas,
1826 1052 1893 1084 sive
1926 1051 2064 1084 sedecim
2098 1052 2157 1083 has

1204 1114 1352 1155 regiones
1376 1126 1442 1146 non
1463 1113 1618 1147 habitant.
1637 1115 1794 1148 Vch.—-
1811 1114 1999 1147 Azonorum
2016 1114 2158 1148 meminit

1206 1177 1340 1211 Servius
1358 1177 1398 1208 ad
1422 1177 1502 1208 illud
1529 1177 1672 1218 virgilii:

1263 1243 1317 1272 nin
1344 1241 1447 1271 medio
1468 1240 1557 1283 focos
1581 1246 1612 1272 et
1637 1241 1686 1272 dfs
1713 1242 1932 1274 communibus
1961 1254 2063 1274 aras«

1211 1301 1299 1342 „Dii‚
1335 1301 1457 1344 inquit,
1493 1313 1678 1333 communes
1713 1307 1806 1341 sunt,
1838 1308 1873 1332 ut
1909 1303 2008 1345 aliqui
2038 1303 2161 1344 dieunt,

1204 1362 1310 1401 Mars,
1343 1362 1499 1401 Bellona,
1538 1362 1701 1401 Victoria,
1737 1362 1825 1404 quod
1851 1362 1883 1393 hi
1908 1363 1941 1393 in
1969 1362 2056 1394 bello
2083 1362 2159 1393 utri-

1206 1437 1267 1467 que
1297 1425 1379 1468 parti
1408 1430 1546 1467 possunt
1565 1424 1690 1464 faveret,
1725 1429 1761 1458 ut
1785 1430 1890 1456 autem
1913 1425 2034 1457 altioris
2059 1425 2160 1458 seien-

1206 1488 1267 1520 tiae
1297 1487 1478 1519 hominibus
1516 1488 1642 1531 placet,
1685 1487 1729 1518 dii
1759 1499 1944 1520 communes
1978 1495 2069 1529 sunt,
2107 1488 2161 1532 qui

1206 1549 1354 1591 c'ijvoc
1384 1551 1548 1591 dicuntur,
1581 1550 1613 1581 id
1637 1555 1703 1590 est,
1744 1550 1800 1593 qui
1838 1551 1919 1582 coeli
1956 1557 2059 1583 certas
2095 1563 2161 1583 non

1522 1611 1562 1642 In
1589 1610 1752 1643 catalectis
1775 1612 1886 1646 habes.
1904 1612 2008 1645 Gno‘r.
2028 1631 2075 1636 ---
2093 1613 2161 1645 Me-

1206 1673 1269 1706 lius
1288 1673 1438 1706 Servium
1454 1673 1628 1714 intelliges,
1655 1672 1683 1704 si
1708 1673 1805 1704 verba
1823 1673 1876 1717 (ad
1891 1673 1977 1708 Aen.
1998 1675 2056 1715 12,
2077 1674 2163 1718 118)

1205 1612 1323 1644 habeut
1348 1623 1458 1646 zonas.
1466 1626 1477 1639 u

1208 1738 1301 1771 etiam
1331 1750 1385 1778 ea,
1422 1749 1504 1782 (piae
1535 1737 1670 1770 Grotius
1702 1737 1824 1778 omisit,
1865 1737 2036 1772 addideris,
2076 1738 2162 1771 Seri-

1207 1805 1315 1844 pserat
1338 1799 1439 1831 enim:
1466 1799 1540 1842 »qui
1565 1799 1647 1830 coeli
1675 1804 1777 1830 certas
1801 1810 1867 1831 nou
1894 1800 2013 1832 habent
2032 1800 2163 1844 parteis,

1208 1862 1267 1894 sed
1300 1861 1491 1904 generaliter
1520 1873 1538 1892 a
1570 1860 1693 1892 eunetis
1726 1860 1891 1894 coluntur:
1924 1861 2042 1905 ubique
2078 1862 2165 1894 enim

1209 1937 1266 1958 eos
1293 1937 1366 1957 esse
1396 1924 1600 1956 manifestum
1629 1930 1697 1964 cst,
1729 1930 1766 1956 ut
1792 1925 1897 1958 Mater
1928 1926 2040 1968 deum,
2073 1927 2165 1968 eujus

1209 1993 1352 2033 potestas
1372 1987 1406 2018 in
1433 1986 1581 2018 omnibus
1599 1986 1690 2018 zonis
1720 1991 1800 2020 est.«
1841 1987 2010 2020 Curiosius
2034 1988 2165 2021 Psellus

1210 2053 1244 2084 in
1271 2051 1361 2084 brevi
1387 2050 1588 2094 expositione
1622 2050 1806 2092 dogmatum
1842 2051 2088 2085 chaldaicorum
2112 2049 2166 2094 (in

1212 2107 1527 2155 Gallaei'Sibyllin.
1566 2123 1651 2146 orae.
1687 2113 1823 2157 append.
1855 2125 1887 2156 p.
1920 2111 2013 2156 111)
2043 2111 2165 2156 inquit:

1219 2173 1386 2219 »ἄζωνοι
1408 2179 1482 2206 sunt
1506 2174 1568 2214 dii,
1596 2174 1652 2217 qui
1679 2185 1793 2206 zonam
1813 2185 1879 2205 non
1895 2173 2024 2214 habent,
2047 2179 2083 2206 ut
2106 2173 2165 2206 Sa-

1213 2238 1310 2283 rapis,
1333 2237 1509 2280 Dionysus,
1533 2236 1599 2267 sive
1615 2236 1784 2275 Bacchus,
1811 2234 1950 2266 Osiridis
1968 2235 2044 2267 item
2059 2233 2165 2280 σεὶρα

1214 2301 1305 2346 quasi
1336 2300 1376 2332 ad
1406 2300 1572 2342 geniorum
1605 2299 1704 2330 series
1729 2303 1860 2331 catenae
1893 2309 1981 2330 more
2011 2310 2166 2340 connexa,

1215 2372 1247 2398 et
1284 2363 1471 2409 Apollinis,
1522 2363 1724 2406 appellantur
1761 2361 1854 2394 azoni
1892 2361 1953 2402 dii,
1991 2362 2080 2406 quod
2098 2372 2166 2395 ex»

1215 2427 1322 2473 pedite
1353 2430 1511 2470 potestate
1549 2436 1607 2455 sua
1639 2423 1673 2455 in
1707 2423 1797 2455 zonis
1831 2428 1965 2455 utuntur
2001 2429 2034 2455 et
2071 2435 2166 2468 supra

1217 2490 1294 2521 deos
1326 2487 1515 2530 conspicuos
1554 2484 1703 2519 collocati
1735 2490 1827 2516 suut«
1864 2485 1947 2528 (add.
1978 2484 2167 2530 Stanleyum

1216 2552 1249 2583 in
1266 2549 1384 2584 Clerici
1407 2561 1457 2592 op.
1479 2548 1594 2592 philos.
1620 2549 1657 2588 1,
1681 2546 1716 2587 2,
1743 2548 1783 2587 73
1809 2552 1841 2578 et
1858 2546 1974 2579 Cleric.
1988 2547 2022 2579 in
2041 2546 2167 2591 indice).

1296 2611 1524 2657 commonente]
1554 2611 1687 2644 Grotius
1720 2617 1933 2645 commovente
1966 2611 2082 2652 edidit,
2111 2623 2165 2643 no-
