2310 2860
202 137 254 179 12

795 132 994 174 Martiani
1031 131 1230 187 Capellae
1267 130 1339 171 lib.
1366 130 1396 171 I.
1441 129 1530 182 §.2

199 257 426 300 creperum
456 241 598 297 sapis?
645 255 723 281 nec
752 239 886 295 liquet
916 240 1170 294 Hymenaeo
1203 237 1464 291 praelibante
1495 236 1691 294 disposita
1723 239 1890 294 nuptias
1922 238 2155 280 resultare?

198 326 241 366 Si
272 340 375 366 vero
413 331 615 376 concepta
653 321 775 376 cujus
820 320 1082 376 scaturiginis
1115 333 1223 361 vena
1267 317 1573 374 profluxerint,
1617 336 1827 376 properus
1868 331 2155 377 perscrutator

198 433 336 477 aliquem
364 444 403 463 ex
427 431 489 463 alio
514 431 656 475 ejusdem
682 431 846 475 scriptoris
867 431 941 463 loeo
965 431 1046 462 ratio
1069 435 1153 462 certe

197 483 315 539 optima
333 494 392 534 sit5
424 492 613 525 Grotiauam
634 493 722 524 illam
739 493 922 536 opinionem
942 492 1042 537 pluris
1059 503 1156 537 quam

196 569 314 597 meram
332 557 546 599 conjecturam
564 556 741 588 faciendam
767 568 839 588 esse
861 557 980 588 censui.

272 620 448 666 creperum]
483 620 664 652 Identidem
689 619 840 666 (§.11(3.
869 617 961 665 805)
988 621 1046 651 hae
1074 629 1153 651 voce

196 690 306 718 noster
335 696 413 716 usus
443 689 502 715 est.
553 683 752 726 Significatio
782 684 910 728 quidem
937 689 1013 715 nota
1039 682 1153 730 (Sym-

195 750 295 782 mach.
319 748 410 792 epist.
437 749 475 788 1,
506 745 587 793 15),
625 747 684 779 sed
704 748 849 791 inprimis
877 747 1002 781 Nouius
1035 745 1087 793 (p.
1107 747 1152 779 15

194 807 306 854 Mero.)
337 810 376 840 de
400 809 488 840 vario
519 809 607 841 vocis
625 821 686 840 usu
706 809 927 841 conserendus.
952 809 1067 840 Totius
1090 808 1154 840 loci

196 882 310 902 sensus
326 871 377 901 liic
394 882 464 901 esse
481 870 622 902 videtur:
637 871 813 903 Martianus
828 876 919 913 pater
939 871 1038 901 filium
1057 869 1153 901 corri-

196 944 275 974 gens
286 946 294 962 t
310 932 471 976 »profecto
486 932 610 975 insipis,
628 932 743 974 inquit,
769 932 823 975 qui
841 933 1015 963 excitantes
1029 944 1153 971 versus,

195 1007 277 1041 quos
299 995 455 1039 prooemii
471 995 543 1026 loeo
568 995 758 1035 declamavi,
786 995 920 1035 audisti,
948 1002 979 1027 et
994 995 1152 1027 nihilomi-

194 1070 255 1089 nus
277 1058 370 1099 fingis
394 1063 425 1089 te
447 1057 593 1099 ignorare
621 1057 819 1102 praeclarum
848 1070 946 1102 opus,
977 1058 1063 1102 quod
1088 1070 1153 1089 mo-

194 1119 281 1152 liam«

268 1180 480 1226 praelibante]
508 1180 546 1212 In
562 1193 657 1212 manu
679 1186 808 1212 exarato
828 1181 937 1213 codiee
953 1181 1070 1222 legitur
1082 1194 1153 1225 per-

194 1245 324 1277 libante.
360 1245 431 1286 Ego
458 1245 642 1275 adverbium
668 1246 886 1288 praeliliauler
919 1257 1029 1276 ansam
1053 1245 1154 1277 errori

194 1308 355 1340 dedidisse
373 1307 496 1350 opinor,
518 1308 604 1351 quod
627 1308 719 1338 linxit
734 1320 821 1339 more
838 1319 896 1339 suo
917 1307 1094 1352 pecudaliS,
1118 1314 1154 1341 ut

192 1370 310 1401 fatetur
342 1369 478 1413 ipsemet
501 1381 559 1412 per
585 1369 684 1400 risum
712 1370 854 1413 eloquii,
887 1382 995 1401 senex.
1031 1370 1152 1413 Hyme-

193 1443 273 1463 naeo
293 1431 448 1474 disposita
472 1436 547 1462 siunt
566 1430 601 1461 in
620 1431 752 1472 gratiam
771 1431 840 1472 ejus
857 1432 1034 1471 scribenda,
1059 1444 1152 1474 prue-

193 1496 330 1527 libanter
350 1506 444 1533 vero,
474 1493 561 1537 quod
581 1493 651 1534 ejus
674 1493 842 1536 imperium
865 1499 929 1524 toto
955 1505 1050 1537 opere
1069 1494 1151 1525 cele-

192 1559 288 1590 brans
302 1557 404 1603 tangit
423 1557 561 1600 ipsomet
575 1555 609 1586 iu
626 1556 768 1587 exordio.
778 1556 904 1587 ΒΑΜ-ιι.
920 1556 1001 1601 (adv.
1011 1569 1042 1599 p.
1054 1555 1151 1601 409).

191 1640 241 1648 --
268 1621 475 1652 Praelibcmte
500 1619 682 1651 Vossianus
713 1619 809 1649 etiam
843 1619 962 1658 codex,
1002 1631 1059 1661 pro
1086 1622 1170 1662 ιῙῚιο·

191 1682 344 1715 Bai-thius
355 1681 444 1712 nulla
458 1680 649 1712 necessitate
661 1681 888 1723 praelibunler.
912 1679 1035 1711 Anxrz.
1051 1680 1150 1727 (mise.

133 1755 142 1783 ,⁴
193 1743 293 1792 198).
315 1765 363 1771 —-
387 1747 523 1778 Musaeo
546 1751 678 1778 vocatur
700 1742 947 1791 γαμοότάλος
968 1742 1150 1791 ἀγγελιώ-

192 1820 276 1855 της,
307 1807 409 1839 Gonz.

268 1870 440 1916 resultare]
475 1872 666 1911 Resouare,
697 1871 870 1903 succinere.
891 1871 995 1903 Infra:
1030 1872 1149 1915 »quue

193 1934 334 1965 deditum
354 1933 472 1964 mundo
493 1932 612 1975 loquax
636 1932 785 1964 triviatim
801 1933 987 1964 dissultaret
1007 1934 1149 1964 humauni-

192 2000 286 2035 tas«;
329 1996 389 2027 hoc
418 2001 468 2025 est
500 1994 679 2025 rumoribus
714 1999 810 2038 atque
841 1995 972 2027 canticis
1000 1995 1149 2027 diss'crret.

194 2057 251 2092 Sic
274 2058 460 2101 capiendum
486 2059 547 2089 hoe
573 2058 706 2089 verbum
728 2058 819 2090 initio
838 2059 1093 2103 Cyelopaediae,
1124 2059 1151 2090 si

195 2122 256 2154 diis
275 2122 396 2165 placet,
424 2121 523 2154 Alani
550 2123 588 2153 ab
611 2121 746 2153 Iusulis:

251 2201 263 2215 ι»
276 2185 316 2217 Ut
339 2187 400 2216 sibi
411 2187 529 2229 juncta
549 2188 652 2229 muyis
672 2192 810 2217 naturae
828 2185 912 2217 dona
932 2186 1088 2218 resultent

246 2245 291 2279 Et
312 2248 476 2290 proprium
495 2247 590 2278 donet
608 2248 700 2280 (lonis
720 2249 866 2279 mixtura
881 2247 1028 2290 favorem

245 2306 344 2341 Cadit
363 2320 441 2351 opus
449 2331 460 2346 ,
496 2320 554 2350 per
582 2310 668 2359 qztosl
693 2311 780 2351 operi
804 2310 1006 2341 concluditur
1030 2311 1143 2341 onmia«

200 2370 267 2414 Qui
296 2372 431 2415 scriptor
456 2371 575 2412 ingenii
599 2383 665 2403 non
687 2372 816 2403 absurdi
840 2386 911 2405 cum
939 2373 1009 2403 aliis
1036 2386 1152 2416 aequa.

199 2432 284 2464 libus
304 2433 356 2464 vel
385 2438 546 2476 tempore,
585 2432 637 2464 vel
662 2433 787 2473 studio,
815 2434 909 2476 plane
938 2434 1154 2477 eloquentiam

203 2505 291 2525 suam
322 2494 361 2525 ad
388 2494 579 2527 Martianuin
613 2494 828 2526 conformavit.
861 2496 986 2526 Banru.
1015 2495 1151 2539 (advers.

1206 441 1320 460 sonum
1347 426 1558 459 multitudinis
1573 427 1716 461 refertur.
1737 429 1813 461 Yid.
1828 429 1965 461 Gesner.
1981 429 2021 461 ad
2042 428 2156 462 Claud.

1203 503 1234 536 p.
1257 491 1349 522 5112

1255 569 1301 577 —
1318 569 1366 576 -—
1381 569 1426 576 —-
1446 569 1491 577 ι·-
1517 552 1655 584 edissere
1678 563 1808 583 caussas

1253 616 1430 649 Laetitiae=
1445 617 1499 648 eui
1520 628 1635 660 pompa
1653 621 1723 647 toro
1749 616 1927 663 immolam
1949 615 2126 648 resultem«

1211 677 1353 710 »Domus
1374 683 1440 710 tota
1460 678 1559 709 lauris
1584 678 1707 718 obsita,
1737 676 1839 709 taedis
1866 677 1989 719 lueida,
2016 683 2157 711 constre-

1203 739 1300 784 pebat
1323 739 1576 783 Hymenaeumn(
1613 739 1714 772 Gonz.
1729 758 1779 764 —-
1804 739 1975 771 Claudiani
1994 739 2085 772 loeus
2109 744 2159 771 est

1204 803 1237 834 in
1257 803 1460 848 epithalamio
1475 804 1562 849 (50),
1585 805 1672 848 quod
1688 809 1760 835 ante
1780 804 1889 835 oeulos
1908 803 2057 835 habuisse
2074 804 2157 836 Mar-

1203 868 1324 900 tianum
1350 869 1427 900 mihi
1452 880 1581 912 quoque
1610 868 1781 900 verisimile
1803 868 1846 899 fit.
1893 867 1962 900 Sed
1979 867 2160 899 restrictum

1203 931 1289 963 illius
1314 933 1402 964 voeis
1433 945 1526 963 usum
1546 933 1730 976 neutiquam
1751 932 1870 976 probo,
1902 931 2160 975 quandoquidem

1203 995 1255 1026 vel
1271 1007 1353 1026 unus
1363 994 1545 1039 Appulejus
1561 996 1753 1029 eontrarium
1763 996 1878 1027 doecre
1890 1000 2007 1039 potest,
2028 995 2159 1027 verbum

1203 1069 1317 1101 nempe
1342 1059 1499 1090 resultare
1524 1058 1650 1102 saepius
1672 1058 1818 1102 usurpari
1842 1057 1896 1088 ubi
1921 1069 2019 1088 sonus
2040 1069 2081 1088 ne
2106 1068 2158 1088 eo-

1203 1121 1295 1162 gitari
1323 1122 1451 1164 quidem
1476 1122 1588 1165 possit.
1639 1121 1760 1153 Scribit
1791 1122 1876 1152 enim
1905 1120 2002 1164 (apol.
2031 1133 2061 1164 p.
2084 1120 2159 1152 424

1203 1181 1326 1228 Oud.):
1351 1184 1449 1214 »radii
1483 1184 1517 1215 in
1557 1184 1722 1227 speculum
1756 1183 1932 1215 incidentes
1961 1183 2160 1222 resultant«,-

1206 1245 1343 1293 (metam.
1374 1259 1404 1290 p.
1428 1245 1534 1292 215):
1567 1246 1737 1290 »paulatim
1764 1251 1848 1277 terra
1876 1246 2030 1277 resultat«
2067 1255 2160 1285 maga

1203 1310 1350 1341 nimirum
1364 1310 1490 1341 evolare
1504 1315 1648 1350 tentans,
1665 1309 1708 1354 (p.
1720 1309 1842 1353 552):»
1850 1310 1996 1350 Pegasus
2009 1308 2043 1339 in
2060 1307 2160 1340 altum

1203 1374 1348 1418 adusque
1379 1374 1503 1405 eoelum
1536 1374 1699 1405 resultatn«
1748 1373 1952 1403 Translatum
1975 1371 2095 1403 sensim
2119 1370 2160 1402 ad

1204 1436 1300 1467 alium
1324 1448 1453 1466 sensum
1481 1437 1544 1467 hoe
1569 1435 1703 1466 verbum
1728 1446 1799 1465 esse
1819 1446 1858 1465 cx
1877 1432 2158 1465 Franco-Gallico

1202 1498 1341 1529 resultet·
1359 1502 1456 1540 patet.
1503 1496 1641 1528 Glossae
1656 1495 1915 1527 Vindocinenses
1941 1494 2010 1538 (ap.
2036 1494 2158 1538 Cang.)

1203 1561 1361 1591 resultare
1394 1558 1555 1601 explicant
1586 1557 1843 1589 »similitudinem
1870 1558 2017 1589 resen-Qu
2058 1557 2158 1601 Apud

1202 1626 1347 1651 nostrum
1365 1620 1446 1650 infra
1464 1619 1506 1663 (§.
1529 1619 1588 1663 ll)
1612 1624 1717 1650 tamen
1733 1619 1830 1650 verbo
1848 1620 2005 1651 resultare
2028 1619 2157 1651 omnino

1202 1696 1353 1716 resonare
1383 1684 1569 1724 denotatur,
1604 1695 1715 1715 verum
1741 1696 1806 1714 non
1836 1689 1870 1714 ut
1896 1684 1946 1715 bie
1969 1696 2040 1715 cum
2065 1696 2156 1716 aecu-

1203 1746 1294 1777 saudi
1321 1758 1395 1778 casu
1416 1746 1582 1787 junctum,
1617 1745 1707 1787 cujus
1734 1745 1981 1777 constructionis
2011 1746 2157 1789 exempla

1201 1808 1356 1851 praebent
1385 1807 1501 1838 iterum*
1525 1805 1707 1852 Appulejus
1734 1806 1821 1850 (met.
1849 1808 1881 1839 5.
1903 1819 1933 1850 p.
1955 1807 2030 1849 ,552
2055 1807 2156 1852 Ου’(Ι.)

1201 1869 1306 1901 verbis
1328 1881 1423 1900 »saxa
1444 1873 1615 1912 cautesque
1630 1869 1763 1912 parilem
1787 1881 1902 1900 sonum
1922 1869 2155 1910 resultarent«;

1202 1939 1234 1964 et
1255 1932 1449 1975 Calpurnius
1475 1931 1559 1976 (Ecl.
1579 1932 1622 1973 4,
1651 1933 1682 1964 3.
1708 1932 1742 1963 in
1759 1933 1869 1964 Burin.
1890 1938 1975 1976 po'et.
1990 1933 2064 1965 min.
2080 1932 2106 1965 I.
2123 1944 2154 1978 p.

1202 1994 1290 2039 620)
1313 2006 1424 2025 versu:

1227 2075 1238 2089 »
1246 2059 1400 2092 Carmina
1401 2058 1473 2102 jam
1484 2057 1617 2097 dudum,
1630 2069 1696 2089 non
1707 2070 1789 2105 quae
1801 2058 1961 2090 nemorale
1968 2057 2150 2089 resultent.-

1201 2121 1310 2165 Atque
1329 2120 1375 2152 sie
1397 2120 1492 2151 etiam
1510 2120 1595 2163 apud
1612 2125 1758 2151 nostrum
1773 2121 1813 2152 ad
1833 2121 1986 2168 disposita
2004 2130 2068 2150 vox
2085 2131 2153 2152 car-

1202 2186 1289 2215 mina
1314 2181 1456 2225 suppleri
1479 2181 1583 2213 debet.

1275 2247 1482 2289 scaturiginis
1503 2243 1600 2290 vena]
1638 2244 1828 2286 Fulgentius
1857 2243 1900 2287 (p.
1926 2242 2004 2288 15),
2031 2243 2153 2276 scilieet

1201 2321 1241 2341 ne
1261 2309 1294 2339 in
1309 2308 1467 2340 Martiano
1488 2306 1697 2339 exscribendo
1718 2306 1881 2337 manifeste
1900 2305 2150 2350 deprehendere-

1204 2376 1271 2410 tur,
1304 2369 1483 2412 npoetieanr
1502 2368 1713 2412 pruriginem«
1742 2367 1914 2398 substituit.

1274 2430 1502 2477 profluxerint]
1537 2431 1587 2464 Ita
1612 2431 1703 2463 codd.
1731 2430 1943 2471 Dresdensis,
1974 2429 2151 2464 Darmstat·

1203 2497 1319 2537 tensis,
1345 2495 1619 2527 Reiehenauensis
1643 2500 1675 2526 et
1689 2493 2063 2536 Britanuieus:Vulgata
2079 2507 2149 2539 per-

204 2568 234 2601 p.
255 2555 352 2599 409).
369 2574 416 2582 -—
437 2556 607 2588 Res-utare
626 2568 728 2601 paene
755 2556 847 2590 unice
867 2556 907 2588 ad
934 2557 1100 2602 strepitum
1120 2564 1152 2590 et
1196 2561 1366 2605 fluxerint.
1390 2560 1572 2592 Verborum
1593 2558 1671 2590 ordo
1688 2558 1739 2590 hie
1758 2564 1825 2590 est:
1845 2557 1883 2591 Si
1898 2570 1973 2590 vero
1994 2570 2148 2603 properus
