2310 2860
152 151 213 193 46

149 264 271 297 motu
301 253 437 296 undas
470 250 672 295 volvebat
704 260 933 307 argenteas.

748 142 948 186 Martiani
977 140 1177 198 Capellae
1206 139 1280 182 lib.
1299 139 1332 181 I.
1370 142 1401 192 ᾗ.
1427 141 1494 181 14.

993 248 1167 291 Tertius
1197 261 1302 289 vero
1332 247 1465 288 nimio
1496 246 1719 303 rubroque
1762 249 1857 303 igne
1890 247 2111 289 rutilantes

150 336 386 391 festinaque
418 332 640 390 rapiditate
670 333 918 389 praecipites
950 331 1229 387 fragososque
1254 341 1405 369 cursus
1434 326 1588 369 anhela
1614 328 1877 384 sulphureus
1902 328 2111 369 celeritate

148 417 389 472 torquebat.
458 415 546 466 Qui
591 414 709 456 hune
745 415 1032 471 sequebatur,

1093 418 1268 454 auratus
1299 423 1347 451 ac
1377 407 1565 464 fulgidus
1597 418 1636 450 et
1665 408 1851 451 flammis
1884 423 2111 452 coruscan-

150 499 259 539 tibus
286 497 486 548 rutilam,
516 496 591 538 sed
617 496 858 539 diversitate
883 495 1119 539 fluminum
1141 492 1347 546 utrinque
1371 490 1644 545 conjunctus,
1676 490 1937 546 quibusdam
1958 490 2111 533 rivulis

149 580 423 631 intermixtis,
469 588 681 635 quantum
713 579 917 635 pensabat
946 575 1205 626 moderatio,
1245 573 1582 630 temperabatur.
1637 572 1806 615 Verum
1837 574 2011 616 interior
2042 573 2113 616 ille

150 698 269 729 tiannm
296 696 417 741 ipsum,
449 697 542 739 cujus
565 697 671 730 verbis
697 698 815 743 optima
847 698 916 740 ejus
947 697 982 728 fit
1008 696 1104 728 inter-

151 761 294 804 pretatio.
334 759 422 792 Infra
453 761 538 793 enim
565 759 607 805 (ἓ.
630 761 714 805 196)
745 760 1005 805 »temperamenti
1033 770 1106 791 esse

150 822 325 854 salubrem«
336 845 345 862 ,
363 827 395 853 et
412 821 544 854 inferius
561 822 707 854 »stellam
724 822 818 855 Jovis
839 822 1011 853 salutarem
1031 832 1104 852 esse

150 886 189 917 ad
209 885 330 917 omnia«
356 885 473 917 scribit.
498 884 606 929 (Adde
626 885 786 929 palaeogr.
808 886 877 918 crit.
899 885 957 916 111.
977 883 1005 928 ἓ.
1020 885 1105 915 241.

150 948 245 991 297).
287 947 374 990 ,Cum
396 948 479 979 lacte
515 953 620 979 autem
647 948 917 992 comparationem
939 947 1107 992 repetitam

150 1023 223 1043 mox
248 1010 289 1055 (ξ.
308 1010 367 1055 15)
394 1011 629 1055 deprehendes,
660 1011 715 1042 ubi
742 1012 838 1053 hujus
862 1012 1010 1056 planetae
1037 1022 1106 1042 cur-

151 1087 220 1106 sum
241 1075 378 1106 lacteam
398 1074 529 1106 fluvium
547 1075 702 1119 appellat,
726 1081 758 1107 et
774 1075 855 1107 infra
871 1074 912 1119 (§.
926 1074 1014 1117 209)
1031 1073 1109 1106 «Iovi

150 1136 211 1181 ipsi
239 1136 376 1168 lacteum
407 1136 595 1168 subsellium
621 1136 740 1168 tribuit.
787 1137 920 1169 Clarum
944 1136 1030 1168 enim
1056 1147 1107 1168 co—

151 1200 252 1231 lorem
275 1198 404 1242 planeta
423 1199 528 1230 habet.
556 1199 678 1232 Confer
700 1206 865 1243 praetcrea
884 1199 1043 1232 Senecam
1063 1199 1108 1243 (in

150 1260 235 1291 ond.
252 1259 359 1302 495),
385 1259 536 1304 virosque
553 1261 666 1292 doctos
690 1261 729 1292 ad
739 1260 937 1305 Appulejum
954 1260 991 1305 (Ι.
1009 1273 1039 1306 p.
1050 1261 1108 1293 62.

151 1319 315 1362 Oudcnd.)
340 1326 371 1351 et
393 1321 474 1352 infra
496 1320 537 1365 (ἕ.
560 1322 618 1365 17)
636 1327 790 1354 nostrum.

227 1384 311 1416 alius
333 1385 424 1416 lactis
447 1384 565 1430 instar]
592 1385 641 1416 Ita
667 1386 780 1418 melius
800 1387 994 1430 transposita
1012 1385 1109 1418 verba

152 1452 226 1479 sunt
249 1446 284 1479 in
298 1447 450 1488 Hugiano
477 1453 509 1478 ct
534 1448 784 1480 Darmstattensi
810 1449 928 1480 codice.

225 1509 354 1554 tertius]
381 1510 485 1541 »Tum
502 1510 628 1551 rutilus,
650 1511 876 1556 horribilisque
892 1510 997 1553 terris,
1015 1523 1110 1555 quem

151 1573 286 1604 Martem
306 1571 437 1604 dicitis«
486 1573 554 1606 Cic.
578 1585 678 1606 somn.
702 1574 790 1620 Scip.
814 1574 916 1607 Gonz.
941 1594 987 1600 —-
1033 1575 1108 1605 Pla-

151 1639 257 1666 nctam
283 1635 369 1666 hune
399 1633 598 1667 Claudianus
631 1636 722 1679 (tert.
751 1648 839 1668 cons.
868 1636 993 1667 Houor.
1022 1636 1108 1678 166)

160 1696 341 1739 »flammam
359 1702 526 1727 nocentem
544 1697 698 1728 Gradiui«
713 1698 862 1741 appellat.
885 1696 951 1729 Sed
964 1696 1110 1741 phu-ibus

154 1758 248 1790 docui
272 1758 346 1803 (pal.
369 1770 411 1791 cr.
436 1759 456 1790 l.
479 1760 517 1803 c.)
541 1760 672 1792 noxium
700 1773 771 1793 cum
797 1761 939 1792 habitum
963 1761 1108 1793 rubrum-

155 1832 216 1864 que
236 1819 266 1851 ei
287 1820 428 1852 colorem
446 1820 597 1853 tributum
617 1833 706 1862 esse,
734 1823 817 1854 unde
837 1828 868 1854 et
887 1822 969 1854 insi-a
990 1821 1031 1866 (ἓ.
1049 1822 1112 1866 82)

154 1881 249 1913 Marti
278 1881 340 1925 ipsi
368 1887 478 1914 noster
507 1883 646 1926 speciem
673 1883 777 1915 »rubri
804 1883 953 1925 juvenis«
984 1883 1110 1915 tribuit:

155 1944 239 1976 unde
266 1949 298 1976 et
321 1944 493 1977 Chaldaeis
523 1946 592 1988 ejus
617 1947 711 1978 stella
739 1955 834 1982 w'tw:
863 1948 949 1979 audit
980 1948 1018 1980 ab
1049 1950 1112 1988 ²³3&

155 2007 290 2038 rubrum
312 2018 388 2039 esse.
431 2006 587 2039 Similiter
605 2009 700 2040 Plato
727 2009 766 2040 dc
793 2021 830 2039 eo
855 2010 963 2053 (Epin.
990 2023 1018 2053 p.
1037 2010 1110 2042 987

156 2068 283 2112 Steph.)
311 2066 490 2104 »πάντων
515 2069 556 2106 δὲ
581 2068 731 2107 τούτων
758 2065 875 2111 οὗτος
902 2069 1111 2118 ἑρυθρότα-

158 2142 227 2167 τον
252 2131 337 2175 ἔχει
361 2133 531 2179 yoniam«

229 2194 341 2240 nimio]
375 2197 541 2237 Rejeetam
570 2200 652 2232 hane
681 2200 719 2231 ad
752 2200 925 2242 marginem
950 2212 967 2232 a
997 2199 1111 2232 Grotio

159 2258 330 2291 lectionem
356 2261 493 2303 praetuli
527 2262 611 2295 edito
641 2266 755 2305 minio,
792 2265 867 2308 quia
898 2265 993 2296 ruber
1025 2263 1114 2297 color

159 2319 303 2364 proxime
324 2321 475 2364 seqnitur.

237 2382 411 2431 rubroque]
448 2384 497 2416 Ita
529 2397 587 2430 pro
621 2387 777 2420 Gratiano
805 2389 966 2436 rubeoque
994 2389 1113 2420 habent

162 2447 289 2480 codices
310 2448 523 2480 Monacenscs
545 2448 597 2492 (C.
613 2449 650 2481 E.
671 2451 732 2494 G)7
752 2453 966 2493 Basileonsis,
1000 2453 1113 2484 Darni-

165 2511 345 2553 stattensis,
380 2511 602 2552 Britannicus,
638 2519 669 2544 ct
698 2514 988 2558 Cantabrigiensisg
1031 2516 1116 2549 Vos-

166 2572 274 2605 sianus
301 2574 412 2617 etiam,
447 2580 527 2608 teste
551 2574 730 2614 Arntzenio
760 2578 859 2619 (mise,
881 2592 911 2623 p.
929 2578 1035 2623 ἓξὲξ),
1063 2578 1117 2624 qni

1156 693 1233 726 licet
1249 690 1400 724 Martiani
1420 702 1498 723 aevo
1516 702 1582 722 non
1598 690 1759 733 indignam
1779 702 1852 722 csse
1870 703 1981 724 vocem
1995 692 2114 725 rubeus

1158 757 1324 796 observet,
1358 766 1417 797 ego
1448 761 1555 786 tamen
1582 755 1719 799 praetuli
1747 755 1875 786 illorum
1903 754 2047 788 codicum
2069 756 2113 788 lc-

1157 818 1316 857 etioncmg
1347 816 1421 860 quia
1442 816 1512 860 ipse
1536 816 1714 848 Martianus
1732 816 1878 860 pluribus
1896 817 1977 850 locis
1995 816 2037 862 (ᾖ.
2055 817 2114 850 82.

1158 883 1242 914 677.
1269 881 1352 912 699.
1377 879 1462 923 700)
1484 891 1562 911 voce
1589 881 1687 911 ruber
1711 880 1819 911 utitur.

1229 946 1350 990 festina
1372 943 1543 989 rapiditas]
1572 944 1598 975 Ε
1627 945 1822 977 variantibus
1843 945 1916 976 libri
1933 945 2116 977 Nol-imber-

1159 1008 1266 1050 gensis
1290 1006 1484 1039 lectionibus
1505 1007 1618 1038 melius
1639 1007 1740 1038 visum
1758 1013 1824 1047 cst,
1859 1019 1954 1052 quam
1977 1007 2117 1051 vulgaris

1159 1072 1253 1104 lectio
1274 1071 1440 1114 festinata.

1229 1129 1455 1179 fragososque]
1492 1130 1627 1163 Grotius
1652 1131 1903 1179 fivqrososque,
1936 1132 2061 1164 varians
2085 1132 2117 1163 in

1159 1196 1242 1228 libro
1256 1193 1520 1236 Norimbergensi
1542 1194 1701 1239 adscripta
1725 1195 1821 1228 lectio
1841 1196 1973 1240 propius
2001 1196 2041 1227 ad
2066 1208 2117 1227 ve-

1159 1270 1229 1290 rum
1243 1258 1478 1304 fiuqusosque,
1508 1256 1635 1288 codices
1659 1257 1860 1300 Bodlejanns
1881 1259 2014 1302 primus,
2046 1258 2117 1290 Bri-

1159 1320 1318 1360 tannicus,
1338 1318 1624 1361 Cantabrigiensis7
1648 1320 1859 1359 Basilecnsis7
1886 1320 2118 1351 Dal-mstattcn-

1162 1382 1206 1413 sis
1225 1387 1257 1413 ct
1281 1382 1494 1413 Monacenscs
1513 1382 1566 1425 (D.
1587 1381 1641 1423 G.)
1669 1381 1787 1425 optime
1806 1381 2029 1428 fi'aqososque.
2062 1381 2119 1414 Sic

1161 1445 1270 1478 Valcr.
1289 1445 1338 1475 fl.
1362 1444 1486 1486 Argon.
1505 1444 1537 1475 2.
1571 1445 1660 1476 198:

1213 1527 1260 1533 --
1285 1525 1331 1529 —-
1348 1507 1546 1552 »nimbisque
1569 1512 1600 1536 et
1619 1507 1687 1537 luce
1709 1506 1836 1547 fragosa

1211 1570 1427 1615 Prosequitur
1442 1569 1537 1611 polus
1557 1574 1588 1599 et
1610 1571 1732 1601 tonitru
1747 1575 1842 1612 paler
1858 1575 1954 1614 auget
1970 1570 2119 1602 honores.

1236 1638 1372 1664 auratus
1391 1644 1429 1664 ac
1447 1631 1607 1678 fulgidus]
1634 1632 1742 1665 Facile
1771 1634 1833 1665 hoc
1862 1633 2004 1677 epitheto
2030 1633 2120 1666 Solis

1162 1707 1275 1727 cursus
1294 1695 1485 1736 agnoscitur.
1512 1694 1599 1726 Infra
1619 1695 1714 1726 ctiam
1735 1695 1776 1740 (ἓ.
1797 1695 1856 1739 75)
1870 1696 1933 1728 Sol
1956 1697 2025 1739 ipsc
2047 1708 2119 1738 cog-

1162 1758 1344 1789 nominatur
1372 1763 1541 1789 »auratus«
1576 1763 1608 1789 et
1637 1757 1770 1789 inferius
1806 1757 1968 1803 (§.185)
1997 1758 2122 1802 »ful-qoi-

1163 1821 1278 1853 dicitnr
1308 1821 1508 1865 splendentis
1535 1820 1702 1866 Olympi«,
1735 1822 1826 1864 cujus
1854 1828 1949 1866 capnt
1973 1821 2014 1867 (§.
2035 1822 2121 1865 188)

1170 1896 1288 1915 »aurea
1302 1883 1422 1915 lumina
1438 1884 1545 1914 scrat.«
1580 1883 1729 1915 Catullus
1751 1884 1824 1928 (65,
1845 1883 1907 1928 59)
1931 1884 2012 1916 noris
2029 1886 2122 1916 aurei

1164 1945 1292 1978 Solem«
1322 1945 1470 1990 appellat.
1506 1945 1654 1977 Vidimus
1676 1951 1707 1977 ct
1728 1958 1824 1991 supra
1845 1945 1886 1991 (§.
1913 1947 1959 1979 12
1987 1946 2021 1991 s.)
2047 1958 2121 1989 cog-

1164 2020 1280 2040 nomen
1306 2009 1461 2039 auricomi
1478 2004 1764 2054 (χρυσοκόμου)
1793 2009 1823 2040 ei
1840 2009 1946 2041 tribui,
1985 2009 2014 2041 E
2035 2009 2120 2041 colo-

1163 2071 1251 2103 ribus
1278 2069 1416 2112 denique
1447 2081 1565 2100 aarum
1592 2070 1666 2101 hnic
1691 2070 1839 2113 plant-tac
1870 2083 1994 2102 sacrum
2021 2070 2120 2102 fuisse

1165 2132 1241 2165 alibi
1264 2132 1346 2175 (Pal.
1366 2131 1434 2162 crit.
1453 2131 1510 2162 ΙΠ.
1535 2129 1563 2175 §.
1583 2132 1666 2165 282.
1688 2133 1770 2164 292.
1789 2132 1876 2176 511)
1896 2132 1996 2165 dccni.

1238 2195 1426 2241 moderatio]
1453 2196 1541 2238 Lege
1570 2202 1741 2241 »quantum
1765 2195 1922 2240 pensabat
1944 2196 2120 2229 moderatio

1165 2266 1375 2305 temperata«.9
1404 2266 1458 2291 ant
1482 2265 1652 2304 »quantum
1678 2264 1812 2303 pensata
1840 2259 2015 2292 moderatio
2041 2266 2117 2292 tcm-

1165 2323 1324 2368 pcrabat.«
1348 2322 1474 2353 Vos-en.
1486 2340 1533 2344 —-
1562 2321 1716 2354 Neutram
1736 2333 1842 2352 veram
1861 2333 1932 2353 csse
1949 2322 2119 2354 lectionem

1159 2386 1227 2428 jam
1247 2396 1264 2415 c
1289 2383 1451 2415 codicibus
1473 2388 1562 2427 patet
1587 2383 1620 2414 in
1641 2382 1715 2415 libri
1735 2382 2015 2425 Norimbcrgcnsis
2038 2397 2118 2416 mar-

1165 2447 1237 2489 gine
1268 2445 1421 2485 laudatis,
1473 2445 1506 2476 in
1542 2445 1658 2488 quibus
1682 2444 1800 2486 legitur
1832 2447 2111 2490 »temperabatun«

1166 2509 1340 2542 Docnisset
1356 2509 1464 2553 potius
1480 2508 1595 2539 vellem
1617 2508 1744 2541 criticus
1764 2508 1836 2549 ille,
1868 2511 2029 2553 quomodo
2053 2516 2118 2543 tota

1167 2573 1374 2617 intelligenda
1398 2573 1438 2605 sit
1460 2572 1628 2617 periodus5
1671 2573 1827 2618 siquidem
1854 2574 1949 2607 verba
1972 2575 2017 2608 sic
2038 2576 2117 2608 acci-
