2310 2860
138 616 226 658 262

259 190 349 232 280

821 185 1018 228 Martiani
1056 182 1256 239 Capellae
1290 182 1363 224 lib.
1392 180 1468 223 ΙΙΙ.
1507 182 1540 234 ᾗ.
1559 179 1659 223 261.

375 296 420 338 X
452 293 664 351 quidquid
697 294 731 336 C
765 303 804 336 et
834 295 862 336 S
889 290 1091 335 formavit
1121 288 1324 331 exsibilat.

370 375 414 417 Y
445 375 651 432 appressis
680 375 809 417 labris
835 375 1073 431 spirituque
1103 370 1316 428 procedit)

324 456 325 460 ’
371 456 406 497 Ζ
436 471 538 498 vero
568 456 723 498 idcireo
750 456 914 513 Appius
939 455 1144 498 Claudius
1169 453 1420 506 detestatur,
1451 452 1567 509 qued
1598 451 1742 495 dentes
1776 453 1955 505 mortui,
1989 450 2092 494 dum
2129 467 2203 493 ex—

447 536 668 592 primitur,
706 537 906 579 imitatur.

657 619 904 662 Praestrieta
934 627 994 659 est
1023 617 1182 658 cursim
1212 614 1383 657 rationis
1417 614 1564 669 regula
1594 615 1755 670 prima,

772 701 895 750 Quae
925 699 1069 741 multis
1099 697 1212 739 tendi
1243 706 1363 738 sueta
1393 696 1706 747 voluminibus3

658 781 708 823 In
742 796 842 837 qua,
872 780 1081 835 juncturis
1114 778 1219 834 quid
1248 786 1386 818 nectat
1414 777 1534 818 litera
1565 776 1758 831 utrisque
1767 807 1782 826 ‚

773 862 872 911 Quo
904 861 1094 902 admittat
1121 859 1279 898 sociam
1319 857 1387 897 vel
1419 856 1543 897 saciat
1572 856 1722 905 latere,

666 943 790 993 Quae
822 956 909 996 quo
941 940 1167 981 transsiliat
1196 938 1409 980 conversis
1438 936 1602 992 legibus
1630 949 1733 986 usu,

769 1023 822 1063 Et
854 1022 1207 1063 transformatum
1243 1033 1400 1060 nomen
1431 1017 1592 1058 habere
1622 1016 1744 1066 velit3

659 1101 777 1152 Quas
808 1101 890 1142 oris
920 1102 1100 1152 sonitus,
1139 1101 1207 1142 vel
1241 1114 1347 1154 quas
1378 1097 1612 1139 modulatio
1647 1097 1815 1150 linguae

770 1182 974 1236 Gignant‚
1015 1190 1053 1222 et
1084 1181 1211 1236 pulsu
1241 1188 1367 1234 rupta
1397 1177 1551 1218 labella
1583 1191 1672 1217 suo.

658 1260 786 1300 Nune
808 1260 895 1313 jam
918 1260 1146 1316 compactis
1178 1256 1387 1299 cursanda
1418 1265 1477 1296 est
1501 1256 1665 1310 syllaba
1687 1255 1855 1303 formis,

770 1339 831 1380 Ut
863 1340 1078 1395 fastigetur
1108 1339 1233 1393 longa
1263 1335 1495 1389 brevisque
1525 1334 1628 1374 suat.

656 1419 774 1460 Haec
803 1419 890 1461 duo
920 1435 1195 1476 percurram,
1228 1419 1447 1472 juncturas
1479 1418 1597 1458 litera
1630 1419 1789 1474 quippe

772 1501 1057 1542 Praeveniens
1088 1500 1231 1541 docuit
1260 1499 1339 1540 sub
1369 1499 1529 1539 ratione
1560 1498 1666 1553 pari.

263 1601 296 1627 et
319 1594 505 1627 monacensi
524 1594 579 1637 (C)
601 1593 717 1636 legitur
734 1604 792 1638 pro
817 1605 894 1626 voce
913 1595 1086 1637 promulis,
1118 1605 1211 1636 quam

263 1657 381 1687 habent
411 1655 498 1688 editi.

339 1714 505 1760 formavit]
521 1715 635 1748 Codex
649 1712 852 1748 Monacensis
869 1714 923 1758 (C)
934 1715 1105 1758 formatur,
1126 1714 1213 1758 quod

260 1779 328 1821 jam
359 1778 493 1811 Grotius
517 1783 667 1821 tanquam
692 1777 864 1809 variantem
887 1777 1056 1809 lectionem
1082 1776 1216 1818 margini

265 1841 432 1881 alleverat3
463 1846 604 1886 praestat
622 1846 727 1873 tamen
746 1841 888 1883 vulgata,
909 1853 972 1885 qua
988 1841 1016 1874 C
1028 1846 1058 1873 et
1075 1839 1101 1873 S
1113 1839 1212 1871 nomi-

264 1905 390 1936 nativus
411 1909 468 1936 est.

344 1968 377 1998 Y
389 1969 547 2011 appi-essis
566 1964 675 2012 labris]
702 1965 836 2009 Dionys.
851 1965 1146 1998 Halicarnassensis
1161 1965 1214 2011 (de

264 2038 404 2072 compos.
423 2029 554 2060 voeabb.
578 2029 642 2068 185
668 2041 698 2071 p.
721 2028 766 2059 1‘2
789 2027 911 2071 S2'lb.)=
929 2043 940 2057 n
952 2028 990 2062 1⁷
1003 2025 1091 2073 περὶ
1114 2023 1215 2062 αὐτὰ

266 2088 314 2124 τὰ
356 2089 473 2134 χείλη
520 2090 713 2136 συστολῆς
750 2089 962 2135 γενομένης
1005 2088 1214 2135 ἀξιολόγου

266 2151 454 2197 πνίγεται,
484 2150 547 2186 καὶ
580 2150 713 2192 στενὸς
747 2152 923 2188 ἐκπίπτει
952 2150 973 2187 ὁ
1000 2146 1123 2198 ἦχος·
1160 2154 1213 2188 ἔσ-

267 2226 396 2259 χατον
421 2214 461 2250 δὲ
486 2212 645 2249 πάντων
670 2213 714 2250 τὸ
739 2215 770 2258 Ι,
805 2213 893 2262 περὶ
923 2212 1017 2255 τούς
1052 2213 1214 2255 ὀδόντας

266 2288 307 2310 ’τε
330 2273 404 2321 γὰρ
426 2288 449 2320 η
480 2272 656 2322 κρότησις
682 2275 753 2311 τοῦ
781 2274 1002 2321 πνεύματος
1029 2276 1208 2322 >vlnerum

344 2338 456 2369 dentes
480 2335 608 2381 mermi]
635 2337 695 2369 Vir
719 2349 858 2369 summus
882 2338 1045 2382 Joscphus
1070 2338 1215 2380 Scaliger

266 2400 310 2444 (p.
339 2401 408 2432 115
430 2399 470 2431 ad
492 2399 686 2441 Eusebium)
711 2401 794 2432 hune
818 2401 967 2432 Martiani
991 2402 1096 2434 locum
1119 2407 1215 2443 negat

267 2474 303 2494 se
322 2474 460 2506 unquam
481 2463 608 2506 assequi
629 2462 780 2506 potuisse.
807 2463 875 2495 Sed
896 2463 934 2503 Z,
954 2464 1048 2505 juxta
1065 2464 1215 2497 Verrium

268 2524 410 2567 aliosque
438 2524 673 2566 grammaticos,
704 2524 902 2567 componitur
923 2536 962 2556 ex
987 2526 1017 2555 D
1042 2531 1073 2557 et
1097 2525 1141 2566 S⁷
1167 2526 1213 2557 in-

269 2585 407 2628 cipitque
437 2597 454 2617 a
477 2586 566 2617 litera
589 2585 636 2623 Ι),
666 2584 711 2616 uti
734 2584 765 2616 X
794 2597 811 2616 a
835 2585 925 2617 litera
949 2586 988 2619 C.
1016 2586 1081 2619 DS
1107 2588 1213 2632 itaque

1263 1593 1501 1635 pronuntiatum
1536 1591 1677 1622 imitatur
1713 1591 1825 1623 dentes
1855 1591 1971 1624 mortui
2003 1603 2212 1637 compressos.

1263 1655 1493 1700 F.mmc.(hil›l.
1512 1656 1582 1688 Lat.
1598 1655 1657 1688 III.
1676 1657 1789 1700 pem
1810 1656 2059 1700 Ern.)—-Adde
2079 1658 2212 1690 Schnei-

1264 1717 1374 1749 derum
1389 1718 1491 1761 (elem.
1507 1717 1534 1758 Ι,
1554 1730 1585 1761 p.
1603 1718 1691 1761 580)
1710 1724 1742 1749 et
1758 1718 1946 1763 Scioppium
1957 1721 1999 1763 (p.
2008 1720 2081 1752 257
2091 1720 2213 1763 Hem).

1336 1777 1539 1824 praestricta]
1566 1779 1656 1820 Lego
1678 1782 1858 1822 perstricta.
1885 1779 1941 1812 Sic
1962 1780 2043 1813 infra
2066 1793 2124 1825 pro
2143 1794 2214 1825 per-

1265 1855 1393 1875 curram
1418 1843 1452 1874 in
1475 1842 1547 1875 MS.
1573 1848 1623 1873 est
1645 1854 1863 1886 praecurram.
1889 1832 2051 1876 Error-'ex
2072 1845 2213 1877 abbrevi-

1265 1907 1380 1938 atione.
1395 1906 1556 1938 Gnor.—
1580 1905 1776 1950 Saepissime
1800 1907 1878 1940 haec
1903 1908 2053 1940 confundi
2080 1914 2213 1941 testatur

1266 1974 1297 2000 et
1327 1967 1625 1999 Draekcnhorchius
1651 1967 1705 2011 (ad
1733 1967 1848 2000 Silium
1872 1971 1909 2009 1,
1934 1969 2039 2013 558);
2064 1971 2144 2001 nihil
2168 1976 2212 2001 ta-

1265 2043 1338 2062 men
1359 2035 1480 2060 mutare
1503 2040 1599 2060 ausus
1618 2040 1704 2069 sum,
1729 2029 1802 2072 quia
1821 2031 1906 2062 haud
1927 2031 1993 2063 scio
2014 2042 2053 2062 an
2078 2031 2116 2062 ab
2135 2031 2213 2075 ipsis

1267 2094 1396 2126 serioris
1426 2093 1538 2124 aetatis
1569 2093 1752 2125 auctoribus
1780 2105 1846 2125 non
1875 2093 1978 2125 minus
2012 2105 2106 2137 quam
2133 2106 2151 2125 a
2176 2094 2211 2126 li-

1265 2155 1376 2188 brariis
1405 2156 1536 2186 confusa
1561 2155 1635 2187 sint.

1343 2217 1503 2249 cursamla
1524 2215 1583 2261 cst]
1603 2217 1691 2258 Lege
1717 2216 1889 2247 „versanda
1910 2222 1975 2249 est«
1995 2217 2048 2248 vel
2069 2217 2211 2258 »signan-

1266 2280 1332 2311 dam
1350 2278 1477 2310 Vomcu.
1497 2279 1594 2322 (spec.
1609 2277 1675 2309 erit.
1694 2290 1725 2320 p.
1745 2277 1829 2319 148)
1842 2297 1888 2302 ——
1913 2278 2085 2320 Vuigatam
2106 2284 2213 2310 tuetur

1266 2340 1396 2373 Tacitus
1419 2338 1540 2382 (Agric.
1556 2338 1608 2381 2):
1627 2339 1829 2369 »cul-saturus
1846 2345 1909 2370 tam
1926 2351 2019 2371 saeva
2035 2345 2212 2384 telnporw,

1265 2402 1320 2434 uhi
1347 2400 1418 2433 vide
1443 2401 1571 2431 doctum
1597 2400 1800 2442 interpretem
1824 2400 2024 2432 vvalchium.

1334 2460 1421 2507 fuat]
1446 2462 1512 2493 Pro
1528 2463 1570 2493 sit
1587 2473 1645 2506 per
1662 2461 1886 2502 archaismum7
1910 2473 2005 2505 quem
2026 2468 2131 2494 tamen
2147 2471 2211 2493 non

1264 2523 1435 2563 intellexit,
1473 2523 1528 2566 qui
1555 2523 1588 2554 in
1617 2523 1864 2554 Darlnstattensi
1888 2523 1998 2556 codice
2025 2522 2210 2563 corrigendo

1265 2585 1428 2619 substituit
1443 2584 1508 2626 fiae.
1535 2584 1638 2617 Paulo
1662 2591 1734 2616 ante
1761 2590 1813 2615 »ut
1831 2585 2012 2626 fustigetur«
2036 2585 2075 2615 de
2102 2595 2210 2616 aceen-
