2310 2860
133 523 219 565 624

127 1249 216 1292 626

210 927 218 938 ¹
250 924 417 964 bebant.

243 171 333 215 514
818 162 1016 204 Martiani
1046 161 1245 217 Capellae
1274 161 1347 203 lib.
1367 160 1442 204 VI.
1473 163 1504 213 §.
1526 161 1628 203 625.

248 276 489 334 quindecim
521 284 722 328 passuum
757 270 889 311 millia
919 278 1226 319 numerantur,
1268 267 1444 308 latitudo
1470 283 1596 320 Vero,
1635 269 1709 310 ubi
1741 273 1952 325 angustior
1982 275 2191 330 quinque,

249 360 321 401 ubi
355 356 508 398 diffusa
544 363 727 410 septem,
772 353 845 393 ubi
881 353 1085 408 prolixior
1115 350 1265 391 decem
1295 347 1483 390 millibus
1519 348 1767 404 explicatur.
1826 350 1935 390 Hinc
1974 352 2193 394 defluxere

248 451 330 494 1101ν
353 437 540 478 diversos
571 435 685 475 sinus
717 432 1065 487 subsidentesque
1096 445 1268 486 campos
1294 440 1352 472 tot
1382 433 1540 483 maria,
1577 441 1636 473 tot
1666 432 1875 488 fragores,
1916 442 1956 473 et
1984 445 2192 488 quantum

253 533 328 574 per
351 518 520 558 diversa
543 528 730 569 aequora
757 513 962 554 tumescit.
997 511 1226 553 Undarum
1259 527 1361 554 vero
1391 514 1462 554 illa
1493 515 1713 569 proruptio
1736 514 2012 555 interfluentis
2038 515 2195 556 Oceani

248 602 368 642 laeva
391 600 608 653 Europam
633 596 740 646 facit,
766 595 1041 649 Lybiamque
1063 592 1226 643 dextra,
1258 603 1298 634 et
1320 594 1534 634 montibus
1559 594 1760 648 utrinque
1778 594 2055 635 concluditur.
2081 594 2195 635 Nam

251 683 302 725 ab
325 682 501 736 Europa
524 678 670 734 Calpe,
700 675 843 718 Africa
865 674 1006 730 Abyla
1031 682 1172 715 monte
1200 672 1448 729 despicitur,
1480 675 1554 729 qui
1578 675 1779 730 utrinque
1810 676 2094 731 prominentes
2117 673 2198 716 dici

251 763 475 804 columnae
493 743 687 801 Herculis
709 765 973 807 meruerunt,
998 755 1114 810 quod
1129 755 1367 797 testimonio
1388 758 1602 798 vetustatis
1622 758 1777 799 laboris
1798 758 1997 799 Herculei
2018 757 2139 799 limes
2157 757 2198 797 in

249 838 327 882 illis
352 824 401 882 sit
424 847 710 890 consecratus;
742 835 954 891 siquidem
982 835 1093 876 ultra
1118 849 1217 875 eum
1244 836 1440 890 progredi
1463 848 1708 879 consumtae
1728 838 1887 879 telluris
1913 838 2025 879 invia
2050 836 2197 892 prohi—

482 921 681 975 Dcnique
728 919 851 959 etiam
891 917 972 958 hoc
1006 917 1058 958 de
1101 917 1190 971 ejus
1232 931 1375 958 sacrae
1416 919 1579 960 virtutis
1616 920 1886 975 possibilitate
1924 932 2198 975 persuasum,

249 1003 386 1058 quod,
429 1015 566 1057 quum
607 1009 727 1041 antea
765 1008 916 1040 natura
960 997 1080 1038 terris
1122 996 1257 1037 maria
1287 997 1521 1053 dispararet
1552 1013 1600 1039 ac
1633 1009 1745 1040 tanto
1777 1000 1884 1054 cingi
1915 999 2094 1040 circuitu
2123 997 2196 1038 fir-

249 1094 384 1126 maret
416 1082 594 1132 Oceani,
637 1080 847 1121 montium
883 1078 1040 1119 effossis
1082 1077 1295 1118 radicibus
1326 1078 1582 1132 divulsoque
1621 1079 1803 1119 confinio
1838 1093 2090 1134 camporum
2122 1077 2197 1118 de-

249 1162 367 1205 vexis
399 1163 648 1216 lacunisque
685 1171 900 1203 terrarum
938 1160 1221 1215 improvisum
1255 1157 1426 1212 pelagus
1466 1157 1508 1197 in
1539 1171 1667 1198 usum
1698 1157 1903 1213 impigrae
1934 1157 2196 1198 mortalitatis

247 1245 434 1296 admisit,
472 1253 720 1301 permutans
752 1242 864 1283 orbis
895 1240 1048 1282 faciem
1078 1248 1343 1293 naturaeque
1378 1238 1634 1280 discrimina.
1695 1239 1787 1279 Hoc
1816 1239 1942 1293 igitur
1972 1239 2077 1279 freto
2106 1238 2196 1278 lae-

250 1340 423 1368 vorsum
452 1325 623 1377 Europa
648 1320 899 1363 distenditur
929 1334 1067 1374 usque
1097 1320 1141 1360 in
1171 1319 1329 1360 Tanais
1354 1318 1541 1358 fluminis
1566 1318 1796 1372 gurgitem,
1829 1332 1851 1358 a
1876 1332 1964 1372 quo
1994 1317 2196 1358 inchoans

248 1407 343 1447 Asia
370 1406 456 1447 Nili
478 1404 621 1446 itidem
647 1404 767 1446 alveo
790 1403 1017 1454 limitatur,
1056 1402 1132 1457 qui
1156 1401 1332 1457 quidem
1356 1399 1481 1441 Nilus
1504 1399 1683 1441 eandem
1708 1399 1988 1454 Africamque
2013 1398 2201 1440 disrum-

244 1537 369 1571 modico
400 1548 454 1570 ore
485 1541 550 1568 tam
574 1535 728 1567 immensa
752 1544 926 1578 aequorum
955 1533 1087 1566 vastitas
1119 1545 1196 1578 pan-

245 1600 355 1631 ditum«

320 1659 506 1705 despicitur]
524 1657 788 1691 Darmstattensis
809 1658 911 1689 codex
931 1658 1111 1701 dispicitur,
1135 1656 1197 1688 sol-

245 1725 342 1757 lemni
363 1723 571 1763 consusi0ne3
598 1733 702 1766 neque
731 1733 811 1765 opus
837 1727 885 1752 est
907 1721 1043 1752 lectione
1067 1721 1106 1752 ab
1129 1719 1197 1752 Ou-

245 1787 421 1832 dendorpio
451 1787 509 1830 (1111
538 1785 658 1830 Appul.
678 1785 727 1825 Π,
760 1798 792 1829 1).
809 1785 869 1827 49)
895 1784 1059 1828 proposita
1081 1785 1198 1827 dispes-

245 1853 347 1890 citur,
369 1850 444 1894 quia
465 1861 579 1881 50115115
602 1849 652 1880 1110
673 1853 736 1888 est,
757 1847 879 1891 fretum
904 1847 1052 1891 utrinque
1075 1860 1091 1879 a
1110 1859 1197 1879 mon-

244 1914 329 1945 tibus
357 1914 492 1956 despici,
520 1913 553 1944 id
583 1917 632 1943 est
658 1916 782 1943 montes
808 1911 837 1942 ei
871 1911 910 1942 ab
937 1916 1072 1954 utroque
1097 1910 1197 1942 latere

246 1970 427 2015 imminere,
451 1976 534 2007 unde
558 1974 678 2018 despici
698 1974 808 2018 possit.
837 1974 988 2006 Ceterum
1015 1974 1054 2005 (10
1078 1973 1197 2006 colum-

245 2040 304 2071 mis
329 2039 480 2071 Herculis
514 2038 619 2070 omnia
650 2037 835 2081 pervulgata
866 2050 925 2069 nee
957 2037 1110 2068 montium
1141 2049 1196 2069 no-

245 2101 329 2132 mina
360 2099 498 2138 variant,
536 2110 632 2142 quare
667 2098 803 2129 absurda
837 2103 886 2129 est
914 2098 1025 2138 lectio,
1055 2110 1150 2141 quam
1181 2110 1198 2130 a

245 2164 361 2197 Grotio
389 2163 454 2204 jam
482 2162 514 2192 in
546 2161 684 2202 margine
718 2166 854 2192 notatam
882 2161 914 2192 111
942 2160 1199 2193 Reichenanensi

245 2236 373 2269 quoque
397 2223 506 2256 0011100
531 2222 653 2262 inveni,
679 2223 718 2253 ab
739 2222 868 2254 Aetlma
893 2234 951 2265 pro
974 2223 1087 2265 Abyla.

319 2282 512 2328 testimonio]
539 2283 617 2315 MS.
640 2284 794 2321 testimio,
835 2283 890 2314 sed
923 2283 1021 2323 111111ος
1067 2283 1128 2314 nisi
1154 2283 1198 2314 ita

246 2359 368 2387 sumas,
408 2351 442 2377 ut
473 2342 677 2390 ἀρχαϊκῶς
703 2343 816 2374 dixerit
841 2356 876 2375 ea
904 2345 1018 2384 forma,
1043 2357 1105 2388 qna
1127 2356 1199 2376 con-

246 2410 362 2441 lumias
385 2419 480 2451 supra
506 2411 537 2437 et
560 2405 676 2436 Festus
702 2405 972 2436 aestimiaflnor.

320 2468 460 2514 effossis]
485 2468 626 2500 Plinius:
647 2467 861 2510 „creduntque
884 2467 1044 2511 perfossas
1069 2467 1198 2499 exclusa

246 2537 338 2563 antea
374 2530 539 2562 admisisse
570 2529 667 2560 maria
698 2534 730 2560 et
761 2540 865 2559 rerum
896 2534 1025 2561 naturae
1058 2534 1197 2561 mutasse

245 2593 383 2623 sacient«
417 2592 501 2624 Mela
521 2591 550 2634 (l
565 2615 572 2629 ,
598 2591 649 2633 5):
675 2590 1006 2631 »llereulcmjnuctos
1030 2590 1103 2622 011111
1127 2603 1195 2634 1101·-

1248 1538 1346 1578 petuo
1373 1533 1454 1575 jugo
1486 1532 1651 1564 diremisse
1685 1532 1800 1572 001105,
1835 1536 1930 1575 atque
1961 1531 2006 1562 ita
2033 1530 2198 1562 exclusum

1249 1599 1342 1626 antea
1361 1594 1445 1626 mole
1465 1594 1618 1626 montium
1645 1592 1813 1625 Oceanum
1835 1594 1874 1624 ad
1897 1604 1978 1636 quae
2003 1603 2088 1623 nunc
2106 1591 2198 1622 inun-

1249 1658 1304 1689 dat
1322 1657 1521 1689 admissum.«
1556 1657 1708 1689 Ceterum
1726 1657 1813 1700 quod
1833 1655 2040 1687 antecedebat
2058 1654 2091 1685 in
2107 1654 2200 1686 editis

1247 1721 1503 1764 praedictorum,
1529 1732 1626 1764 quum
1647 1720 1686 1751 ab
1712 1719 1940 1763 antiquissimis
1966 1717 2128 1750 codicibus
2147 1718 2199 1748 ab·

1249 1796 1320 1816 esse
1344 1789 1480 1815 testetur
1501 1782 1754 1827 Oudendorpius
1776 1782 1829 1826 (ad
1848 1781 2001 1826 Appulcj.
2025 1781 2056 1821 Ῑ,
2081 1779 2199 1825 1).54),

1249 1845 1351 1877 omisi.

1321 1907 1476 1949 impiqrae
1498 1902 1714 1949 mortalitatis]
1750 1904 1872 1947 Recepi
1893 1903 2063 1935 lectionem
2084 1902 2152 1945 jam
2178 1913 2195 1933 a

1252 1969 1367 2002 Grotio
1388 1968 1422 1999 in
1441 1968 1581 2010 margine
1597 1973 1740 2000 notatam
1757 1973 1852 2011 atque
1875 1968 1913 1998 ab
1934 1965 2165 2010 Oudendorpio
2181 1976 2198 1996 e

1247 2030 1412 2063 codicibus
1436 2030 1648 2061 Leidensibus
1679 2029 1929 2061 commendatam
1956 2028 2010 2071 (ad
2028 2025 2149 2070 Appul.
2172 2026 2198 2060 1,

1247 2091 1373 2136 p.54),
1405 2090 1653 2123 Monacensibus
1679 2102 1807 2134 quoque
1833 2088 2070 2127 addicentibus3
2101 2086 2197 2129 vulgo

1248 2155 1507 2186 immortalitatis.

1326 2215 1458 2261 Tanais]
1485 2217 1583 2248 Hune
1599 2215 1666 2257 jam
1689 2213 1875 2245 Herodotus
1901 2212 1953 2256 (4,
1980 2212 2042 2256 45)
2063 2212 2197 2244 nonnul-

1248 2280 1299 2311 los
1330 2279 1480 2323 Europae
1515 2278 1685 2311 confinium
1723 2277 1825 2308 faeere
1859 2280 1981 2315 narrat,
2021 2275 2098 2307 licet
2128 2275 2197 2318 ipse

1248 2340 1370 2373 Phasin
1392 2341 1486 2371 malle
1516 2339 1678 2376 videatur,
1710 2342 1821 2380 postea
1841 2337 1947 2378 'magis
1972 2337 2135 2380 magisque
2162 2347 2197 2367 ea

1249 2402 1357 2447 opinio
1385 2402 1532 2441 invaluit,
1558 2401 1642 2432 1111110
1670 2406 1701 2431 et
1720 2400 1895 2443 Dionysius
1912 2400 2074 2445 (περιηγ.
2096 2399 2197 2441 Gen:

1305 2461 1420 2500 »Ὅότε
1451 2462 1515 2499 καὶ
1546 2460 1743 2509 Εὐρώπην
1774 2459 2033 2507 ἀποτέμνεται
2055 2459 2197 2500 Ἀσίδος

1642 2525 1760 2569 αἱἠς.««

1248 2587 1369 2621 Confer
1393 2586 1521 2619 omnino
1548 2585 1738 2619 Strabonem
1769 2584 1823 2629 (1,
1854 2597 1886 2629 p.
1910 2585 1957 2617 65
1986 2583 2193 2617 casaubon.»
