2310 2860
725 167 925 210 Martiani
962 168 1162 225 Capellae
1203 169 1276 211 lib.
1298 168 1331 211 I.
1369 172 1401 222 ᾗ.
1425 169 1499 212 90.

2001 175 2086 217 129

127 273 276 318 hunda
320 284 489 317 coetum
527 290 752 332 suscepere
794 275 1025 318 sidereum.
1094 276 1264 318 Verum
1311 276 1490 333 quidam
1536 278 1757 323 redimitus
1802 295 1912 338 puer
1950 281 2003 324 ad
2041 299 2086 325 os

127 371 370 414 compresso
401 356 527 414 digito
559 357 734 399 salutari
771 357 987 398 silentium
1019 358 1332 399 commonebat.

582 438 837 480 Conticuere
867 452 1037 491 omnes,
1074 438 1310 494 intentique
1341 452 1417 480 ora
1448 440 1659 484 tenebant.

125 519 253 564 Tunc
281 521 447 578 Jupiter
475 521 630 577 coepit:

124 666 206 696 ratis
234 664 363 696 modia«
397 663 595 696 Claudianus
618 662 672 708 (de
692 669 772 708 rapt.
796 662 949 708 Proserp.
972 665 1008 705 5,
1031 662 1080 708 9),

123 734 295 772 postquam
324 728 403 759 deos
431 732 661 760 memoraverat
684 727 718 759 in
744 728 880 760 consilio
912 728 1079 761 considere

124 803 142 823 a
166 790 250 823 Jove
268 790 383 832 jussos
409 802 499 830 esse,
526 789 627 821 addit:

180 852 269 885 „Nec
287 852 440 897 confusus
464 853 574 885 honos.
600 851 798 885 coelestibus
819 854 931 885 ordine
950 853 1042 886 sedes

173 916 287 947 Prima
312 915 418 948 datur.
467 915 618 947 Tractum
639 927 788 959 proceres
816 921 947 948 tenum-e
966 927 1077 949 seeun-

533 979 618 1010 dum.

171 1041 242 1074 Nec
263 1053 328 1073 non
355 1046 388 1073 et
409 1041 540 1073 senibus
557 1042 670 1086 fluviis
693 1053 844 1073 concessa
870 1042 1006 1074 sedendi

173 1103 297 1136 Gloria.
322 1103 453 1148 Plebejo
471 1109 537 1135 stat
562 1109 668 1136 cetera
700 1116 788 1136 more
803 1105 978 1149 juventusn
1017 1109 1078 1137 eet.

119 1167 247 1200 Pariter
269 1167 408 1200 Ovidius
425 1167 512 1211 (met.
539 1169 576 1208 1,
603 1167 704 1212 171)=

173 1244 451 1258 —————
456 1230 587 1262 Dextra
611 1231 767 1277 laeuaque
790 1230 922 1262 deornm

170 1291 269 1323 Atria
295 1291 448 1322 nobilium
473 1292 578 1322 valvis
604 1292 809 1323 celebrantur
835 1293 965 1334 apertis.

171 1355 268 1387 Plebs
288 1355 436 1386 habitant
459 1355 586 1386 diversa
608 1355 693 1386 locis.
718 1355 756 1387 A
771 1355 882 1398 fronte
906 1360 1052 1398 polentes

167 1415 363 1456 Caelicolae,
390 1416 534 1463 clarique
556 1427 631 1447 suos
653 1427 788 1458 posuere
807 1422 969 1459 penates«

121 1481 216 1525 Quos
233 1481 362 1524 quidem
377 1479 525 1523 exemplo
544 1479 606 1510 sihi
624 1478 778 1510 sumsisse
801 1479 971 1511 Sidonium
990 1478 1077 1510 illico

119 1545 282 1584 advertes,
320 1543 348 1575 si
381 1554 508 1575 carmen
536 1542 606 1584 ejus
639 1542 687 1586 (7,
715 1543 774 1574 58.
806 1555 839 1587 p.
863 1544 935 1575 551
968 1541 1078 1586 Sirm.)

119 1608 246 1650 legeris.

193 1667 347 1714 residere]
373 1668 500 1700 Eodem
518 1665 643 1700 Statius
664 1666 760 1698 modo
787 1667 902 1711 (Theb.
928 1668 966 1707 1,
989 1661 1077 1706 205)

119 1732 209 1775 fingit
228 1731 345 1764 Jovem
370 1729 512 1762 stellanti
534 1729 674 1762 locatum
703 1729 785 1761 solio
807 1729 977 1774 additque:

177 1808 467 1823 ——————
472 1804 532 1824 nec
553 1793 703 1835 protinus
726 1792 802 1823 ausi

170 1855 366 1894 coelicolae,
395 1856 524 1887 veniam
541 1854 640 1885 donec
663 1859 758 1896 pater
779 1854 846 1897 ipse
871 1852 1005 1885 sedendi

173 1920 363 1967 Tranquilla
385 1919 478 1963 jubet
508 1929 577 1949 esse
605 1929 734 1949 manta«

192 1982 236 2014 ad
250 1993 285 2013 os
302 1992 479 2024 compresso
497 1977 610 2024 rligyito]
638 1977 761 2011 Gestus
780 1983 830 2010 est
850 1977 1074 2023 HarpocratiS,

118 2045 158 2078 de
188 2057 253 2090 quo
282 2045 430 2089 pluribus
459 2043 596 2074 disserui
624 2042 658 2074 in
686 2042 933 2087 palaeograpliia
967 2042 1076 2074 critica

119 2108 169 2153 (l‘.
193 2107 244 2140 III
270 2113 303 2139 et
325 2105 399 2150 IV).
441 2105 592 2138 Ridicula
619 2110 670 2136 est
700 2105 827 2147 glossae
854 2105 1074 2150 interpretatio

118 2173 157 2204 de
183 2172 342 2216 Cupidine
370 2181 483 2215 puero.
516 2168 627 2213 Ipsum
655 2169 797 2201 redimiti
821 2169 987 2212 epitheton
1008 2169 1074 2202 Ae-

118 2233 260 2279 gyptium
282 2232 462 2275 significare
485 2230 627 2272 videtur,
653 2231 737 2262 conf.
759 2231 895 2264 Lucian.
914 2231 1027 2274 Navig.
1048 2234 1072 2265 3

118 2298 162 2342 (p.
179 2299 249 2331 157
271 2298 311 2330 Τ.
325 2297 420 2330 VIII.
435 2296 532 2341 Bip.).
559 2295 721 2328 Graecum
738 2295 769 2327 ei
787 2307 905 2328 nomen
921 2309 939 2328 a
961 2295 1074 2343 σιγᾶν

119 2361 252 2406 petitum
273 2360 442 2393 Ausonius
465 2358 595 2400 tribuit,
628 2359 876 2393 taciturnitatem
892 2360 982 2393 hisce
1004 2373 1073 2393 ver-

119 2426 207 2458 sibus
228 2425 413 2457 describens
435 2423 540 2469 (epist.
559 2424 619 2456 25.
643 2422 722 2468 27)=

177 2489 346 2521 „Tuvelut
367 2487 508 2520 Oebaliis
536 2488 660 2520 habites
684 2489 867 2521 taciturnus
888 2488 1050 2532 Amyclis,

167 2551 236 2583 Aut
258 2556 315 2582 tua
338 2549 486 2591 Sigalion
509 2549 688 2594 Aegyptius
712 2551 821 2584 oscula
844 2553 966 2597 siqnel,

170 2612 336 2645 Olmixmn
353 2611 492 2644 Pauline
519 2616 633 2644 taces«
659 2629 707 2636 —
725 2632 774 2638 -—

1132 662 1200 706 Qui
1231 663 1283 696 hic
1315 661 1516 708 AegyptiuS,
1558 665 1642 697 idem
1670 665 1752 699 infra
1788 666 1829 712 (§.
1857 666 1942 711 729)
1975 673 2086 700 nostro

1127 728 1237 771 piceus
1267 732 1318 758 est
1346 739 1427 771 puer
1454 725 1513 774 (ab
1548 727 1784 773 Aegyptiorum
1820 743 1934 775 nempe
1965 730 2088 774 colore)

1124 789 1238 832 jussus
1267 790 1439 822 admonere
1470 791 1644 823 silentium.
1672 791 1821 823 Catullus
1853 793 1978 825 duobus
2006 793 2086 826 locis

1130 854 1209 897 (74,
1244 855 1267 886 5
1300 860 1331 885 et
1368 854 1457 894 102,
1498 854 1536 897 4)
1565 855 1605 886 :ul
1641 856 1831 887 taciturnum
1860 858 1943 890 hune
1974 858 2087 889 alludit

1128 928 1274 960 puerum.
1318 916 1469 948 Eundem
1502 915 1640 948 Ovidius
1671 918 1758 961 (niet.
1788 919 1829 959 9,
1863 920 1955 962 696)
1983 919 2087 952 innuit

1129 989 1240 1010 versu:

1186 1042 1333 1089 „Quique
1350 1044 1467 1086 premit
1482 1055 1591 1075 vocem
1609 1044 1773 1091 diqitoque
1792 1045 1922 1076 silentia
1937 1045 2078 1076 suadeta

1129 1102 1335 1144 Augustinus
1360 1104 1497 1147 denique
1523 1105 1575 1149 (tle
1601 1105 1661 1138 civ.
1685 1106 1736 1137 dei
1766 1108 1828 1148 18,
1853 1107 1890 1150 5)
1917 1107 1968 1138 niu
1987 1106 2085 1138 omni-

1129 1167 1190 1198 bus
1226 1168 1391 1211 templis«,
1431 1169 1558 1209 scribit,
1609 1169 1680 1201 >mhi
1717 1170 1921 1202 celebrantur
1959 1170 2020 1202 Isis
2056 1176 2087 1201 et

1129 1231 1282 1275 Serapis,
1306 1237 1374 1263 erat
1399 1232 1493 1263 etiam
1519 1232 1738 1274 simulacrum,
1764 1233 1851 1278 quod
1874 1235 1972 1278 ‹li-qim
1996 1235 2087 1266 labiis

1128 1298 1281 1339 impresso
1307 1296 1478 1327 admonere
1504 1297 1683 1338 videretur,
1712 1303 1749 1329 ut
1775 1298 1937 1330 silentium
1960 1299 2078 1330 fleret«

1127 1359 1291 1392 Salutaris
1322 1365 1428 1391 autem
1454 1360 1572 1402 digitus
1601 1361 1725 1393 medius
1754 1367 1821 1403 est,
1859 1362 1916 1406 qui
1944 1362 2086 1406 alioquin

1130 1421 1281 1464 infamis,-
1313 1422 1396 1452 eous.
1420 1421 1551 1464 interpr.
1573 1423 1612 1453 ad
1635 1423 1743 1455 Persii
1765 1429 1823 1455 sat.
1841 1425 1874 1456 2.
1898 1426 1957 1457 55.

1205 1479 1398 1526 conticuere]
1416 1481 1612 1513 Notissimus
1633 1495 1745 1515 versus
1769 1490 1819 1515 est
1834 1484 1964 1526 Virgilii
1988 1485 2084 1529 (Aen.

1129 1543 1164 1582 2,
1190 1543 1236 1586 1).
1258 1543 1325 1574 Sed
1349 1543 1382 1573 in
1406 1554 1441 1574 re
1467 1543 1537 1586 ipsa
1563 1543 1716 1576 Ovidium
1732 1545 1840 1589 potius
1863 1546 2004 1579 imitatus
2024 1552 2085 1588 est,

1129 1603 1185 1647 qui
1210 1604 1249 1634 de
1274 1603 1359 1634 Jove
1382 1604 1471 1647 (met.
1492 1605 1522 1635 l.
1543 1604 1631 1648 205)
1652 1605 1712 1637 ita:

1180 1684 1290 1693 —---—-
1317 1669 1392 1713 »qui
1414 1673 1584 1714 postquam
1610 1681 1686 1700 voce
1709 1681 1871 1717 ntanuque

1177 1728 1351 1760 Murmura
1378 1731 1582 1772 compressit,
1609 1736 1741 1763 tenuere
1763 1732 1892 1764 silentia
1915 1734 2022 1764 cuncti
2029 1746 2061 1773 «3

1127 1796 1160 1824 et
1187 1789 1328 1824 Statium
1355 1790 1470 1835 (Theb.
1500 1792 1531 1822 1.
1558 1791 1661 1836 211)=

1183 1855 1380 1902 »Postquam
1396 1855 1491 1899 jussa
1506 1856 1598 1902 quies
1619 1856 1773 1904 siluitque
1793 1859 1969 1890 extem-itus
1989 1854 2085 1897 οιἾιίε,

1176 1918 1297 1960 Incipit
1322 1928 1366 1949 ex
1386 1917 1471 1949 alto«
1505 1922 1565 1949 eet.

1198 1979 1311 2027 coepit]
1339 1980 1511 2023 Hugianus
1538 1981 1643 2014 codex
1672 1983 1730 2014 ait.
1768 1981 1807 2014 In
1835 1982 2085 2015 Monacensibus

1126 2044 1235 2088 (B.D.
1249 2044 1303 2089 E)
1329 2051 1402 2077 ante
1429 2057 1554 2087 versus,
1579 2045 1635 2089 qui
1656 2052 1845 2090 sequuntur,
1871 2048 1950 2079 haee
1973 2047 2084 2089 legun-

1125 2113 1178 2140 tur
1197 2114 1364 2140 annotata.-
1384 2110 1543 2142 »Meu-um
1559 2109 1640 2141 dact.
1653 2114 1812 2143 tetramet.
1830 2110 2079 2144 catalecticum«

1123 2169 1163 2203 In
1193 2170 1301 2213 glossa
1327 2176 1450 2203 autem:
1480 2171 1594 2204 »Metu
1624 2171 1806 2204 dactilicum
1834 2172 1906 2217 (sie)
1938 2177 2083 2205 tetrame-

1123 2238 1207 2264 trum
1233 2233 1454 2266 catalecticum
1480 2238 1608 2265 constat
1626 2245 1669 2265 ex
1694 2234 1840 2278 spondeo
1866 2240 1899 2266 et
1925 2234 2007 2267 dact.
2034 2245 2082 2266 ea-

1123 2294 1242 2327 taleeto
1267 2299 1300 2327 et
1316 2295 1443 2327 duobus
1461 2295 1617 2329 dactilisa
1649 2295 1713 2328 Est
1738 2307 1815 2328 vero
1834 2296 1942 2341 potius
1969 2294 2081 2329 Chori-

1124 2358 1282 2391 ambieum
1295 2357 1546 2404 Asclepiadeum
1568 2359 1685 2403 minus,
1704 2359 1799 2404 quale
1814 2361 1898 2405 apud
1913 2360 2082 2392 Horatium

1124 2419 1159 2453 in
1190 2420 1252 2452 oda
1285 2420 1407 2465 prima,
1437 2420 1482 2453 ita
1510 2426 1635 2463 tamen,
1672 2426 1707 2452 ut
1736 2422 1914 2456 Martianus
1949 2421 2081 2463 majore,

1124 2483 1186 2517 etsi
1215 2496 1282 2516 non
1313 2484 1457 2517 inaudita
1485 2485 1615 2518 licentia
1647 2485 1743 2529 (conf.
1775 2486 1950 2517 Hermann.
1989 2485 2080 2517 elem.

1125 2547 1226 2580 doctr.
1252 2553 1342 2580 metr.
1367 2548 1410 2581 Π.
1443 2548 1502 2582 56.
1533 2549 1590 2581 14.
1620 2561 1651 2593 p.
1678 2547 1766 2590 454)
1799 2547 1926 2591 dactylo
1952 2559 2080 2591 quoque

1124 2610 1159 2643 in
1185 2609 1257 2643 basi
1284 2621 1362 2643 usus
1393 2610 1436 2643 sit
1467 2621 1617 2644 versuum
1643 2610 1710 2649 51,
1740 2609 1800 2648 57,
1833 2609 1900 2649 58,
1932 2609 2019 2652 quod
2047 2609 2080 2641 in

1631 2672 1677 2704 17

2114 526 2169 569 91
