2310 2860
733 123 931 167 Martiani
963 123 1161 180 Capellae
1192 122 1262 164 lib.
1287 121 1361 165 VI.
1391 124 1421 174 35.
1447 121 1549 163 602.

194 233 331 287 relega
339 231 377 273 vi
383 241 408 276 t.

2059 125 2149 165 5115

478 232 591 273 Nam
630 230 762 282 duae,
810 245 920 286 quae
964 230 1034 271 axi
1074 229 1243 283 utrique
1283 228 1487 280 confines,
1534 229 1675 283 algore
1705 228 1914 270 immenso
1947 240 1984 270 et
2017 230 2145 285 frigo—

193 313 311 354 ribus
343 322 594 368 occupatae,
638 312 881 353 desertionis
912 325 1058 351 causas
1090 311 1251 365 pruinis
1283 311 1547 365 ningentibus
1583 312 1838 366 praebuere,
1871 311 2009 352 media
2045 327 2144 352 roro

192 392 376 434 flammis
416 403 543 448 atque
590 393 748 434 anhelis
786 391 1010 433 ardoribus
1048 390 1246 431 torridata
1285 393 1615 448 propinquantes
1656 394 1918 434 animantum
1953 393 2140 434 amburit

191 489 402 527 aecessus3
441 475 544 516 aliae
568 485 711 516 autem
742 474 852 515 duae
879 473 1014 514 vitalis
1038 487 1169 514 aurae
1200 473 1334 514 halitu
1359 483 1616 528 temperatae
1643 473 1942 514 habitationem
1979 475 2142 515 anima-

189 555 300 596 libus
330 554 618 605 indulserunt‚
671 568 782 609 quae
818 551 993 607 quidem
1026 567 1103 607 per
1142 553 1265 593 totius
1295 553 1594 594 rotunditatem
1629 552 1787 594 telluris
1819 554 2022 594 incurvae
2053 564 2135 594 tam

187 649 423 691 supernum
464 634 833 690 hemisphaerium
871 646 1001 686 quam
1043 632 1219 672 inferius
1256 631 1510 673 ambierunt.
1568 632 1679 672 Nam
1715 633 1860 686 utique
1892 642 1998 675 terra
2030 635 2138 675 duas
2172 631 2264 671 603

186 717 263 758 sibi
306 727 443 772 partes
482 716 838 771 hemicycliorum
885 713 1075 769 quadam
1116 712 1356 752 diversitate
1394 711 1589 766 despicit,
1648 711 1688 752 id
1735 722 1794 754 est
1837 728 1966 754 unam
2012 714 2141 755 habet

183 807 480 852 supernatem,
527 811 659 852 quam
700 810 775 836 nos
820 795 1062 836 habitamus
1107 803 1147 834 et
1187 794 1320 834 ambit
1362 795 1581 845 Oceanus,
1627 804 1666 835 et
1709 795 1833 835 aliam
1874 795 2140 836 infernaten'i.

183 876 266 917 Sed
305 877 409 918 hacc
450 877 644 933 superior
676 877 842 917 initium
881 876 1009 917 habet
1049 890 1071 916 a
1116 874 1244 915 solari
1283 884 1400 924 ortu,
1444 874 1513 915 illa
1552 874 1722 915 inchoat
1764 889 1787 916 a
1830 875 1925 915 solis
1973 889 2139 924 occasu,

183 971 314 1012 quem
349 957 557 998 circulum
585 958 738 998 Graeci
768 958 964 1007 Ὀρίζοντα
1006 955 1240 1012 perhibent.

181 1047 307 1078 tatem
341 1038 566 1092 utriusque
595 1038 723 1092 partis
755 1036 1000 1086 includunt,
1030 1036 1177 1076 decem
1215 1036 1416 1089 utrinque
1450 1035 1608 1076 circulo
1639 1051 1716 1076 suo
1745 1036 1905 1077 faciunt
1931 1036 2134 1091 regiones,

180 1135 201 1159 e
241 1119 398 1174 quibus
433 1118 559 1168 haec,
606 1132 717 1171 quae
748 1131 770 1158 a
807 1117 928 1157 nobis
959 1116 1196 1166 habitatur,
1236 1126 1295 1157 est
1327 1131 1431 1167 una,
1463 1127 1590 1171 atque
1623 1117 1674 1158 ad
1711 1118 1955 1171 aquilonem
1989 1130 2136 1157 versus

178 1208 216 1240 et
240 1199 541 1255 septentriones
569 1197 804 1250 adscendit3
836 1197 986 1248 altera,
1019 1211 1131 1251 quae
1159 1211 1181 1237 e
1205 1198 1414 1238 contrario
1451 1197 1502 1238 ad
1530 1197 1750 1238 meridiem
1777 1207 1905 1252 atque
1938 1207 2130 1238 austrum

176 1280 333 1330 fertur,
383 1294 516 1335 quam
560 1279 753 1320 habitare
791 1279 852 1319 illi
895 1279 1191 1330 aestimantur,
1243 1279 1318 1334 qui
1357 1288 1564 1321 vocantur
1605 1280 1787 1319 (ἓντοῖκοι.

248 1423 468 1471 m'nqentibus]
497 1425 552 1457 Sic
572 1424 684 1468 sei-ipsi
705 1437 722 1457 e
741 1424 850 1457 codice
874 1423 995 1464 Grotii,
1015 1423 1128 1454 Darm·

176 1488 320 1519 sinitensi
341 1499 469 1532 qnoque
490 1487 721 1530 adstipulante,
747 1486 801 1529 qui
824 1486 1054 1529 „influentibus
1074 1496 1127 1515 ex-

174 1552 268 1583 hibet.
293 1551 402 1592 Vulgo
426 1551 662 1594 merqcnffbus,
694 1549 774 1581 alios
799 1549 1022 1593 inyruentibus
1053 1547 1128 1579 scri-

172 1616 245 1647 here
273 1614 406 1646 Grotius
433 1614 465 1645 in
489 1614 629 1656 margine
652 1613 782 1645 notavit.

246 1687 404 1733 arithm-it]
443 1688 499 1720 Sic
530 1688 597 1729 jam
631 1687 765 1719 Grotius
801 1685 944 1729 scripsit,
987 1691 1125 1729 utroque

170 1763 254 1782 nnnc
286 1750 474 1783 monacensi
511 1749 695 1790 aildiccnte3
750 1747 925 1781 anteriores
966 1747 1124 1779 editIOnes

170 1813 309 1844 imburit.

244 1870 484 1916 habitationem]
511 1870 668 1912 Virgilius
690 1870 811 1913 (georg.
830 1871 868 1910 1,
889 1870 998 1913 257)='

220 1964 267 1970 -—-
285 1964 332 1969 —--
348 1946 449 1977 nduae
474 1944 660 1975 mortalibus
683 1944 790 1986 aeqri's

218 2011 356 2042 Blunere
381 2020 547 2041 concessae
575 2008 700 2038 divam«
721 2024 767 2029 ——
781 2023 827 2028 —

242 2071 388 2127 despicit]
416 2082 549 2114 Grotius
565 2079 736 2122 legendum
751 2084 860 2111 censet
879 2078 1046 2122 ‹lispescit3
1063 2078 1120 2110 sed

167 2145 294 2179 codices
318 2145 397 2177 nihil
427 2149 559 2175 mutant.

244 2234 264 2252 a
279 2222 362 2254 Solis
378 2220 504 2267 occasu]
521 2221 660 2253 Codices
675 2219 949 2251 Reichenauensis
963 2225 995 2251 et
1005 2218 1117 2250 Darin-

169 2284 333 2316 stattensis
359 2296 417 2328 pro
445 2287 528 2317 Solis
553 2285 670 2316 habent
698 2285 787 2315 lucis.

240 2356 456 2406 Ὁρὶζοντα]
491 2358 615 2391 Seneca
642 2359 719 2402 (nat.
747 2370 800 2402 qu.
829 2359 868 2397 5,
900 2359 961 2397 173
992 2370 1025 2402 p.
1043 2358 1115 2389 763

165 2420 278 2464 Lips.):
307 2420 460 2452 »Dimidia
483 2431 555 2462 pars
576 2420 684 2451 mundi
704 2431 829 2464 semper
852 2431 962 2464 snpra,
990 2419 1117 2450 dimidia

164 2482 245 2514 infra
264 2487 321 2513 est.
347 2482 442 2512 Hane
464 2480 591 2520 lineam,
618 2493 698 2525 quae
715 2481 798 2513 inter
818 2487 925 2525 aperta
946 2487 976 2513 et
993 2480 1116 2513 occulta

165 2551 230 2587 est,
262 2545 378 2579 Graeci
403 2540 586 2592 ὁρίζονῗα
610 2550 738 2578 vocant:
760 2545 861 2578 nostri
884 2545 1044 2588 finitorem
1069 2543 1115 2576 di-

1179 1432 1272 1461 xere,
1304 1421 1357 1452 alii
1380 1421 1552 1464 finientem.
1588 1421 1798 1463 Adjiciendus
1822 1430 1871 1455 est
1893 1423 1932 1454 ad
1958 1424 2042 1454 hunc
2067 1433 2130 1454 mc-

1177 1484 1318 1515 ridianus
1336 1484 1490 1524 circulus,
1513 1484 1567 1528 qui
1592 1485 1757 1516 horizonta
1777 1486 1872 1517 rectis
1894 1485 2017 1526 augulis
2035 1491 2134 1517 secat.

1177 1547 1230 1579 Ex
1262 1548 1309 1578 liis
1338 1548 1465 1591 qnidam
1503 1548 1612 1579 circuli
1646 1548 1677 1579 in
1706 1555 1885 1580 transversa
1915 1554 2061 1588 currunt,
2099 1554 2131 1579 et

1177 1608 1257 1640 alios
1285 1608 1464 1640 interventu
1492 1620 1550 1640 sno
1580 1609 1737 1640 scindunt.
1775 1609 1917 1642 Necesse
1947 1615 2050 1641 antem
2081 1616 2131 1641 est

1176 1675 1224 1701 tot
1250 1669 1331 1701 acris
1356 1669 1537 1702 discrimina
1561 1682 1648 1709 esse,
1679 1676 1757 1713 quot
1782 1676 1898 1714 partes.
1934 1671 2022 1712 Ergo
2048 1671 2130 1701 hori-

1175 1743 1258 1772 zon,
1294 1731 1361 1763 sive
1394 1731 1523 1771 θοὴ-115,
1562 1732 1699 1764 circulus
1737 1732 1877 1775 quinque
1914 1732 1987 1763 illos
2022 1732 2131 1771 orheS,

1174 1805 1257 1838 quos
1282 1793 1378 1825 modo
1397 1792 1463 1824 dixi
1480 1792 1564 1833 fieri,
1592 1799 1693 1833 secat,
1719 1798 1751 1824 ct
1771 1794 1865 1825 efficit
1887 1794 1996 1826 decem
2014 1801 2132 1837 partes,

1174 1857 1315 1900 quinque
1337 1857 1376 1888 ab
1403 1862 1489 1896 ortu,
1512 1845 1653 1900 qninqne
1674 1857 1713 1887 ab
1735 1868 1879 1889 oceasum
1919 1857 2019 1889 Plura
2045 1857 2131 1888 dabit

1173 1919 1313 1952 Ukertus
1338 1920 1393 1963 (T.
1410 1919 1442 1958 I,
1472 1920 1512 1951 P.
1535 1920 1574 1957 2,
1603 1932 1634 1963 p.
1653 1919 1748 1962 118).

1247 1976 1439 2024 civi-ocum]
1469 1980 1596 2024 Operae
1621 1981 1756 2024 pretium
1778 1981 1838 2012 erit
1860 1994 1931 2014 cum
1957 1982 2006 2013 liis
2031 1988 2062 2013 et
2079 1992 2127 2014 se-

1171 2044 1342 2088 quentibus
1368 2043 1496 2076 Gemini
1522 2044 1568 2088 (in
1592 2045 1701 2076 Petav.
1725 2045 1899 2086 Uranolog.
1920 2058 1951 2088 p.
1971 2046 2032 2088 56)
2051 2045 2126 2078 doc-

1171 2108 1284 2139 trinam
1319 2107 1509 2139 contulisse:
1538 2108 1692 2149 ›»Eornm,
1721 2108 1776 2152 qni
1798 2109 1832 2140 in
1861 2114 1943 2140 terra
1968 2109 2124 2145 habitant,

1169 2170 1223 2202 alii
1251 2171 1400 2202 dicuntur
1433 2171 1579 2214 synoeci,
1616 2172 1669 2203 alii
1705 2172 1859 2216 perioeci,
1896 2172 1949 2203 alii
1984 2172 2122 2207 antec-ci,

1168 2232 1221 2264 alii
1244 2233 1422 2277 antipodes.
1454 2232 1591 2275 Synoeei
1621 2234 1717 2276 igitur
1743 2240 1832 2274 sunt,
1862 2234 1916 2277 qni
1944 2233 2024 2264 eirea
2046 2244 2121 2263 eun-

1167 2295 1239 2327 dem
1262 2296 1367 2327 locum
1396 2296 1539 2337 ejusdem
1561 2309 1660 2329 zonae
1685 2297 1835 2328 habitant.
1867 2296 2013 2326 Perioeci
2034 2307 2120 2332 vero,

1166 2357 1220 2401 qni
1239 2356 1270 2388 in
1288 2357 1398 2388 eadem
1415 2357 1581 2389 nobiscum
1596 2370 1676 2389 zona
1702 2357 1734 2389 in
1754 2356 1887 2388 circuitu
1912 2356 2117 2387 circumhabi-

1169 2425 1245 2451 tant.
1284 2419 1423 2452 Antoecx’
1455 2432 1546 2461 vero,
1580 2421 1634 2465 qui
1666 2421 1698 2451 in
1734 2420 1844 2451 eadem
1874 2418 2004 2449 australi
2038 2431 2118 2450 zona

1169 2483 1228 2514 snb
1256 2483 1367 2514 codem
1389 2483 1619 2527 hemisphaerio
1645 2483 1796 2515 habitant.
1823 2482 1999 2524 Antipodes
2025 2493 2117 2517 vero,

1168 2546 1222 2590 qni
1240 2545 1272 2578 in
1294 2547 1424 2578 australi
1447 2559 1527 2581 zona
1550 2548 1581 2580 in
1600 2547 1698 2580 altero
1717 2544 1948 2588 hemisphaerio
1964 2545 2115 2586 habitant,

1300 955 1467 996 Verum
1501 955 1601 1009 quia
1635 955 1729 995 illae
1766 970 1895 996 zonae
1928 954 2130 995 volubili-
2158 953 2245 995 604

1847 1278 2047 1319 Similiter
2079 1292 2130 1318 ex
2161 1279 2234 1320 603
