2310 2860
685 121 884 165 Martiani
915 122 1115 180 Capellae
1145 123 1215 165 lib.
1242 123 1318 167 IV.
1350 127 1380 177 §.
1403 124 1504 167 552.
1980 133 2075 174 5'15

121 231 180 272 Ut
210 229 367 272 animal
401 229 435 270 si
472 229 659 271 breviter
688 229 828 285 primo
867 230 1057 272 dividere
1096 231 1384 284 voluerimus,
1429 248 1505 289 per
1536 233 1791 277 differentias
1823 252 2073 292 possumus,

120 309 237 368 quod
283 310 362 352 alia
401 320 499 352 sunt
536 310 791 367 gradientia,
836 312 916 353 alia
957 312 1188 369 serpentia,
1235 313 1315 355 alia
1345 313 1550 365 natantia,
1595 314 1675 356 alia
1712 316 1917 369 volantia,
1975 318 2073 360 hine

116 400 240 443 item,
283 391 365 432 hoc
408 402 489 444 est,
539 392 592 433 de
631 392 803 448 siugulis
846 392 994 434 formis
1036 409 1263 450 possumus
1307 410 1461 450 genera
1500 395 1660 447 facere,
1712 406 1759 437 ut
1792 398 1825 438 si
1855 398 2071 450 dicamus,

117 471 315 512 animalia
359 471 590 527 gradientia
631 486 763 527 genus
807 486 915 524 esse,
969 483 1009 514 et
1051 475 1088 515 ci
1132 474 1292 517 formas
1338 476 1638 531 subjiciamus,
1692 478 1808 534 quod
1851 480 1930 521 alia
1973 491 2072 523 sunt

116 553 329 606 humana,
376 553 456 595 alia
495 553 651 605 serina3
712 562 751 594 et
781 568 832 593 ex
864 552 928 594 his
959 566 1134 610 possunt
1164 572 1252 598 csse
1284 556 1388 597 aliae
1421 557 1605 609 somnae,
1646 574 1722 614 per
1754 575 1880 614 quas,
1921 563 1955 602 si
1995 578 2070 603 ne-

115 651 228 677 cesse
258 637 408 688 suerit,
440 635 492 677 ad
524 636 795 677 individuum
821 636 973 692 poterit
1003 637 1232 691 perveniri.
1289 637 1371 678 Sed
1404 637 1484 678 hoc
1508 653 1590 679 non
1622 639 1664 680 in
1696 642 1811 681 omni
1845 643 2070 683 assertione

114 715 253 758 facere
294 727 479 773 oportet,
527 716 600 758 sed
632 716 675 756 in
709 715 852 757 subtili
888 715 1078 772 quadam
1110 717 1407 773 disputatione.
1467 719 1593 760 Tunc
1634 731 1776 762 autem
1808 723 1850 763 in
1881 724 2069 765 oratione

113 796 195 838 hoc
224 798 352 840 modo
376 813 603 855 possumus
634 797 845 850 dividere,
879 813 1019 854 quum
1042 799 1084 839 id
1113 800 1240 854 exigit
1272 799 1504 841 obscuritas
1537 815 1711 855 causae,
1742 803 1915 858 quodsi
1943 820 2071 847 causa

111 892 196 918 non
228 879 279 919 sit
308 881 509 931 obscura,
551 879 767 921 divisionis
797 878 974 936 quidem
1006 879 1111 920 ratio
1142 880 1277 921 inesse
1309 890 1348 922 et
1378 883 1546 923 tractari
1576 881 1725 935 debet,
1773 884 1845 926 sed.
1880 885 2068 927 inultum

112 974 319 1016 apparere
352 976 437 1002 non
468 961 604 1002 debet.

669 1165 776 1217 QUI
809 1165 872 1207 IN
906 1165 1252 1209 PARTIENDO
1284 1167 1506 1210 MODUS.

277 1284 490 1327 Partiendi
519 1284 781 1327 differentiae
809 1300 894 1326 non
919 1284 1166 1340 frequenter
1191 1297 1444 1340 occurrunt,
1477 1297 1605 1343 atque
1628 1288 1684 1330 ita
1706 1289 1796 1330 sine
1819 1288 1883 1331 his
1907 1289 2067 1333 infinita
2098 1291 2187 1332 555

110 1374 243 1420 potest
281 1379 369 1405 esse
408 1365 596 1419 partitio,
643 1366 677 1405 si
715 1379 855 1419 usque
894 1366 946 1407 ad
984 1368 1260 1411 individuum
1294 1371 1560 1412 voluerimus
1591 1374 1831 1427 pervenire.
1888 1374 2002 1414 Nam
2034 1374 2067 1414 si

109 1456 272 1487 certum
298 1445 518 1486 hominem
544 1461 620 1501 pro
646 1455 730 1486 toto
753 1445 970 1497 dicamus,
1002 1456 1040 1487 et
1070 1448 1162 1501 ejus
1193 1458 1331 1503 partes
1354 1449 1542 1491 breviter
1567 1451 1762 1506 colligere
1786 1453 2066 1504 voluerimus,

107 1525 368 1567 differentiae
404 1541 490 1567 non
526 1535 758 1581 suppetunt
795 1527 1004 1582 partium,
1053 1537 1093 1569 et
1131 1538 1344 1570 certarum
1387 1534 1572 1586 partium
1616 1533 1862 1574 nominibus
1893 1535 1961 1586 ‘uti
1994 1550 2065 1575 co-

105 1621 279 1661 gemur,
331 1615 379 1646 ut
416 1606 609 1647 dicamus
655 1616 783 1662 caput
817 1616 856 1647 et
898 1608 1026 1663 pedes
1072 1618 1112 1649 et
1149 1609 1336 1662 reliqua,
1395 1624 1507 1664 quae
1543 1613 1576 1652 si
1616 1614 1841 1668 complecti
1879 1616 2064 1658 breviter

106 1687 394 1739 voluerimus,
449 1688 654 1742 quoniam
698 1685 959 1728 differentiae
1001 1688 1181 1740 desunt,
1232 1704 1318 1730 11011
1363 1705 1592 1746 possumus
1635 1694 1801 1750 singula
1846 1696 2064 1753 colligere,

106 1770 206 1824 quia
236 1769 374 1811 multa
402 1779 521 1822 sunt,
561 1779 601 1811 et
632 1779 704 1812 aut
732 1770 992 1826 impossibile
1024 1771 1121 1823 erit,
1160 1780 1233 1813 aut
1261 1771 1452 1828 longum.

178 1929 236 1960 hoc
258 1926 326 1972 est]
361 1926 418 1960 Sic
449 1927 599 1970 rescripsi
630 1938 688 1971 pro
721 1927 756 1958 id
780 1933 828 1959 est
853 1939 870 1959 e
895 1928 1058 1960 codicibus

103 1989 352 2024 Monacensibus
374 1989 416 2033 (C
441 1994 472 2020 et
492 1988 548 2031 F),
580 1989 853 2030 Reichenauensi,
886 1995 918 2020 ct
943 1990 1056 2021 Darni-

105 2053 262 2093 stattcnsi‚
294 2053 377 2085 sicut
404 2057 437 2084 et
458 2052 555 2096 paulo
575 2057 649 2096 post
672 2053 879 2097 subjiciamus
900 2065 958 2097 pro
981 2055 1056 2086 sub-

99 2117 229 2161 jicimus
248 2115 282 2147 in
302 2114 406 2147 editis.
434 2114 568 2146 Grotius
594 2114 691 2146 verba
712 2114 762 2146 »id
784 2120 834 2147 est
859 2115 898 2146 dc
921 2115 1055 2157 singulis

104 2180 230 2212 formis«
246 2179 405 2221 glossema
426 2190 498 2209 csse
516 2183 684 2210 censuerat
701 2184 733 2210 et
749 2178 879 2223 quidem
894 2179 1055 2224 incptum3

106 2243 162 2275 scd
186 2243 254 2286 ipse
285 2243 392 2286 potius
417 2242 595 2275 Martianus
623 2242 858 2286 perspicuitatis
879 2243 978 2285 gratia
1001 2243 1055 2275 ad-

106 2304 224 2336 didisse
246 2304 387 2344 videtur5
416 2303 515 2347 inepti
540 2304 618 2335 nibil
639 2304 742 2336 video.

179 2367 296 2397 nonin
318 2363 414 2409 onmi]
439 2365 515 2397 Non
539 2378 664 2411 semper
691 2367 878 2399 disisioncm
902 2367 1054 2400 adhiben-

106 2428 178 2460 dam
198 2437 269 2457 esse
287 2426 405 2457 Curius
423 2426 669 2460 Fortunatianus
688 2429 732 2473 (p.
750 2431 796 2462 57
811 2429 911 2473 Pith.)
933 2436 1052 2471 monet,

113 2501 202 2520 »nam
219 2492 255 2519 ut
272 2498 336 2519 non
356 2499 449 2519 omne
466 2499 581 2520 nomen
599 2490 745 2522 omnibus
760 2491 862 2524 literis
885 2493 1052 2534 scribatur,

105 2553 148 2586 ita
179 2564 244 2585 non
279 2551 426 2584 omnihus
455 2551 534 2584 locis
568 2564 692 2586 omucm
720 2556 882 2589 materiam
909 2557 1050 2590 dividen-

1109 1928 1181 1959 dam
1206 1940 1294 1970 csse,
1324 1930 1411 1974 quod
1437 1931 1541 1975 ipsum
1568 1932 1636 1964 fieri
1659 1933 1753 1965 etiam
1776 1934 1808 1965 in
1833 1936 1947 1968 ceteris
1975 1938 2062 1969 stati-

1107 1990 1168 2022 bus
1193 1991 1274 2023 scire
1299 1992 1488 2034 debeamus,
1524 2006 1622 2037 quum
1649 2002 1814 2028 accusator
1836 1997 1869 2028 id
1896 2000 1982 2042 quod
2007 2012 2061 2031 nc-

1106 2064 1218 2094 gemus
1246 2059 1377 2096 quaerat
1399 2066 1417 2085 a
1439 2067 1504 2098 quo
1528 2056 1569 2087 sit
1592 2057 1781 2099 adinissum,
1806 2060 1893 2102 quod
1918 2072 1936 2091 a
1962 2061 2062 2094 Grae—

1105 2113 1152 2146 cis
1175 2114 1368 2158 appellatum
1394 2111 1622 2162 dvdnptfflgm

1178 2189 1260 2224 quae
1282 2176 1322 2223 si]
1349 2178 1399 2210 Ita
1420 2178 1548 2211 codices
1566 2181 1780 2214 Monacenses
1795 2182 1847 2227 (C.
1864 2183 1923 2226 F),
1947 2184 2059 2216 Darm—

1106 2241 1290 2282 stattensis,
1322 2246 1355 2272 et
1381 2242 1665 2276 Reiehenauensis.
1704 2246 1792 2279 Male
1828 2246 1962 2279 Grotius
1988 2259 2058 2280 eum

1105 2301 1176 2333 aliis
1205 2302 1295 2334 libris
1329 2302 1437 2334 editis:
1466 2316 1566 2348 aquae
1586 2307 1660 2339 sie-,u
1700 2307 1805 2339 Paulo
1831 2314 1904 2340 ante
1932 2309 2057 2341 codices

1104 2366 1223 2397 habent
1258 2373 1437 2400 celei-amm
1465 2380 1523 2412 pro
1555 2376 1733 2410 certarum,
1766 2371 1853 2414 quod
1881 2377 1984 2403 tamen
2006 2382 2055 2403 re·

1101 2441 1222 2474 ponere
1247 2431 1353 2471 nolui,
1385 2432 1459 2476 quia
1489 2439 1584 2476 caput
1608 2439 1640 2466 et
1669 2435 1766 2477 pedes
1788 2435 1965 2467 Martianus
1993 2434 2056 2477 sig·

1101 2493 1230 2526 nificare
1252 2494 1386 2527 vitlctur.
1423 2496 1617 2541 Quanquam
1645 2498 1747 2542 possit
1770 2497 1860 2537 ferri,
1888 2497 1916 2528 si
1940 2498 1980 2529 ad
2005 2510 2054 2531 re-

1103 2558 1261 2605 quicorum
1282 2559 1475 2592 mentionem
1495 2561 1658 2594 reseratur.
