2310 2860
132 637 212 679 151

136 1045 213 1086 152

252 206 330 246 181

829 206 1026 249 Martiani
1059 206 1258 264 Capellae
1295 209 1368 253 lib.
1392 209 1444 252 ΙΙ.
1475 212 1508 263 §.
1538 212 1634 254 150.

245 312 401 353 robore
440 326 618 368 quoque
657 314 847 371 corporis
885 323 1161 372 praeparata,
1206 315 1381 370 &EQ
1420 318 1684 361 vocabulum
1726 320 1977 378 possidebat.
2043 323 2135 364 Hae
2165 324 2208 364 in

246 392 495 449 amplexum
541 394 630 447 ejus
679 396 967 453 osculumque
996 396 1272 450 deferuntur,
1319 408 1448 455 atque
1493 416 1589 443 eam
1621 417 1760 458 quum
1803 405 1913 447 intra
1957 405 2208 447 cubiculum

244 475 550 531 conspicerent,
599 493 675 533 per
713 480 857 521 omnia
901 480 1184 536 trepidantem
1223 489 1263 522 et
1301 481 1418 524 velut
1460 483 1697 539 lucifugam
1738 485 2085 528 haesitationibus
2116 495 2206 528 tor-

241 565 432 611 pentem,
477 567 622 613 pectus
654 560 744 615 ejus
775 561 1017 617 faciemque
1048 571 1271 605 tractantes
1302 565 1345 605 in
1377 575 1650 622 conspectum
1683 568 1880 610 omnium
1911 579 1951 610 et
1980 569 2203 625 publicam

245 639 391 680 venire
433 639 586 682 facicm
629 644 941 699 compulerunt.

1016 646 1113 687 Post
1167 645 1244 687 has
1298 646 1483 702 ingressa
1527 646 1743 703 quaedam
1789 650 1928 703 gravis
1972 649 2208 704 crinitaque

239 719 421 771 semina,
448 731 486 762 et
513 738 564 764 ex
589 738 659 776 cO,
692 725 809 781 quod
836 742 912 782 per
941 728 1078 784 ipsam
1102 727 1266 784 Jupiter
1297 742 1522 770 ascensum
1545 728 1705 770 eunctis
1736 728 1781 770 in
1803 743 1960 785 supera
1991 728 2201 780 tribuerit,

242 800 480 844 admodum
523 804 715 860 gloriosa.

794 808 939 858 Quam
994 825 1134 865 quum
1172 811 1292 866 virgo
1342 811 1621 866 conspiceret,
1669 809 1724 851 ad
1763 824 1860 852 eam
1907 811 2026 851 omni
2066 807 2206 850 studio

242 882 484 940 affectuque
529 888 736 928 cucurrit:
772 889 932 944 quippe
972 890 1160 944 quadam
1206 891 1363 934 fiducia
1404 902 1728 948 compertorum
1769 892 1861 948 ipsa
1907 891 2044 932 eidem
2085 905 2207 932 sean-

239 962 429 1006 alendum
462 967 632 1008 coelum
662 967 803 1009 fuerat
832 980 1061 1026 augurata,
1093 981 1132 1012 et
1160 986 1276 1012 nune
1309 972 1364 1013 ad
1398 988 1497 1014 eam
1527 972 1572 1014 in
1603 972 1774 1029 nuptias
1807 971 2122 1028 corrogandam
2154 970 2207 1012 ab

921 1031 975 1052 'sa

243 1046 332 1101 ipso
371 1048 617 1089 transmissa
655 1049 931 1106 Majugena..l
966 1053 1189 1097 Praeterea
1228 1065 1310 1097 tres
1348 1054 1516 1112 puellae
1555 1055 1678 1097 vultu
1718 1054 1960 1110 decoreque
1998 1053 2124 1111 parili
2155 1065 2206 1094 ac

242 1196 350 1233 ctiam,
374 1194 553 1237 pleonasmi
569 1195 707 1239 speciem
724 1197 839 1238 refert,
866 1209 970 1241 neque
989 1204 1095 1231 tamen
1113 1199 1203 1231 omit-

242 1263 308 1288 tere
334 1269 431 1288 ausus
454 1269 541 1297 sum,
567 1258 643 1290 lieet
662 1260 788 1292 codices
814 1272 901 1302 esse,
932 1274 949 1293 a
974 1263 1090 1306 quibus
1110 1274 1203 1295 exsu-

243 1320 301 1353 let.
335 1321 484 1352 Bouzlam
510 1322 586 1366 (var.
609 1323 682 1356 leet.
706 1337 736 1368 p.
756 1325 817 1368 57)
836 1325 958 1358 doceat.

319 1383 461 1430 Γίνῐιση]
503 1387 630 1418 Virtuti
661 1387 712 1419 vel
747 1389 966 1431 Fortitudini,
1016 1404 1110 1435 quam
1146 1391 1202 1423 illo

241 1446 368 1477 nomine
395 1452 506 1478 noster
533 1448 706 1489 significat,
737 1449 863 1482 diuinos
886 1452 1022 1483 tributos
1049 1465 1119 1484 esse.
1146 1455 1202 1485 ho-

240 1521 352 1550 nores,
382 1516 446 1541 tam
465 1511 637 1555 scriptores
656 1518 816 1546 testantur
839 1515 957 1560 (Varro
976 1517 1014 1548 L.
1028 1518 1067 1549 L.
1087 1518 1121 1558 4,
1143 1518 1201 1549 46.

239 1573 346 1605 Plaut.
368 1573 529 1619 Amphitr.
552 1577 634 1620 prol.
660 1577 719 1609 42.
745 1578 818 1611 Liv.
843 1580 903 1620 27,
932 1581 990 1612 23.
1017 1581 1082 1620 29,
1109 1582 1152 1612 11
1181 1581 1201 1612 f.

240 1637 309 1670 Cic.
330 1637 371 1669 N.
389 1638 429 1669 l).
453 1638 493 1679 2,
522 1640 580 1671 25.
607 1642 665 1673 51.
692 1643 735 1682 5,
763 1644 824 1675 56.
848 1644 888 1674 de
913 1644 974 1685 leg.
993 1645 1027 1683 2,
1053 1646 1107 1675 11.
1135 1645 1201 1676 Va-

239 1699 338 1729 lerius
366 1699 525 1730 Maximus
554 1702 592 1741 1,
626 1703 655 1732 1.
690 1701 750 1734 Sil.
774 1704 814 1743 5,
851 1704 931 1735 126.
961 1706 1026 1744 13,
1055 1706 1112 1736 22.
1140 1706 1199 1737 40.

240 1763 297 1793 09,
308 1762 476 1794 Claudian.
488 1763 521 1795 in
536 1763 612 1795 Ruf.
623 1766 654 1806 1,
665 1766 854 1799 52.Vict0r.
872 1768 943 1800 urb.
957 1769 1081 1810 region.
1097 1770 1127 1801 1.
1139 1769 1199 1800 Ju-

241 1826 346 1858 venal.
366 1828 401 1866 1,
429 1829 512 1860 115.
537 1827 664 1863 Arnob.
690 1831 722 1862 4.
749 1843 779 1875 p.
801 1832 883 1864 127.
907 1832 1054 1865 Lactant.
1080 1835 1112 1872 1,
1138 1834 1199 1868 20.

240 1889 412 1932 Augustin.
438 1891 478 1931 4,
514 1893 570 1924 20.
602 1893 660 1925 22.
687 1895 744 1926 24.
778 1897 818 1936 5,
851 1897 907 1928 12.
936 1898 968 1937 7,
996 1899 1029 1929 5.
1065 1897 1198 1929 Anthol.

241 1953 299 1986 Gr.
326 1953 364 1984 de
389 1954 500 1986 Boseh
529 1956 569 1995 5,
596 1956 659 1996 14,
690 1957 713 1989 G
732 1962 764 1988 et
784 1957 835 2001 7),
866 1970 961 2002 quam
988 1959 1130 2003 lapidum
1160 1959 1198 1991 ti-

241 2015 301 2047 tuli
320 2015 428 2060 (Grut.
452 2016 546 2049 inser.
570 2018 652 2059 100,
675 2019 709 2051 4.
728 2021 760 2051 5.
789 2020 872 2061 102,
894 2021 927 2053 4.
957 2023 1039 2061 106,
1061 2023 1094 2053 6.
1113 2022 1198 2063 456,

240 2080 295 2122 5),
315 2080 348 2111 in
369 2080 485 2123 quibus
512 2086 544 2112 et
569 2082 698 2114 Virium
723 2094 858 2124 nomen,
880 2097 986 2130 neque
1008 2086 1111 2117 solum
1137 2086 1200 2119 »vi

244 2141 388 2173 divinae«
406 2142 524 2184 legitur
540 2143 728 2188 inscriptum
745 2145 852 2189 (Grut.
874 2147 934 2187 94,
960 2148 1006 2191 5),
1026 2149 1083 2180 scd
1103 2149 1198 2182 etiam

252 2203 402 2234 »Viribus
428 2216 569 2236 sacrum«
599 2206 679 2250 (89,
711 2208 743 2239 9.
772 2209 886 2249 1011,
921 2209 966 2252 1).

318 2264 396 2310 hae]
425 2266 452 2296 E
488 2267 597 2299 codiee
630 2268 781 2310 Hugiano
817 2271 899 2303 hanc
925 2283 1037 2303 vocem
1069 2271 1200 2314 inserui,

245 2338 327 2369 quae
357 2338 458 2358 nexus
495 2340 590 2360 causa
621 2330 676 2362 vix
700 2330 812 2363 abesse
834 2338 973 2377 poterat.
1001 2335 1200 2377 Cantabrigi-

246 2389 331 2420 ensis
353 2401 411 2433 pro
434 2401 470 2421 ea
497 2390 593 2422 habet
622 2393 739 2440 itaque.

321 2450 558 2497 compulemmt]
585 2453 614 2484 E
643 2454 807 2488 codicibus
835 2456 1045 2499 Britannico,
1082 2458 1199 2492 Canta-

246 2513 415 2555 brigiensi,
445 2514 613 2556 Hugiano‚
642 2516 890 2551 Darmstattensi
921 2525 952 2552 et
978 2521 1200 2563 Bongarsiano

247 2577 307 2607 hoe
336 2576 475 2620 reposui.
510 2576 656 2622 Namque
695 2580 818 2614 uenire
846 2584 1040 2627 compulere«
1072 2584 1201 2618 auribus

248 2640 350 2672 minus
379 2646 427 2674 est
453 2646 625 2687 acceptum.

1321 1199 1459 1245 femina]
1482 1200 1725 1244 Philosophiam
1743 1201 1825 1233 hane
1845 1213 1916 1233 esse
1934 1201 2065 1245 patebit,
2090 1200 2118 1232 si
2135 1211 2208 1233 cum

1254 1263 1324 1295 aliis
1342 1264 1425 1308 apud
1439 1270 1584 1295 nostrum
1599 1264 1680 1296 loeis
1692 1264 1799 1309 (§.{)G.
1815 1264 1901 1309 578)
1917 1266 2003 1297 hune
2022 1263 2206 1297 contuleris.

1329 1324 1515 1372 ascensum]
1549 1326 1603 1358 Ab
1630 1325 1800 1370 Aegyptiis
1827 1327 1894 1368 jam
1919 1332 2048 1369 recepta
2079 1332 2206 1359 senten-

1254 1389 1297 1421 tia
1328 1395 1412 1430 erat,
1450 1389 1519 1421 fieri
1546 1401 1660 1433 posse,
1691 1394 1727 1419 ut
1759 1389 1909 1420 mortales
1935 1389 2030 1420 etiam
2062 1390 2209 1422 homiues

1252 1451 1285 1482 in
1311 1451 1436 1483 eoelum
1459 1451 1670 1482 ascenderent
1699 1449 1846 1494 ffliodor.
1867 1450 1933 1483 Sic.
1957 1452 1990 1491 1,
2015 1452 2084 1495 15).
2116 1451 2208 1484 Idem

1253 1519 1286 1546 et
1313 1513 1431 1546 Gracci
1458 1513 1617 1545 docebant
1639 1513 1791 1556 (Pausan.
1817 1514 1849 1553 1,
1873 1513 1939 1554 54,
1969 1513 2003 1545 2.
2030 1515 2071 1555 8,
2098 1514 2141 1555 2,
2170 1514 2208 1558 2)

1252 1583 1285 1608 et
1308 1577 1391 1608 inter
1408 1577 1574 1607 Romanos
1601 1575 1791 1619 praesertim
1817 1576 1933 1606 Cicero
1959 1575 2011 1618 (N.
2033 1576 2076 1608 D.
2091 1577 2126 1616 2,
2148 1576 2206 1608 24.

1251 1642 1292 1680 5,
1315 1641 1379 1679 19,
1410 1639 1448 1670 de
1476 1630 1571 1680 l‘cgib.
1602 1639 1641 1679 2,
1670 1638 1724 1681 8),
1757 1650 1853 1682 quem
1877 1638 2023 1682 pluribus
2048 1639 2130 1672 loeis
2157 1652 2206 1672 se-

1252 1707 1343 1735 cutus
1369 1707 1417 1732 cst
1445 1706 1555 1732 noster
1579 1699 1621 1744 (ξ.
1643 1700 1690 1732 94
1714 1711 1803 1744 sequ.
1831 1705 1863 1732 ct
1891 1701 1984 1744 143).

1325 1763 1481 1810 cucurrit]
1507 1764 1625 1797 Melius
1650 1765 1728 1805 hoc,
1756 1776 1851 1809 quam
1869 1768 2032 1798 concurrit
2046 1766 2080 1798 in
2101 1765 2205 1809 editis,

1250 1829 1357 1872 recepi
1382 1841 1399 1861 e
1425 1828 1609 1860 Basileensi
1633 1834 1665 1860 et
1686 1829 1837 1870 Ilugiano
1861 1829 1980 1861 codice.

1320 1891 1493 1937 augurata]
1519 1892 1684 1934 Philologi
1708 1893 1791 1925 enim
1815 1894 2036 1938 philosophiae
2061 1906 2121 1940 ope
2146 1895 2202 1928 im-

1251 1955 1474 1987 mortalitatem
1496 1954 1618 1987 animae
1644 1955 1705 1986 sibi
1727 1955 1787 1987 visi
1813 1961 1888 1987 sunt
1912 1956 2065 1989 invenire.

1325 2017 1377 2066 ac]
1405 2018 1536 2064 Optime
1566 2019 1647 2051 duae
1671 2020 1875 2052 membranae
1899 2033 2004 2068 aequa
2028 2027 2204 2055 venustate.

1249 2084 1375 2116 Rmrn.
1393 2082 1448 2127 (ad
1470 2083 1554 2116 Stat.
1577 2083 1679 2116 Theb.
1700 2084 1735 2124 2,
1759 2084 1851 2125 286,
1885 2085 1923 2118 Τ,
1942 2086 1974 2117 2.
2002 2099 2033 2130 p.
2045 2086 2140 2130 459).
2157 2105 2204 2110 —

1249 2148 1346 2180 Delet
1375 2148 1557 2180 Vossianus
1586 2147 1690 2180 codex
1714 2148 1794 2181 illud
1819 2161 1875 2189 ac,
1907 2155 2002 2192 atque
2025 2149 2100 2182 hine
2123 2151 2203 2183 arhi-

1251 2216 1318 2242 tror
1350 2210 1529 2242 confirmari
1564 2210 1769 2254 scripturam,
1813 2223 1908 2254 quam
1940 2223 1980 2242 ex
2014 2213 2205 2246 membranis

1250 2272 1401 2317 produxit
1428 2271 1599 2312 Bartliius,
1631 2284 1790 2316 quamque
1823 2272 1952 2304 omnino
1978 2286 2084 2306 veram
2109 2281 2204 2320 puto,

1251 2335 1313 2367 nisi
1342 2334 1414 2378 quis
1441 2334 1551 2366 mallet
1577 2335 1689 2365 »vultu
1709 2335 1842 2374 decoro,
1871 2347 1976 2382 aequa
1997 2344 2204 2378 venustate«,

1249 2402 1286 2429 ut
1315 2396 1394 2428 illud
1422 2397 1521 2440 parili
1547 2407 1588 2428 ex
1618 2395 1726 2438 glossa
1756 2395 1937 2441 irrepserit,
1977 2410 2040 2442 qua
2068 2400 2140 2444 quis
2171 2401 2205 2432 in

1250 2459 1391 2501 margine
1422 2470 1527 2506 aequa
1550 2469 1610 2502 per
1633 2459 1732 2501 parili
1757 2459 1956 2502 exposuerit,
1987 2461 2027 2492 de
2056 2474 2119 2505 qua
2141 2462 2203 2505 sig-

1251 2522 1433 2554 nificatione
1455 2520 1521 2551 dixi
1538 2520 1577 2550 ad
1597 2518 1765 2552 sedulium
1788 2522 1818 2553 1.
1842 2522 1896 2553 17.
1913 2521 2036 2554 ARN-n.
2055 2523 2101 2567 (in
2115 2524 2203 2557 misc.

1252 2598 1283 2630 p.
1307 2584 1405 2629 209).
1425 2603 1473 2609 —
1504 2583 1639 2616 Cautior
1669 2595 1728 2626 ego
1752 2584 1922 2616 lectionem
1948 2587 2071 2620 servavi
2095 2587 2202 2630 vulga-

1253 2653 1326 2681 tam.
1352 2647 1469 2693 Aequa
1495 2646 1654 2688 glossema
1682 2652 1731 2679 est
1755 2646 1842 2679 vocis
1865 2648 1970 2690 pan'li.
