2310 2860
219 124 306 165 516
788 118 986 162 Martiani
1020 117 1219 175 Capellae
1250 118 1321 161 lib.
1343 117 1418 161 III.
1449 120 1600 172 §.5152

220 245 322 272 nam
365 230 400 271 E
438 230 557 270 litera
612 226 818 283 producta
875 228 1176 278 terminantur,
1238 236 1285 267 ut
1335 226 1457 268 video
1506 227 1625 279 vide,
1687 242 1839 270 moneo
1889 244 2027 272 mone.
2099 232 2175 272 Se-

223 312 385 353 cundae
425 309 725 364 conjugationis
766 308 901 350 verba
939 306 1146 348 infinitivo
1191 306 1319 347 modo
1359 307 1518 362 adjecta
1561 308 1612 349 ad
1649 309 1955 364 imperativum
1994 311 2175 353 modum

221 407 267 433 re
303 390 467 446 syllaba
505 399 703 430 manente
742 389 1019 445 productione
1061 387 1364 439 terminantur,
1411 398 1459 429 ut
1489 389 1586 429 vide
1623 389 1790 441 videre,
1828 405 1956 432 mone
1984 407 2173 434 monere.

221 470 441 513 Secundae
465 471 766 526 conjugationis
791 472 924 514 verba
947 470 1173 511 indicativo
1198 470 1326 511 modo
1351 479 1544 525 tempore
1567 472 1791 525 praeterito
1820 473 1958 528 specie
1986 474 2175 515 absoluta

222 563 261 594 et
291 561 437 594 exacta
471 561 632 606 septem
663 551 801 593 modis
836 551 1115 591 declinantur.
1173 549 1226 591 Et
1257 559 1317 591 est
1348 551 1512 606 primus
1522 582 1534 601 ,
1574 552 1648 606 qui
1679 551 1866 593 formam
1897 553 2071 608 regulae
2101 568 2175 595 cu-

221 633 356 676 stodit.
410 633 522 674 Nam
556 631 695 672 forma
725 632 831 671 haec
865 615 947 682 est,
986 646 1125 687 quum
1156 630 1367 672 secundae
1398 632 1700 687 conjugationis
1733 633 1917 674 verbum
1952 634 2176 676 indicativo

222 714 353 755 modo
388 722 581 766 tempore
612 711 836 767 praeterito
869 710 1044 766 quidem
1076 712 1262 768 perfecto
1294 712 1455 766 adjecta
1485 712 1538 752 ad
1569 713 1874 768 imperativum
1915 715 2096 756 modum
2134 716 2177 755 vi

221 795 386 851 syllaba
408 803 604 835 manente
634 793 915 850 productione
941 793 1207 846 terminatur,
1239 803 1287 835 ut
1317 793 1437 834 deleo
1465 792 1625 846 delevi3
1657 794 2078 851 plusquamperfecto
2099 808 2177 835 au-

220 887 305 919 tem
341 875 509 928 adjectis
542 874 594 916 ad
623 874 929 930 imperativum
961 873 1143 915 modum
1171 890 1226 917 ve
1258 883 1299 914 et
1326 887 1422 914 ram
1455 873 1627 928 syllabis
1659 874 1962 927 terminantur,
2005 884 2053 915 ut
2084 873 2178 915 dele

220 956 479 996 deleveram.
510 953 731 996 Secundus
755 964 827 1005 est,
858 969 999 1010 quum
1028 955 1244 996 indicativi
1274 954 1390 996 modi
1413 954 1577 1010 primae
1608 969 1835 1010 personae,
1865 956 1901 997 E
1920 965 1959 997 et
1983 956 2021 998 O
2049 956 2179 997 literis

220 1037 492 1087 terminatae,
525 1046 744 1077 transeunt
773 1037 816 1077 in
847 1037 888 1088 I,
932 1047 979 1078 ut
1007 1037 1131 1078 sedeo
1163 1036 1274 1087 sedi,
1305 1045 1344 1076 et
1376 1039 1419 1076 in
1451 1045 1622 1086 exacta,
1664 1045 1712 1076 ut
1741 1036 1947 1077 sederam.
2007 1035 2178 1077 Tertius

222 1127 301 1168 est,
342 1131 482 1172 quum
512 1117 549 1157 E
584 1126 624 1157 et
655 1117 693 1157 O
724 1117 767 1157 in
797 1117 839 1157 V
871 1125 910 1156 et
939 1116 958 1156 I
992 1125 1236 1165 mutantur,
1280 1123 1327 1154 ut
1357 1115 1477 1155 caleo
1518 1115 1650 1165 calui,
1703 1129 1857 1155 moneo
1890 1115 2059 1165 monui,
2107 1128 2178 1155 ca-

219 1197 408 1247 lueram,
440 1210 707 1237 monueram.
750 1196 939 1245 Quartus
971 1206 1049 1246 est,
1082 1209 1222 1250 quum
1252 1194 1288 1235 E
1316 1205 1353 1236 et
1385 1196 1423 1236 O
1453 1196 1497 1236 in
1527 1195 1547 1236 I
1577 1204 1763 1246 mutant,
1806 1205 1846 1237 et
1876 1204 2176 1236 consonantem

223 1293 335 1334 quae
368 1276 582 1332 praecedit
613 1276 655 1316 in
692 1276 741 1325 S,
788 1284 838 1314 ut
874 1274 1047 1329 mulgeo
1078 1275 1206 1315 mulsi
1236 1276 1487 1316 mulseram.
1550 1276 1735 1324 Quintus
1773 1284 1851 1325 est,
1902 1289 2041 1329 quum
2073 1275 2109 1315 E
2141 1284 2180 1315 et

221 1359 260 1399 O
292 1359 334 1398 in
365 1358 385 1397 I
415 1366 601 1407 mutant,
641 1354 896 1411 praecedens
937 1369 1040 1395 vero
1077 1370 1309 1396 consonans
1344 1357 1386 1396 in
1417 1356 1461 1395 X
1493 1364 1704 1406 mutatur,
1747 1364 1794 1395 ut
1823 1354 1946 1395 luceo
1978 1364 2017 1395 et
2049 1354 2173 1409 lugeo

218 1438 312 1479 luxi
334 1438 546 1478 luxeram.
578 1436 731 1476 Sextus
757 1444 828 1485 est,
856 1434 931 1489 qui
961 1449 1036 1489 per
1061 1434 1393 1490 duplicationem
1424 1435 1614 1490 syllabae
1644 1434 1881 1489 profertur,
1911 1443 1960 1475 ut
1990 1433 2178 1489 spondeo

219 1519 428 1576 spopondi
458 1517 786 1574 spoponderam.
828 1516 1042 1571 Septimus
1074 1524 1145 1564 est,
1178 1515 1254 1569 qui
1284 1514 1511 1555 resolvitur
1537 1515 1580 1555 in
1603 1514 1791 1555 formam
1816 1515 2102 1569 passivorum,
2132 1523 2180 1555 ut

222 1600 358 1642 audeo
395 1613 522 1641 ausus
556 1612 677 1648 sum,
720 1613 784 1647 es,
830 1605 909 1647 est,
951 1609 1078 1636 ausus
1121 1608 1260 1644 eram,
1307 1609 1420 1645 eras,
1459 1603 1560 1636 erat.
1621 1593 1842 1634 Secundae
1874 1594 2176 1649 conjugationis

221 1679 354 1720 verba
387 1677 614 1719 indicativo
644 1676 773 1718 modo
811 1676 948 1731 specie
978 1674 1219 1716 inchoativa
1249 1674 1410 1729 adjecta
1442 1673 1495 1715 ad
1524 1674 1830 1728 imperativum
1861 1673 2047 1715 modum·
2073 1675 2176 1715 bam

218 1758 384 1812 syllaba
413 1766 610 1797 manente
650 1756 927 1812 productione
975 1756 1278 1806 terminantur,
1313 1764 1361 1795 ut
1391 1754 1488 1795 vide
1521 1753 1745 1804 videbam,
1777 1768 1904 1794 mone
1934 1755 2176 1795 monebam.

222 1837 443 1879 Secundae
474 1836 777 1890 conjugationis
817 1835 949 1876 verba
987 1835 1214 1877 indicativo
1246 1834 1375 1876 modo
1410 1844 1603 1890 tempore
1642 1835 1787 1876 futuro
1819 1834 1981 1890 adjecta
2011 1833 2065 1875 ad
2093 1835 2177 1875 im-

222 1917 464 1972 perativum
489 1914 669 1955 modum
691 1914 746 1956 bo
771 1914 935 1969 syllaba
963 1925 1160 1957 manente
1184 1914 1461 1972 productione
1489 1915 1783 1968 terminantur,
1817 1925 1861 1957 ut
1886 1915 1982 1957 vide
2005 1914 2172 1966 videbo,

223 2009 349 2036 mone
381 1994 575 2036 monebo.

594 2149 673 2191 DE
712 2149 934 2191 TERTIA
977 2149 1435 2193 CONJUGATIONE
1481 2149 1805 2203 CORREPTA.

105 2255 192 2300 516
395 2253 564 2295 Tertiae
595 2256 896 2311 conjugationis
927 2265 1145 2312 correptae
1176 2255 1310 2298 verba
1338 2255 1565 2299 indicativo
1597 2256 1724 2298 modo
1751 2265 1943 2311 tempore
1967 2258 2175 2312 praesenti

223 2349 403 2392 persona
432 2335 573 2391 prima
608 2345 680 2377 aut
709 2337 746 2378 O
769 2337 891 2379 litera
921 2337 1041 2379 nulla
1071 2338 1150 2379 alia
1180 2337 1316 2380 vocali
1354 2337 1630 2393 praecedente
1664 2337 1968 2390 terminantur,
2004 2347 2052 2380 ut
2079 2339 2170 2394 lego

223 2474 344 2506 dicihus
378 2473 635 2508 Reichenauensi
674 2479 706 2507 et
743 2474 989 2509 Darmstattensi
1026 2482 1057 2510 et
1095 2476 1173 2511 Cas·
1301 2478 1390 2511 luceo
1409 2476 1454 2523 et]
1482 2477 1638 2523 Supplevi
1665 2478 1741 2510 haec
1767 2477 1862 2510 verba
1887 2489 1904 2509 e
1929 2475 2173 2509 Darmstattensi

223 2535 360 2567 siodoro.
1225 2538 1342 2573 codice.
