<?xml version="1.0" encoding="UTF-8"?>
<!DOCTYPE html PUBLIC "-//W3C//DTD XHTML 1.0 Transitional//EN"
    "http://www.w3.org/TR/xhtml1/DTD/xhtml1-transitional.dtd">
<html xmlns="http://www.w3.org/1999/xhtml" xml:lang="en" lang="en">
 <head>
  <title>
</title>
<meta http-equiv="Content-Type" content="text/html;charset=utf-8" />
  <meta name='ocr-system' content='tesseract 3.04.00' />
  <meta name='ocr-capabilities' content='ocr_page ocr_carea ocr_par ocr_line ocrx_word'/>
</head>
<body>
  <div class='ocr_page' id='page_1' title='image "./denuptiisphilolo00martuoft/denuptiisphilolo00martuoft_0735.png"; bbox 0 0 2310 2860; ppageno 0'>
   <div class='ocr_carea' id='block_1_1' title="bbox 798 157 2194 214">
    <p class='ocr_par' dir='ltr' id='par_1_1' title="bbox 798 157 2194 214">
     <span class='ocr_line' id='line_1_1' title="bbox 798 157 2194 214; baseline 0.001 -14"><span class='ocrx_word' id='word_1_1' title='bbox 798 157 1000 200; x_wconf 87' lang='lat' dir='ltr'>Martiani</span> <span class='ocrx_word' id='word_1_2' title='bbox 1031 158 1233 214; x_wconf 85' lang='lat' dir='ltr'><strong>Capellae</strong></span> <span class='ocrx_word' id='word_1_3' title='bbox 1263 158 1337 200; x_wconf 90' lang='lat' dir='ltr'>lib.</span> <span class='ocrx_word' id='word_1_4' title='bbox 1363 158 1443 200; x_wconf 82' lang='lat' dir='ltr'>IX.</span> <span class='ocrx_word' id='word_1_5' title='bbox 1483 160 1514 210; x_wconf 55' lang='grc' dir='ltr'>ᾗ.</span> <span class='ocrx_word' id='word_1_6' title='bbox 1538 158 1633 201; x_wconf 79' lang='grc'>897.</span> <span class='ocrx_word' id='word_1_7' title='bbox 2108 161 2194 202; x_wconf 80' lang='grc'>697</span> 
     </span>
    </p>
   </div>
   <div class='ocr_carea' id='block_1_2' title="bbox 220 265 2304 1377">
    <p class='ocr_par' dir='ltr' id='par_1_2' title="bbox 224 265 2196 810">
     <span class='ocr_line' id='line_1_2' title="bbox 229 265 2196 322; baseline 0.001 -15"><span class='ocrx_word' id='word_1_8' title='bbox 229 273 343 308; x_wconf 86' lang='lat' dir='ltr'>meta</span> <span class='ocrx_word' id='word_1_9' title='bbox 367 265 582 322; x_wconf 89' lang='lat' dir='ltr'>permittit.</span> <span class='ocrx_word' id='word_1_10' title='bbox 625 265 679 308; x_wconf 90' lang='lat' dir='ltr'>Et</span> <span class='ocrx_word' id='word_1_11' title='bbox 702 265 858 318; x_wconf 89' lang='lat' dir='ltr'>fateor,</span> <span class='ocrx_word' id='word_1_12' title='bbox 890 266 1067 317; x_wconf 87' lang='lat' dir='ltr'>vellem,</span> <span class='ocrx_word' id='word_1_13' title='bbox 1101 266 1136 307; x_wconf 89' lang='lat' dir='ltr'>si</span> <span class='ocrx_word' id='word_1_14' title='bbox 1160 280 1293 321; x_wconf 87' lang='lat' dir='ltr'>quam</span> <span class='ocrx_word' id='word_1_15' title='bbox 1319 265 1677 306; x_wconf 79' lang='lat' dir='ltr'>examinationem</span> <span class='ocrx_word' id='word_1_16' title='bbox 1703 265 1918 321; x_wconf 84' lang='lat' dir='ltr'>virginum</span> <span class='ocrx_word' id='word_1_17' title='bbox 1948 278 2196 322; x_wconf 80' lang='lat' dir='ltr'>prorogaret</span> 
     </span>
     <span class='ocr_line' id='line_1_3' title="bbox 231 346 2193 404; baseline 0.001 -16"><span class='ocrx_word' id='word_1_18' title='bbox 231 347 483 398; x_wconf 76' lang='lat' dir='ltr'>auctoritas,</span> <span class='ocrx_word' id='word_1_19' title='bbox 530 347 621 402; x_wconf 88' lang='lat' dir='ltr'>ipsa</span> <span class='ocrx_word' id='word_1_20' title='bbox 662 362 839 402; x_wconf 88' lang='lat' dir='ltr'>quoque</span> <span class='ocrx_word' id='word_1_21' title='bbox 874 356 960 388; x_wconf 86' lang='lat' dir='ltr'>tam</span> <span class='ocrx_word' id='word_1_22' title='bbox 1002 346 1212 402; x_wconf 87' lang='lat' dir='ltr'>praecluis</span> <span class='ocrx_word' id='word_1_23' title='bbox 1260 346 1503 387; x_wconf 91' lang='lat' dir='ltr'>eruditionis</span> <span class='ocrx_word' id='word_1_24' title='bbox 1551 356 1708 388; x_wconf 88' lang='lat' dir='ltr'>asserta</span> <span class='ocrx_word' id='word_1_25' title='bbox 1747 362 2015 403; x_wconf 83' lang='lat' dir='ltr'>cognoscer03</span> <span class='ocrx_word' id='word_1_26' title='bbox 2068 363 2193 404; x_wconf 90' lang='lat' dir='ltr'>prae-</span> 
     </span>
     <span class='ocr_line' id='line_1_4' title="bbox 228 428 2191 485; baseline 0.002 -17"><span class='ocrx_word' id='word_1_27' title='bbox 228 430 463 484; x_wconf 88' lang='lat' dir='ltr'>sertimque</span> <span class='ocrx_word' id='word_1_28' title='bbox 495 443 634 483; x_wconf 86' lang='lat' dir='ltr'>quum</span> <span class='ocrx_word' id='word_1_29' title='bbox 668 428 958 484; x_wconf 76' lang='lat' dir='ltr'>perendinatio</span> <span class='ocrx_word' id='word_1_30' title='bbox 992 428 1295 469; x_wconf 80' lang='lat' dir='ltr'>rationabiliter</span> <span class='ocrx_word' id='word_1_31' title='bbox 1326 437 1613 483; x_wconf 79' lang='lat' dir='ltr'>exspectatur,</span> <span class='ocrx_word' id='word_1_32' title='bbox 1644 444 1696 468; x_wconf 91' lang='grc'>110</span> <span class='ocrx_word' id='word_1_33' title='bbox 1727 429 1878 471; x_wconf 83' lang='lat' dir='ltr'>lassata</span> <span class='ocrx_word' id='word_1_34' title='bbox 1908 431 2191 485; x_wconf 90' lang='lat' dir='ltr'>cognoscentis</span> 
     </span>
     <span class='ocr_line' id='line_1_5' title="bbox 228 508 2191 566; baseline 0.003 -18"><span class='ocrx_word' id='word_1_35' title='bbox 228 522 358 549; x_wconf 87' lang='lat' dir='ltr'>curae</span> <span class='ocrx_word' id='word_1_36' title='bbox 378 508 616 563; x_wconf 79' lang='lat' dir='ltr'>fatigatione</span> <span class='ocrx_word' id='word_1_37' title='bbox 640 508 804 550; x_wconf 88' lang='lat' dir='ltr'>fastidia</span> <span class='ocrx_word' id='word_1_38' title='bbox 827 524 998 550; x_wconf 90' lang='lat' dir='ltr'>omnem</span> <span class='ocrx_word' id='word_1_39' title='bbox 1025 509 1173 551; x_wconf 90' lang='lat' dir='ltr'>doctae</span> <span class='ocrx_word' id='word_1_40' title='bbox 1197 510 1470 551; x_wconf 88' lang='lat' dir='ltr'>intimationis</span> <span class='ocrx_word' id='word_1_41' title='bbox 1497 525 1725 551; x_wconf 78' lang='lat' dir='ltr'>excursum</span> <span class='ocrx_word' id='word_1_42' title='bbox 1752 521 1950 566; x_wconf 87' lang='lat' dir='ltr'>gravatae</span> <span class='ocrx_word' id='word_1_43' title='bbox 1972 512 2191 554; x_wconf 79' lang='lat' dir='ltr'>laboribus</span> 
     </span>
     <span class='ocr_line' id='line_1_6' title="bbox 228 588 2189 649; baseline 0.003 -19"><span class='ocrx_word' id='word_1_44' title='bbox 228 588 466 631; x_wconf 88' lang='lat' dir='ltr'>intentionis</span> <span class='ocrx_word' id='word_1_45' title='bbox 500 590 751 642; x_wconf 75' lang='lat' dir='ltr'>excludant,</span> <span class='ocrx_word' id='word_1_46' title='bbox 790 600 830 631; x_wconf 92' lang='lat' dir='ltr'>et</span> <span class='ocrx_word' id='word_1_47' title='bbox 861 591 932 632; x_wconf 88' lang='lat' dir='ltr'>illa</span> <span class='ocrx_word' id='word_1_48' title='bbox 968 591 1227 647; x_wconf 76' lang='lat' dir='ltr'>expetendae</span> <span class='ocrx_word' id='word_1_49' title='bbox 1258 593 1502 647; x_wconf 79' lang='lat' dir='ltr'>cognitionis</span> <span class='ocrx_word' id='word_1_50' title='bbox 1534 593 1925 649; x_wconf 85' lang='lat' dir='ltr'>approbandaeque</span> <span class='ocrx_word' id='word_1_51' title='bbox 1954 595 2189 637; x_wconf 88' lang='lat' dir='ltr'>subtilitatis</span> 
     </span>
     <span class='ocr_line' id='line_1_7' title="bbox 226 670 2189 730; baseline 0.003 -20"><span class='ocrx_word' id='word_1_52' title='bbox 226 670 269 710; x_wconf 90' lang='grc'>111</span> <span class='ocrx_word' id='word_1_53' title='bbox 310 670 458 712; x_wconf 89' lang='lat' dir='ltr'>odium</span> <span class='ocrx_word' id='word_1_54' title='bbox 498 672 810 713; x_wconf 89' lang='lat' dir='ltr'>noscendorum</span> <span class='ocrx_word' id='word_1_55' title='bbox 852 672 1003 713; x_wconf 90' lang='lat' dir='ltr'>obtusa</span> <span class='ocrx_word' id='word_1_56' title='bbox 1040 672 1263 727; x_wconf 85' lang='lat' dir='ltr'>multiplici</span> <span class='ocrx_word' id='word_1_57' title='bbox 1308 672 1544 727; x_wconf 77' lang='lat' dir='ltr'>prolixitate</span> <span class='ocrx_word' id='word_1_58' title='bbox 1577 682 1779 713; x_wconf 85' lang='lat' dir='ltr'>vertatur.</span> <span class='ocrx_word' id='word_1_59' title='bbox 1837 674 2030 729; x_wconf 86' lang='lat' dir='ltr'>Aequius</span> <span class='ocrx_word' id='word_1_60' title='bbox 2063 675 2189 730; x_wconf 88' lang='lat' dir='ltr'>igitur</span> 
     </span>
     <span class='ocr_line' id='line_1_8' title="bbox 224 751 2187 810; baseline 0.002 -17"><span class='ocrx_word' id='word_1_61' title='bbox 224 751 335 793; x_wconf 88' lang='lat' dir='ltr'>duco</span> <span class='ocrx_word' id='word_1_62' title='bbox 377 754 667 810; x_wconf 85' lang='lat' dir='ltr'>ampliandam</span> <span class='ocrx_word' id='word_1_63' title='bbox 706 754 1009 796; x_wconf 86' lang='lat' dir='ltr'>discussionem</span> <span class='ocrx_word' id='word_1_64' title='bbox 1040 765 1206 796; x_wconf 87' lang='lat' dir='ltr'>tantum</span> <span class='ocrx_word' id='word_1_65' title='bbox 1240 755 1278 794; x_wconf 88' lang='grc'>111</span> <span class='ocrx_word' id='word_1_66' title='bbox 1325 754 1542 795; x_wconf 77' lang='lat' dir='ltr'>ardentem</span> <span class='ocrx_word' id='word_1_67' title='bbox 1575 754 1682 794; x_wconf 89' lang='lat' dir='ltr'>sitim</span> <span class='ocrx_word' id='word_1_68' title='bbox 1721 755 1894 795; x_wconf 86' lang='lat' dir='ltr'>aurium</span> <span class='ocrx_word' id='word_1_69' title='bbox 1925 755 2187 797; x_wconf 76' lang='lat' dir='ltr'>vividarum.</span> 
     </span>
    </p>

    <p class='ocr_par' dir='ltr' id='par_1_3' title="bbox 225 834 2304 972">
     <span class='ocr_line' id='line_1_9' title="bbox 228 834 2304 891; baseline 0.002 -17"><span class='ocrx_word' id='word_1_70' title='bbox 228 834 352 884; x_wconf 86' lang='lat' dir='ltr'>Quae</span> <span class='ocrx_word' id='word_1_71' title='bbox 381 850 519 890; x_wconf 88' lang='lat' dir='ltr'>quum</span> <span class='ocrx_word' id='word_1_72' title='bbox 551 837 676 877; x_wconf 91' lang='lat' dir='ltr'>Luna</span> <span class='ocrx_word' id='word_1_73' title='bbox 707 836 948 886; x_wconf 84' lang='lat' dir='ltr'>dissereret,</span> <span class='ocrx_word' id='word_1_74' title='bbox 979 850 1127 876; x_wconf 88' lang='lat' dir='ltr'>omnes</span> <span class='ocrx_word' id='word_1_75' title='bbox 1158 836 1346 877; x_wconf 84' lang='lat' dir='ltr'>certatim</span> <span class='ocrx_word' id='word_1_76' title='bbox 1381 850 1593 876; x_wconf 86' lang='lat' dir='ltr'>assensere</span> <span class='ocrx_word' id='word_1_77' title='bbox 1623 835 1731 887; x_wconf 82' lang='lat' dir='ltr'>divi3</span> <span class='ocrx_word' id='word_1_78' title='bbox 1767 835 2009 891; x_wconf 86' lang='lat' dir='ltr'>dehincque</span> <span class='ocrx_word' id='word_1_79' title='bbox 2039 847 2185 879; x_wconf 87' lang='lat' dir='ltr'>utrum</span> <span class='ocrx_word' id='word_1_80' title='bbox 2216 836 2304 879; x_wconf 72' lang='lat'>898</span> 
     </span>
     <span class='ocr_line' id='line_1_10' title="bbox 225 915 2188 972; baseline 0.002 -17"><span class='ocrx_word' id='word_1_81' title='bbox 225 917 487 970; x_wconf 82' lang='lat' dir='ltr'>repensatrix</span> <span class='ocrx_word' id='word_1_82' title='bbox 530 917 626 958; x_wconf 88' lang='lat' dir='ltr'>data</span> <span class='ocrx_word' id='word_1_83' title='bbox 666 917 843 972; x_wconf 85' lang='lat' dir='ltr'>diesque</span> <span class='ocrx_word' id='word_1_84' title='bbox 884 916 1166 957; x_wconf 80' lang='lat' dir='ltr'>conserendae</span> <span class='ocrx_word' id='word_1_85' title='bbox 1209 915 1314 956; x_wconf 80' lang='lat' dir='ltr'>dotis</span> <span class='ocrx_word' id='word_1_86' title='bbox 1359 915 1578 970; x_wconf 87' lang='lat' dir='ltr'>prorogari</span> <span class='ocrx_word' id='word_1_87' title='bbox 1622 916 1718 970; x_wconf 79' lang='lat' dir='ltr'>J‘ure</span> <span class='ocrx_word' id='word_1_88' title='bbox 1756 916 1928 971; x_wconf 90' lang='lat' dir='ltr'>publico</span> <span class='ocrx_word' id='word_1_89' title='bbox 1967 918 2096 972; x_wconf 90' lang='lat' dir='ltr'>possit</span> <span class='ocrx_word' id='word_1_90' title='bbox 2122 917 2188 958; x_wconf 86' lang='lat' dir='ltr'>in-</span> 
     </span>
    </p>

    <p class='ocr_par' dir='ltr' id='par_1_4' title="bbox 220 996 2188 1377">
     <span class='ocr_line' id='line_1_11' title="bbox 224 996 2188 1054; baseline 0.001 -18"><span class='ocrx_word' id='word_1_91' title='bbox 224 996 424 1050; x_wconf 85' lang='lat' dir='ltr'>quiritur.</span> <span class='ocrx_word' id='word_1_92' title='bbox 498 997 597 1048; x_wconf 85' lang='lat' dir='ltr'>Quo</span> <span class='ocrx_word' id='word_1_93' title='bbox 639 998 747 1039; x_wconf 91' lang='lat' dir='ltr'>dicto</span> <span class='ocrx_word' id='word_1_94' title='bbox 789 1013 969 1039; x_wconf 89' lang='lat' dir='ltr'>arcanus</span> <span class='ocrx_word' id='word_1_95' title='bbox 1009 998 1079 1038; x_wconf 88' lang='lat' dir='ltr'>ille</span> <span class='ocrx_word' id='word_1_96' title='bbox 1115 997 1239 1053; x_wconf 88' lang='lat' dir='ltr'>prisci</span> <span class='ocrx_word' id='word_1_97' title='bbox 1278 997 1382 1050; x_wconf 86' lang='lat' dir='ltr'>juris</span> <span class='ocrx_word' id='word_1_98' title='bbox 1420 1007 1598 1039; x_wconf 87' lang='lat' dir='ltr'>assertor</span> <span class='ocrx_word' id='word_1_99' title='bbox 1634 1012 1789 1052; x_wconf 87' lang='lat' dir='ltr'>magua</span> <span class='ocrx_word' id='word_1_100' title='bbox 1825 1007 2029 1054; x_wconf 85' lang='lat' dir='ltr'>nepotum</span> <span class='ocrx_word' id='word_1_101' title='bbox 2064 998 2188 1039; x_wconf 93' lang='lat' dir='ltr'>obse-</span> 
     </span>
     <span class='ocr_line' id='line_1_12' title="bbox 226 1078 2187 1136; baseline 0.002 -18"><span class='ocrx_word' id='word_1_102' title='bbox 226 1078 410 1119; x_wconf 84' lang='lat' dir='ltr'>cratione</span> <span class='ocrx_word' id='word_1_103' title='bbox 442 1079 697 1131; x_wconf 86' lang='lat' dir='ltr'>consulitur,</span> <span class='ocrx_word' id='word_1_104' title='bbox 737 1080 1041 1135; x_wconf 87' lang='lat' dir='ltr'>responditque</span> <span class='ocrx_word' id='word_1_105' title='bbox 1072 1079 1322 1134; x_wconf 87' lang='lat' dir='ltr'>regulariter</span> <span class='ocrx_word' id='word_1_106' title='bbox 1355 1080 1478 1120; x_wconf 88' lang='lat' dir='ltr'>etiam</span> <span class='ocrx_word' id='word_1_107' title='bbox 1513 1080 1784 1121; x_wconf 86' lang='lat' dir='ltr'>matrimonio</span> <span class='ocrx_word' id='word_1_108' title='bbox 1816 1080 2012 1136; x_wconf 87' lang='lat' dir='ltr'>copulato</span> <span class='ocrx_word' id='word_1_109' title='bbox 2043 1080 2187 1122; x_wconf 87' lang='lat' dir='ltr'>dotem</span> 
     </span>
     <span class='ocr_line' id='line_1_13' title="bbox 220 1157 2186 1216; baseline 0.002 -17"><span class='ocrx_word' id='word_1_110' title='bbox 220 1157 362 1200; x_wconf 87' lang='lat' dir='ltr'>dicere</span> <span class='ocrx_word' id='word_1_111' title='bbox 401 1159 608 1201; x_wconf 87' lang='lat' dir='ltr'>seminam</span> <span class='ocrx_word' id='word_1_112' title='bbox 653 1161 746 1201; x_wconf 87' lang='lat' dir='ltr'>viro</span> <span class='ocrx_word' id='word_1_113' title='bbox 783 1161 910 1201; x_wconf 88' lang='lat' dir='ltr'>nullis</span> <span class='ocrx_word' id='word_1_114' title='bbox 952 1159 1115 1214; x_wconf 83' lang='lat' dir='ltr'>legibus</span> <span class='ocrx_word' id='word_1_115' title='bbox 1160 1159 1392 1214; x_wconf 85' lang='lat' dir='ltr'>prohiberi.</span> <span class='ocrx_word' id='word_1_116' title='bbox 1461 1161 1515 1200; x_wconf 84' lang='lat' dir='ltr'>At</span> <span class='ocrx_word' id='word_1_117' title='bbox 1551 1169 1651 1200; x_wconf 89' lang='lat' dir='ltr'>tunc</span> <span class='ocrx_word' id='word_1_118' title='bbox 1688 1161 1852 1215; x_wconf 90' lang='lat' dir='ltr'>Jupiter</span> <span class='ocrx_word' id='word_1_119' title='bbox 1893 1161 2013 1216; x_wconf 89' lang='lat' dir='ltr'>periti</span> <span class='ocrx_word' id='word_1_120' title='bbox 2055 1161 2186 1216; x_wconf 89' lang='lat' dir='ltr'>patris</span> 
     </span>
     <span class='ocr_line' id='line_1_14' title="bbox 221 1239 2186 1296; baseline 0.001 -16"><span class='ocrx_word' id='word_1_121' title='bbox 221 1240 457 1281; x_wconf 85' lang='lat' dir='ltr'>eruditione</span> <span class='ocrx_word' id='word_1_122' title='bbox 496 1251 756 1282; x_wconf 87' lang='lat' dir='ltr'>commotus:</span> <span class='ocrx_word' id='word_1_123' title='bbox 788 1241 947 1292; x_wconf 87' lang='lat' dir='ltr'>habeo,</span> <span class='ocrx_word' id='word_1_124' title='bbox 1000 1239 1159 1294; x_wconf 88' lang='lat' dir='ltr'>inquit,</span> <span class='ocrx_word' id='word_1_125' title='bbox 1214 1254 1309 1280; x_wconf 90' lang='lat' dir='ltr'>mea</span> <span class='ocrx_word' id='word_1_126' title='bbox 1346 1240 1541 1294; x_wconf 87' lang='lat' dir='ltr'>pignora,</span> <span class='ocrx_word' id='word_1_127' title='bbox 1596 1240 1926 1296; x_wconf 84' lang='lat' dir='ltr'>gratulandum,</span> <span class='ocrx_word' id='word_1_128' title='bbox 1974 1241 2091 1296; x_wconf 86' lang='lat' dir='ltr'>quod</span> <span class='ocrx_word' id='word_1_129' title='bbox 2124 1241 2186 1282; x_wconf 84' lang='lat' dir='ltr'>sas</span> 
     </span>
     <span class='ocr_line' id='line_1_15' title="bbox 224 1320 2187 1377; baseline 0.002 -17"><span class='ocrx_word' id='word_1_130' title='bbox 224 1320 369 1361; x_wconf 87' lang='lat' dir='ltr'>asserit</span> <span class='ocrx_word' id='word_1_131' title='bbox 409 1320 621 1375; x_wconf 89' lang='lat' dir='ltr'>quidquid</span> <span class='ocrx_word' id='word_1_132' title='bbox 672 1336 746 1362; x_wconf 90' lang='lat' dir='ltr'>vos</span> <span class='ocrx_word' id='word_1_133' title='bbox 793 1321 903 1362; x_wconf 86' lang='lat' dir='ltr'>velle</span> <span class='ocrx_word' id='word_1_134' title='bbox 949 1321 1143 1375; x_wconf 88' lang='lat' dir='ltr'>cognovi.</span> <span class='ocrx_word' id='word_1_135' title='bbox 1210 1321 1366 1375; x_wconf 88' lang='lat' dir='ltr'>Neque</span> <span class='ocrx_word' id='word_1_136' title='bbox 1411 1321 1524 1361; x_wconf 90' lang='lat' dir='ltr'>enim</span> <span class='ocrx_word' id='word_1_137' title='bbox 1570 1321 1754 1362; x_wconf 85' lang='lat' dir='ltr'>fastuosa</span> <span class='ocrx_word' id='word_1_138' title='bbox 1802 1322 1961 1377; x_wconf 87' lang='lat' dir='ltr'>rigidus</span> <span class='ocrx_word' id='word_1_139' title='bbox 2008 1323 2187 1364; x_wconf 91' lang='lat' dir='ltr'>clatione</span> 
     </span>
    </p>
   </div>
   <div class='ocr_carea' id='block_1_3' title="bbox 221 1401 2184 1458">
    <p class='ocr_par' dir='ltr' id='par_1_5' title="bbox 221 1401 2184 1458">
     <span class='ocr_line' id='line_1_16' title="bbox 221 1401 2184 1458; baseline 0.002 -17"><span class='ocrx_word' id='word_1_140' title='bbox 221 1401 439 1456; x_wconf 87' lang='lat' dir='ltr'>defugiam</span> <span class='ocrx_word' id='word_1_141' title='bbox 483 1411 555 1443; x_wconf 87' lang='lat' dir='ltr'>aut</span> <span class='ocrx_word' id='word_1_142' title='bbox 596 1411 789 1442; x_wconf 88' lang='lat' dir='ltr'>vestrum</span> <span class='ocrx_word' id='word_1_143' title='bbox 831 1401 1022 1441; x_wconf 88' lang='lat' dir='ltr'>crebrius</span> <span class='ocrx_word' id='word_1_144' title='bbox 1055 1401 1292 1441; x_wconf 89' lang='lat' dir='ltr'>accelerare</span> <span class='ocrx_word' id='word_1_145' title='bbox 1323 1401 1570 1452; x_wconf 86' lang='lat' dir='ltr'>consilium,</span> <span class='ocrx_word' id='word_1_146' title='bbox 1611 1411 1681 1442; x_wconf 80' lang='lat' dir='ltr'>aut</span> <span class='ocrx_word' id='word_1_147' title='bbox 1711 1401 1934 1443; x_wconf 87' lang='lat' dir='ltr'>doctarum</span> <span class='ocrx_word' id='word_1_148' title='bbox 1967 1403 2184 1458; x_wconf 77' lang='lat' dir='ltr'>virginum</span> 
     </span>
    </p>
   </div>
   <div class='ocr_carea' id='block_1_4' title="bbox 220 1480 2182 1540">
    <p class='ocr_par' dir='ltr' id='par_1_6' title="bbox 220 1480 2182 1540">
     <span class='ocr_line' id='line_1_17' title="bbox 220 1480 2182 1540; baseline 0.002 -18"><span class='ocrx_word' id='word_1_149' title='bbox 220 1481 468 1523; x_wconf 86' lang='lat' dir='ltr'>examinare</span> <span class='ocrx_word' id='word_1_150' title='bbox 498 1481 729 1523; x_wconf 87' lang='lat' dir='ltr'>sollertiam</span> <span class='ocrx_word' id='word_1_151' title='bbox 760 1480 913 1522; x_wconf 88' lang='lat' dir='ltr'>desidis</span> <span class='ocrx_word' id='word_1_152' title='bbox 944 1480 1136 1536; x_wconf 82' lang='lat' dir='ltr'>ignaviae</span> <span class='ocrx_word' id='word_1_153' title='bbox 1167 1480 1500 1523; x_wconf 82' lang='lat' dir='ltr'>dissimulatione</span> <span class='ocrx_word' id='word_1_154' title='bbox 1536 1480 1737 1536; x_wconf 85' lang='lat' dir='ltr'>piguerit,</span> <span class='ocrx_word' id='word_1_155' title='bbox 1768 1483 2016 1536; x_wconf 85' lang='lat' dir='ltr'>praesertim</span> <span class='ocrx_word' id='word_1_156' title='bbox 2043 1498 2182 1540; x_wconf 88' lang='lat' dir='ltr'>quum</span> 
     </span>
    </p>
   </div>
   <div class='ocr_carea' id='block_1_5' title="bbox 212 1652 1177 2644">
    <p class='ocr_par' dir='ltr' id='par_1_7' title="bbox 217 1652 1176 1757">
     <span class='ocr_line' id='line_1_18' title="bbox 292 1652 1176 1699; baseline 0.001 -14"><span class='ocrx_word' id='word_1_157' title='bbox 292 1652 493 1699; x_wconf 82' lang='lat' dir='ltr'>ceterarum]</span> <span class='ocrx_word' id='word_1_158' title='bbox 519 1652 589 1686; x_wconf 84' lang='lat' dir='ltr'>Alii</span> <span class='ocrx_word' id='word_1_159' title='bbox 621 1659 703 1686; x_wconf 82' lang='lat' dir='ltr'>teste</span> <span class='ocrx_word' id='word_1_160' title='bbox 727 1652 843 1686; x_wconf 87' lang='lat' dir='ltr'>Grotio</span> <span class='ocrx_word' id='word_1_161' title='bbox 866 1653 899 1686; x_wconf 87' lang='lat' dir='ltr'>in</span> <span class='ocrx_word' id='word_1_162' title='bbox 921 1654 1063 1696; x_wconf 79' lang='lat' dir='ltr'>margine</span> <span class='ocrx_word' id='word_1_163' title='bbox 1088 1660 1176 1686; x_wconf 72' lang='lat' dir='ltr'>exte-</span> 
     </span>
     <span class='ocr_line' id='line_1_19' title="bbox 217 1718 467 1757; baseline 0.004 -8"><span class='ocrx_word' id='word_1_164' title='bbox 217 1729 346 1757; x_wconf 82' lang='lat' dir='ltr'>rarum,</span> <span class='ocrx_word' id='word_1_165' title='bbox 374 1718 467 1750; x_wconf 87' lang='lat' dir='ltr'>male.</span> 
     </span>
    </p>

    <p class='ocr_par' dir='ltr' id='par_1_8' title="bbox 217 1778 1177 1955">
     <span class='ocr_line' id='line_1_20' title="bbox 290 1778 1177 1828; baseline 0 -17"><span class='ocrx_word' id='word_1_166' title='bbox 290 1782 321 1812; x_wconf 79' lang='lat' dir='ltr'>si</span> <span class='ocrx_word' id='word_1_167' title='bbox 345 1793 442 1828; x_wconf 79' lang='lat' dir='ltr'>quam</span> <span class='ocrx_word' id='word_1_168' title='bbox 461 1778 751 1825; x_wconf 80' lang='lat' dir='ltr'>examinationem]</span> <span class='ocrx_word' id='word_1_169' title='bbox 781 1779 937 1812; x_wconf 85' lang='lat' dir='ltr'>Grotiana</span> <span class='ocrx_word' id='word_1_170' title='bbox 961 1790 1071 1822; x_wconf 81' lang='lat' dir='ltr'>margo</span> <span class='ocrx_word' id='word_1_171' title='bbox 1100 1791 1177 1811; x_wconf 77' lang='lat' dir='ltr'>exa-</span> 
     </span>
     <span class='ocr_line' id='line_1_21' title="bbox 217 1843 1175 1889; baseline 0 -15"><span class='ocrx_word' id='word_1_172' title='bbox 217 1845 394 1876; x_wconf 77' lang='lat' dir='ltr'>minatione</span> <span class='ocrx_word' id='word_1_173' title='bbox 411 1847 583 1889; x_wconf 80' lang='lat' dir='ltr'>virqinem,</span> <span class='ocrx_word' id='word_1_174' title='bbox 603 1845 730 1889; x_wconf 71' lang='grc' dir='ltr'>111οΡ105</span> <span class='ocrx_word' id='word_1_175' title='bbox 754 1844 812 1875; x_wconf 71' lang='grc'>5011</span> <span class='ocrx_word' id='word_1_176' title='bbox 826 1856 885 1876; x_wconf 90' lang='grc'>1100</span> <span class='ocrx_word' id='word_1_177' title='bbox 904 1843 1031 1885; x_wconf 78' lang='lat' dir='ltr'>vulgata</span> <span class='ocrx_word' id='word_1_178' title='bbox 1047 1843 1175 1885; x_wconf 79' lang='lat' dir='ltr'>arridet,</span> 
     </span>
     <span class='ocr_line' id='line_1_22' title="bbox 217 1907 606 1955; baseline 0 -16"><span class='ocrx_word' id='word_1_179' title='bbox 217 1907 280 1940; x_wconf 88' lang='lat' dir='ltr'>nisi</span> <span class='ocrx_word' id='word_1_180' title='bbox 301 1908 458 1939; x_wconf 83' lang='lat' dir='ltr'>scribatur</span> <span class='ocrx_word' id='word_1_181' title='bbox 477 1910 507 1940; x_wconf 82' lang='lat' dir='ltr'>si</span> <span class='ocrx_word' id='word_1_182' title='bbox 531 1920 606 1955; x_wconf 79' lang='lat' dir='ltr'>qua.</span> 
     </span>
    </p>

    <p class='ocr_par' dir='ltr' id='par_1_9' title="bbox 212 1967 1174 2315">
     <span class='ocr_line' id='line_1_23' title="bbox 291 1967 1174 2014; baseline -0.001 -13"><span class='ocrx_word' id='word_1_183' title='bbox 291 1967 529 2014; x_wconf 75' lang='lat' dir='ltr'>perendinatio]</span> <span class='ocrx_word' id='word_1_184' title='bbox 556 1969 630 2002; x_wconf 79' lang='lat' dir='ltr'>MS.</span> <span class='ocrx_word' id='word_1_185' title='bbox 655 1969 955 2012; x_wconf 77' lang='lat' dir='ltr'>comperendinatio.</span> <span class='ocrx_word' id='word_1_186' title='bbox 983 1968 1174 2012; x_wconf 83' lang='lat' dir='ltr'>Comperen-</span> 
     </span>
     <span class='ocr_line' id='line_1_24' title="bbox 216 2031 1174 2076; baseline -0.003 -11"><span class='ocrx_word' id='word_1_187' title='bbox 216 2034 349 2073; x_wconf 73' lang='lat' dir='ltr'>«linare,</span> <span class='ocrx_word' id='word_1_188' title='bbox 375 2039 412 2064; x_wconf 89' lang='lat' dir='ltr'>ut</span> <span class='ocrx_word' id='word_1_189' title='bbox 431 2033 512 2064; x_wconf 90' lang='lat' dir='ltr'>nulli</span> <span class='ocrx_word' id='word_1_190' title='bbox 530 2045 597 2065; x_wconf 91' lang='lat' dir='ltr'>non</span> <span class='ocrx_word' id='word_1_191' title='bbox 620 2038 748 2073; x_wconf 80' lang='lat' dir='ltr'>notum,</span> <span class='ocrx_word' id='word_1_192' title='bbox 782 2044 840 2076; x_wconf 84' lang='lat' dir='ltr'>par</span> <span class='ocrx_word' id='word_1_193' title='bbox 863 2037 912 2064; x_wconf 87' lang='lat' dir='ltr'>est</span> <span class='ocrx_word' id='word_1_194' title='bbox 937 2031 966 2063; x_wconf 87' lang='grc'>01</span> <span class='ocrx_word' id='word_1_195' title='bbox 985 2032 1072 2075; x_wconf 83' lang='lat' dir='ltr'>quod</span> <span class='ocrx_word' id='word_1_196' title='bbox 1093 2032 1174 2063; x_wconf 78' lang='lat' dir='ltr'>infra</span> 
     </span>
     <span class='ocr_line' id='line_1_25' title="bbox 215 2095 1173 2141; baseline -0.003 -12"><span class='ocrx_word' id='word_1_197' title='bbox 215 2097 297 2130; x_wconf 80' lang='lat' dir='ltr'>dixit</span> <span class='ocrx_word' id='word_1_198' title='bbox 327 2098 491 2141; x_wconf 73' lang='lat' dir='ltr'>artiplc’are.</span> <span class='ocrx_word' id='word_1_199' title='bbox 515 2096 621 2129; x_wconf 78' lang='lat' dir='ltr'>Gnor.</span> <span class='ocrx_word' id='word_1_200' title='bbox 644 2115 692 2120; x_wconf 84' lang='lat'><strong>—</strong></span> <span class='ocrx_word' id='word_1_201' title='bbox 728 2096 924 2139; x_wconf 81' lang='lat' dir='ltr'>Neutiquam</span> <span class='ocrx_word' id='word_1_202' title='bbox 959 2095 1050 2127; x_wconf 84' lang='lat' dir='ltr'>lubet</span> <span class='ocrx_word' id='word_1_203' title='bbox 1078 2095 1173 2127; x_wconf 89' lang='lat' dir='ltr'>unius</span> 
     </span>
     <span class='ocr_line' id='line_1_26' title="bbox 212 2157 1174 2203; baseline -0.003 -11"><span class='ocrx_word' id='word_1_204' title='bbox 212 2159 288 2192; x_wconf 83' lang='lat' dir='ltr'>libri</span> <span class='ocrx_word' id='word_1_205' title='bbox 310 2159 421 2203; x_wconf 82' lang='lat' dir='ltr'>scripti</span> <span class='ocrx_word' id='word_1_206' title='bbox 445 2158 546 2201; x_wconf 84' lang='lat' dir='ltr'>gratia</span> <span class='ocrx_word' id='word_1_207' title='bbox 566 2158 674 2191; x_wconf 85' lang='lat' dir='ltr'>locum</span> <span class='ocrx_word' id='word_1_208' title='bbox 697 2158 874 2200; x_wconf 83' lang='lat' dir='ltr'>corrigere,</span> <span class='ocrx_word' id='word_1_209' title='bbox 901 2157 957 2201; x_wconf 89' lang='lat' dir='ltr'>qui</span> <span class='ocrx_word' id='word_1_210' title='bbox 978 2157 1105 2189; x_wconf 88' lang='lat' dir='ltr'>minime</span> <span class='ocrx_word' id='word_1_211' title='bbox 1123 2163 1174 2189; x_wconf 87' lang='lat' dir='ltr'>est</span> 
     </span>
     <span class='ocr_line' id='line_1_27' title="bbox 213 2219 1172 2265; baseline -0.001 -13"><span class='ocrx_word' id='word_1_212' title='bbox 213 2221 386 2262; x_wconf 80' lang='lat' dir='ltr'>obscurus,</span> <span class='ocrx_word' id='word_1_213' title='bbox 419 2220 609 2265; x_wconf 89' lang='lat' dir='ltr'>praesertim</span> <span class='ocrx_word' id='word_1_214' title='bbox 642 2232 742 2265; x_wconf 87' lang='lat' dir='ltr'>quum</span> <span class='ocrx_word' id='word_1_215' title='bbox 773 2232 841 2253; x_wconf 86' lang='lat' dir='ltr'>non</span> <span class='ocrx_word' id='word_1_216' title='bbox 869 2220 1048 2253; x_wconf 85' lang='lat' dir='ltr'>Martianus</span> <span class='ocrx_word' id='word_1_217' title='bbox 1082 2219 1172 2252; x_wconf 89' lang='lat' dir='ltr'>solus</span> 
     </span>
     <span class='ocr_line' id='line_1_28' title="bbox 213 2282 517 2315; baseline 0.003 -1"><span class='ocrx_word' id='word_1_218' title='bbox 213 2282 269 2315; x_wconf 88' lang='lat' dir='ltr'>illa</span> <span class='ocrx_word' id='word_1_219' title='bbox 295 2294 375 2314; x_wconf 86' lang='lat' dir='ltr'>voce</span> <span class='ocrx_word' id='word_1_220' title='bbox 400 2288 517 2315; x_wconf 85' lang='lat' dir='ltr'>utatur.</span> 
     </span>
    </p>

    <p class='ocr_par' dir='ltr' id='par_1_10' title="bbox 213 2345 1170 2451">
     <span class='ocr_line' id='line_1_29' title="bbox 286 2345 1170 2391; baseline -0.002 -13"><span class='ocrx_word' id='word_1_221' title='bbox 286 2345 488 2391; x_wconf 73' lang='lat' dir='ltr'>subtilitatis]</span> <span class='ocrx_word' id='word_1_222' title='bbox 513 2346 586 2378; x_wconf 84' lang='lat' dir='ltr'>Nisi</span> <span class='ocrx_word' id='word_1_223' title='bbox 603 2347 765 2380; x_wconf 76' lang='lat' dir='ltr'>subtilitas</span> <span class='ocrx_word' id='word_1_224' title='bbox 786 2347 940 2391; x_wconf 86' lang='lat' dir='ltr'>scriptum</span> <span class='ocrx_word' id='word_1_225' title='bbox 964 2345 1076 2387; x_wconf 81' lang='lat' dir='ltr'>fuerit,</span> <span class='ocrx_word' id='word_1_226' title='bbox 1099 2356 1170 2377; x_wconf 89' lang='lat' dir='ltr'>sen-</span> 
     </span>
     <span class='ocr_line' id='line_1_30' title="bbox 213 2409 639 2451; baseline 0.002 -10"><span class='ocrx_word' id='word_1_227' title='bbox 213 2409 311 2443; x_wconf 84' lang='lat' dir='ltr'>tentia</span> <span class='ocrx_word' id='word_1_228' title='bbox 337 2409 483 2451; x_wconf 82' lang='lat' dir='ltr'>subjecto</span> <span class='ocrx_word' id='word_1_229' title='bbox 509 2410 639 2442; x_wconf 79' lang='lat' dir='ltr'>carebit.</span> 
     </span>
    </p>

    <p class='ocr_par' dir='ltr' id='par_1_11' title="bbox 212 2471 1168 2644">
     <span class='ocr_line' id='line_1_31' title="bbox 287 2471 1168 2519; baseline -0.002 -13"><span class='ocrx_word' id='word_1_230' title='bbox 287 2475 324 2506; x_wconf 84' lang='lat' dir='ltr'>in</span> <span class='ocrx_word' id='word_1_231' title='bbox 348 2471 533 2518; x_wconf 77' lang='lat' dir='ltr'>ardentem]</span> <span class='ocrx_word' id='word_1_232' title='bbox 559 2474 634 2507; x_wconf 84' lang='lat' dir='ltr'>Hoc</span> <span class='ocrx_word' id='word_1_233' title='bbox 667 2479 731 2507; x_wconf 83' lang='lat' dir='ltr'>est:</span> <span class='ocrx_word' id='word_1_234' title='bbox 762 2479 815 2507; x_wconf 73' lang='lat' dir='ltr'>»ut</span> <span class='ocrx_word' id='word_1_235' title='bbox 837 2473 1050 2519; x_wconf 81' lang='lat' dir='ltr'>voluptuosae</span> <span class='ocrx_word' id='word_1_236' title='bbox 1074 2483 1168 2505; x_wconf 85' lang='lat' dir='ltr'>aures</span> 
     </span>
     <span class='ocr_line' id='line_1_32' title="bbox 213 2535 1167 2582; baseline 0 -14"><span class='ocrx_word' id='word_1_237' title='bbox 213 2548 338 2582; x_wconf 83' lang='lat' dir='ltr'>semper</span> <span class='ocrx_word' id='word_1_238' title='bbox 368 2535 542 2581; x_wconf 84' lang='lat' dir='ltr'>eupiditate</span> <span class='ocrx_word' id='word_1_239' title='bbox 565 2536 715 2569; x_wconf 84' lang='lat' dir='ltr'>audiendi</span> <span class='ocrx_word' id='word_1_240' title='bbox 740 2543 937 2570; x_wconf 84' lang='lat' dir='ltr'>teneantur.«</span> <span class='ocrx_word' id='word_1_241' title='bbox 960 2537 1167 2570; x_wconf 56' lang='lat' dir='ltr'>vunan.—</span> 
     </span>
     <span class='ocr_line' id='line_1_33' title="bbox 212 2598 1167 2644; baseline -0.002 -11"><span class='ocrx_word' id='word_1_242' title='bbox 212 2600 330 2640; x_wconf 86' lang='lat' dir='ltr'>Rectc,</span> <span class='ocrx_word' id='word_1_243' title='bbox 354 2610 459 2643; x_wconf 87' lang='lat' dir='ltr'>neque</span> <span class='ocrx_word' id='word_1_244' title='bbox 477 2609 609 2633; x_wconf 83' lang='lat' dir='ltr'>neccsse</span> <span class='ocrx_word' id='word_1_245' title='bbox 631 2604 691 2641; x_wconf 83' lang='lat' dir='ltr'>est,</span> <span class='ocrx_word' id='word_1_246' title='bbox 710 2600 797 2644; x_wconf 84' lang='lat' dir='ltr'>quod</span> <span class='ocrx_word' id='word_1_247' title='bbox 815 2599 895 2633; x_wconf 85' lang='lat' dir='ltr'>alios</span> <span class='ocrx_word' id='word_1_248' title='bbox 910 2599 1017 2643; x_wconf 77' lang='lat' dir='ltr'>legere</span> <span class='ocrx_word' id='word_1_249' title='bbox 1033 2598 1167 2634; x_wconf 86' lang='lat' dir='ltr'>Grotius</span> 
     </span>
    </p>
   </div>
   <div class='ocr_carea' id='block_1_6' title="bbox 1218 1654 2182 2692">
    <p class='ocr_par' dir='ltr' id='par_1_12' title="bbox 1227 1654 2181 1751">
     <span class='ocr_line' id='line_1_34' title="bbox 1227 1654 2181 1700; baseline 0.002 -14"><span class='ocrx_word' id='word_1_250' title='bbox 1227 1654 1262 1686; x_wconf 87' lang='lat' dir='ltr'>in</span> <span class='ocrx_word' id='word_1_251' title='bbox 1280 1654 1422 1695; x_wconf 80' lang='lat' dir='ltr'>margine</span> <span class='ocrx_word' id='word_1_252' title='bbox 1446 1654 1584 1695; x_wconf 77' lang='lat' dir='ltr'>notavit,</span> <span class='ocrx_word' id='word_1_253' title='bbox 1610 1655 1794 1687; x_wconf 69' lang='lat' dir='ltr'>invidio-um</span> <span class='ocrx_word' id='word_1_254' title='bbox 1809 1666 1867 1700; x_wconf 88' lang='lat' dir='ltr'>pro</span> <span class='ocrx_word' id='word_1_255' title='bbox 1890 1656 2071 1688; x_wconf 79' lang='lat' dir='ltr'>vividarum</span> <span class='ocrx_word' id='word_1_256' title='bbox 2076 1679 2089 1696; x_wconf 85' lang='lat'>,</span> <span class='ocrx_word' id='word_1_257' title='bbox 2120 1655 2181 1688; x_wconf 84' lang='lat' dir='ltr'>nisi</span> 
     </span>
     <span class='ocr_line' id='line_1_35' title="bbox 1228 1717 1991 1751; baseline 0.003 -3"><span class='ocrx_word' id='word_1_258' title='bbox 1228 1718 1405 1748; x_wconf 75' lang='lat' dir='ltr'>invitorum</span> <span class='ocrx_word' id='word_1_259' title='bbox 1427 1717 1461 1749; x_wconf 86' lang='lat' dir='ltr'>in</span> <span class='ocrx_word' id='word_1_260' title='bbox 1485 1729 1522 1749; x_wconf 84' lang='lat' dir='ltr'>ea</span> <span class='ocrx_word' id='word_1_261' title='bbox 1542 1717 1679 1749; x_wconf 88' lang='lat' dir='ltr'>lectione</span> <span class='ocrx_word' id='word_1_262' title='bbox 1699 1718 1799 1750; x_wconf 86' lang='lat' dir='ltr'>latere</span> <span class='ocrx_word' id='word_1_263' title='bbox 1820 1718 1991 1751; x_wconf 79' lang='lat' dir='ltr'>existimas.</span> 
     </span>
    </p>

    <p class='ocr_par' dir='ltr' id='par_1_13' title="bbox 1300 1778 1812 1824">
     <span class='ocr_line' id='line_1_36' title="bbox 1300 1778 1812 1824; baseline 0 -13"><span class='ocrx_word' id='word_1_264' title='bbox 1300 1778 1453 1824; x_wconf 76' lang='lat' dir='ltr'>assertor]</span> <span class='ocrx_word' id='word_1_265' title='bbox 1482 1779 1812 1814; x_wconf 60' lang='lat' dir='ltr'>Saturnusvtzcax.</span> 
     </span>
    </p>

    <p class='ocr_par' dir='ltr' id='par_1_14' title="bbox 1220 1839 2182 2452">
     <span class='ocr_line' id='line_1_37' title="bbox 1302 1839 2182 1888; baseline 0.003 -16"><span class='ocrx_word' id='word_1_266' title='bbox 1302 1839 1548 1888; x_wconf 80' lang='lat' dir='ltr'>responditque]</span> <span class='ocrx_word' id='word_1_267' title='bbox 1579 1842 1786 1885; x_wconf 80' lang='lat' dir='ltr'>Responsum</span> <span class='ocrx_word' id='word_1_268' title='bbox 1808 1843 1870 1874; x_wconf 86' lang='grc'>1100</span> <span class='ocrx_word' id='word_1_269' title='bbox 1898 1842 1981 1873; x_wconf 77' lang='lat' dir='ltr'>veris</span> <span class='ocrx_word' id='word_1_270' title='bbox 2007 1841 2182 1875; x_wconf 85' lang='lat' dir='ltr'>Justiniani</span> 
     </span>
     <span class='ocr_line' id='line_1_38' title="bbox 1227 1903 2180 1947; baseline 0.004 -13"><span class='ocrx_word' id='word_1_271' title='bbox 1227 1903 1391 1947; x_wconf 87' lang='lat' dir='ltr'>responsis</span> <span class='ocrx_word' id='word_1_272' title='bbox 1426 1903 1648 1945; x_wconf 81' lang='lat' dir='ltr'>confirmatur,</span> <span class='ocrx_word' id='word_1_273' title='bbox 1686 1904 1756 1937; x_wconf 88' lang='lat' dir='ltr'>cod.</span> <span class='ocrx_word' id='word_1_274' title='bbox 1783 1904 1822 1935; x_wconf 84' lang='lat' dir='ltr'>de</span> <span class='ocrx_word' id='word_1_275' title='bbox 1847 1904 2073 1936; x_wconf 78' lang='lat' dir='ltr'>donationibus</span> <span class='ocrx_word' id='word_1_276' title='bbox 2107 1911 2180 1938; x_wconf 85' lang='lat' dir='ltr'>ante</span> 
     </span>
     <span class='ocr_line' id='line_1_39' title="bbox 1226 1965 2177 2010; baseline 0.003 -14"><span class='ocrx_word' id='word_1_277' title='bbox 1226 1966 1354 2009; x_wconf 79' lang='lat' dir='ltr'>nuptias</span> <span class='ocrx_word' id='word_1_278' title='bbox 1373 1966 1393 1997; x_wconf 89' lang='lat' dir='ltr'>l.</span> <span class='ocrx_word' id='word_1_279' title='bbox 1415 1966 1591 2010; x_wconf 81' lang='lat' dir='ltr'>penultima</span> <span class='ocrx_word' id='word_1_280' title='bbox 1613 1971 1646 1997; x_wconf 85' lang='lat' dir='ltr'>et</span> <span class='ocrx_word' id='word_1_281' title='bbox 1666 1966 1776 1997; x_wconf 82' lang='lat' dir='ltr'>ultima</span> <span class='ocrx_word' id='word_1_282' title='bbox 1801 1965 1851 1997; x_wconf 79' lang='lat' dir='ltr'>liis</span> <span class='ocrx_word' id='word_1_283' title='bbox 1881 1967 2002 1998; x_wconf 74' lang='lat' dir='ltr'>verbis:</span> <span class='ocrx_word' id='word_1_284' title='bbox 2033 1967 2079 1998; x_wconf 80' lang='lat' dir='ltr'>»si</span> <span class='ocrx_word' id='word_1_285' title='bbox 2103 1979 2177 1999; x_wconf 86' lang='lat' dir='ltr'>con-</span> 
     </span>
     <span class='ocr_line' id='line_1_40' title="bbox 1226 2028 2179 2071; baseline 0.003 -13"><span class='ocrx_word' id='word_1_286' title='bbox 1226 2028 1331 2058; x_wconf 84' lang='lat' dir='ltr'>silium</span> <span class='ocrx_word' id='word_1_287' title='bbox 1354 2033 1520 2060; x_wconf 80' lang='lat' dir='ltr'>constante</span> <span class='ocrx_word' id='word_1_288' title='bbox 1546 2028 1746 2059; x_wconf 81' lang='lat' dir='ltr'>matrimonio</span> <span class='ocrx_word' id='word_1_289' title='bbox 1774 2029 1937 2071; x_wconf 81' lang='lat' dir='ltr'>augendae</span> <span class='ocrx_word' id='word_1_290' title='bbox 1960 2029 2044 2060; x_wconf 90' lang='lat' dir='ltr'>dotis</span> <span class='ocrx_word' id='word_1_291' title='bbox 2072 2029 2179 2062; x_wconf 84' lang='lat' dir='ltr'>inierit</span> 
     </span>
     <span class='ocr_line' id='line_1_41' title="bbox 1225 2093 2176 2137; baseline 0.001 -13"><span class='ocrx_word' id='word_1_292' title='bbox 1225 2104 1343 2133; x_wconf 74' lang='lat' dir='ltr'>uxor«,</span> <span class='ocrx_word' id='word_1_293' title='bbox 1370 2097 1418 2123; x_wconf 84' lang='lat' dir='ltr'>et:</span> <span class='ocrx_word' id='word_1_294' title='bbox 1448 2105 1566 2137; x_wconf 79' lang='lat' dir='ltr'>»quare</span> <span class='ocrx_word' id='word_1_295' title='bbox 1586 2093 1670 2125; x_wconf 87' lang='grc'>0111111</span> <span class='ocrx_word' id='word_1_296' title='bbox 1695 2093 1803 2125; x_wconf 84' lang='lat' dir='ltr'>dotem</span> <span class='ocrx_word' id='word_1_297' title='bbox 1829 2094 1957 2137; x_wconf 85' lang='lat' dir='ltr'>quidem</span> <span class='ocrx_word' id='word_1_298' title='bbox 1983 2094 2078 2125; x_wconf 87' lang='lat' dir='ltr'>etiam</span> <span class='ocrx_word' id='word_1_299' title='bbox 2101 2106 2176 2126; x_wconf 89' lang='lat' dir='ltr'>con-</span> 
     </span>
     <span class='ocr_line' id='line_1_42' title="bbox 1225 2155 2168 2189; baseline -0.001 -1"><span class='ocrx_word' id='word_1_300' title='bbox 1225 2163 1330 2188; x_wconf 83' lang='lat' dir='ltr'>stante</span> <span class='ocrx_word' id='word_1_301' title='bbox 1354 2156 1555 2188; x_wconf 86' lang='lat' dir='ltr'>matrimouio</span> <span class='ocrx_word' id='word_1_302' title='bbox 1579 2156 1704 2189; x_wconf 86' lang='lat' dir='ltr'>mulieri</span> <span class='ocrx_word' id='word_1_303' title='bbox 1725 2156 1838 2188; x_wconf 88' lang='lat' dir='ltr'>marito</span> <span class='ocrx_word' id='word_1_304' title='bbox 1864 2156 1939 2189; x_wconf 89' lang='lat' dir='ltr'>dare</span> <span class='ocrx_word' id='word_1_305' title='bbox 1966 2155 2168 2188; x_wconf 85' lang='lat' dir='ltr'>conceditur«</span> 
     </span>
     <span class='ocr_line' id='line_1_43' title="bbox 1223 2218 2174 2263; baseline -0.001 -11"><span class='ocrx_word' id='word_1_306' title='bbox 1223 2226 1284 2252; x_wconf 90' lang='lat' dir='ltr'>etc.</span> <span class='ocrx_word' id='word_1_307' title='bbox 1316 2219 1466 2252; x_wconf 80' lang='lat' dir='ltr'>Notanda</span> <span class='ocrx_word' id='word_1_308' title='bbox 1495 2224 1600 2251; x_wconf 87' lang='lat' dir='ltr'>autem</span> <span class='ocrx_word' id='word_1_309' title='bbox 1631 2221 1692 2251; x_wconf 89' lang='grc'>1100</span> <span class='ocrx_word' id='word_1_310' title='bbox 1719 2219 1792 2251; x_wconf 88' lang='grc'>1000</span> <span class='ocrx_word' id='word_1_311' title='bbox 1821 2218 1946 2263; x_wconf 82' lang='lat' dir='ltr'>phrasis</span> <span class='ocrx_word' id='word_1_312' title='bbox 1970 2219 2074 2250; x_wconf 78' lang='lat' dir='ltr'>dotem</span> <span class='ocrx_word' id='word_1_313' title='bbox 2098 2219 2174 2258; x_wconf 79' lang='lat' dir='ltr'>dici,</span> 
     </span>
     <span class='ocr_line' id='line_1_44' title="bbox 1223 2279 2171 2326; baseline 0 -13"><span class='ocrx_word' id='word_1_314' title='bbox 1223 2294 1304 2326; x_wconf 86' lang='lat' dir='ltr'>quae</span> <span class='ocrx_word' id='word_1_315' title='bbox 1328 2287 1361 2313; x_wconf 87' lang='lat' dir='ltr'>et</span> <span class='ocrx_word' id='word_1_316' title='bbox 1375 2281 1616 2323; x_wconf 84' lang='lat' dir='ltr'>jurisconsultis</span> <span class='ocrx_word' id='word_1_317' title='bbox 1635 2281 1759 2313; x_wconf 87' lang='lat' dir='ltr'>usitata.</span> <span class='ocrx_word' id='word_1_318' title='bbox 1772 2281 1925 2312; x_wconf 72' lang='lat' dir='ltr'>GRoT.--</span> <span class='ocrx_word' id='word_1_319' title='bbox 1942 2280 2055 2323; x_wconf 84' lang='lat' dir='ltr'>Inepta</span> <span class='ocrx_word' id='word_1_320' title='bbox 2075 2279 2171 2313; x_wconf 85' lang='lat' dir='ltr'>lectio</span> 
     </span>
     <span class='ocr_line' id='line_1_45' title="bbox 1222 2342 2172 2387; baseline -0.001 -11"><span class='ocrx_word' id='word_1_321' title='bbox 1222 2344 1356 2376; x_wconf 82' lang='lat' dir='ltr'>aliorum</span> <span class='ocrx_word' id='word_1_322' title='bbox 1387 2349 1437 2375; x_wconf 88' lang='lat' dir='ltr'>est</span> <span class='ocrx_word' id='word_1_323' title='bbox 1460 2345 1564 2376; x_wconf 81' lang='lat' dir='ltr'>dotem</span> <span class='ocrx_word' id='word_1_324' title='bbox 1591 2344 1725 2383; x_wconf 76' lang='lat' dir='ltr'>ducere,</span> <span class='ocrx_word' id='word_1_325' title='bbox 1753 2354 1846 2387; x_wconf 84' lang='lat' dir='ltr'>quam</span> <span class='ocrx_word' id='word_1_326' title='bbox 1868 2347 1954 2374; x_wconf 87' lang='lat' dir='ltr'>recte</span> <span class='ocrx_word' id='word_1_327' title='bbox 1982 2342 2116 2375; x_wconf 84' lang='lat' dir='ltr'>Grotius</span> <span class='ocrx_word' id='word_1_328' title='bbox 2137 2342 2172 2375; x_wconf 88' lang='lat' dir='ltr'>in</span> 
     </span>
     <span class='ocr_line' id='line_1_46' title="bbox 1220 2407 1528 2452; baseline 0 -12"><span class='ocrx_word' id='word_1_329' title='bbox 1220 2408 1362 2450; x_wconf 81' lang='lat' dir='ltr'>margine</span> <span class='ocrx_word' id='word_1_330' title='bbox 1386 2407 1528 2452; x_wconf 82' lang='lat' dir='ltr'>reliquit.</span> 
     </span>
    </p>

    <p class='ocr_par' dir='ltr' id='par_1_15' title="bbox 1218 2467 2167 2579">
     <span class='ocr_line' id='line_1_47' title="bbox 1295 2467 2167 2515; baseline -0.002 -13"><span class='ocrx_word' id='word_1_331' title='bbox 1295 2468 1486 2515; x_wconf 82' lang='lat' dir='ltr'>commotus]</span> <span class='ocrx_word' id='word_1_332' title='bbox 1512 2468 1581 2502; x_wconf 70' lang='lat' dir='ltr'>Alii</span> <span class='ocrx_word' id='word_1_333' title='bbox 1606 2474 1687 2501; x_wconf 86' lang='lat' dir='ltr'>teste</span> <span class='ocrx_word' id='word_1_334' title='bbox 1716 2467 1830 2500; x_wconf 86' lang='lat' dir='ltr'>Grotio</span> <span class='ocrx_word' id='word_1_335' title='bbox 1855 2467 1889 2500; x_wconf 87' lang='grc'>111</span> <span class='ocrx_word' id='word_1_336' title='bbox 1916 2467 2057 2510; x_wconf 81' lang='lat' dir='ltr'>margine</span> <span class='ocrx_word' id='word_1_337' title='bbox 2087 2480 2167 2502; x_wconf 82' lang='lat' dir='ltr'>com-</span> 
     </span>
     <span class='ocr_line' id='line_1_48' title="bbox 1218 2531 1754 2579; baseline -0.009 -10"><span class='ocrx_word' id='word_1_338' title='bbox 1218 2536 1378 2574; x_wconf 76' lang='lat' dir='ltr'>monitus,</span> <span class='ocrx_word' id='word_1_339' title='bbox 1407 2545 1473 2565; x_wconf 87' lang='lat' dir='ltr'>non</span> <span class='ocrx_word' id='word_1_340' title='bbox 1494 2535 1639 2579; x_wconf 82' lang='lat' dir='ltr'>profecto</span> <span class='ocrx_word' id='word_1_341' title='bbox 1662 2531 1754 2564; x_wconf 85' lang='lat' dir='ltr'>male.</span> 
     </span>
    </p>

    <p class='ocr_par' dir='ltr' id='par_1_16' title="bbox 1289 2592 2169 2643">
     <span class='ocr_line' id='line_1_49' title="bbox 1289 2592 2169 2643; baseline -0.003 -13"><span class='ocrx_word' id='word_1_342' title='bbox 1289 2594 1481 2643; x_wconf 77' lang='lat' dir='ltr'>accelerare]</span> <span class='ocrx_word' id='word_1_343' title='bbox 1497 2595 1620 2642; x_wconf 81' lang='lat' dir='ltr'>Recepi</span> <span class='ocrx_word' id='word_1_344' title='bbox 1631 2595 1802 2629; x_wconf 86' lang='lat' dir='ltr'>lectionem</span> <span class='ocrx_word' id='word_1_345' title='bbox 1820 2604 1838 2626; x_wconf 89' lang='lat' dir='ltr'>a</span> <span class='ocrx_word' id='word_1_346' title='bbox 1849 2592 1964 2628; x_wconf 84' lang='lat' dir='ltr'>Grotio</span> <span class='ocrx_word' id='word_1_347' title='bbox 1979 2594 2013 2629; x_wconf 86' lang='lat' dir='ltr'>in</span> <span class='ocrx_word' id='word_1_348' title='bbox 2028 2594 2169 2638; x_wconf 76' lang='lat' dir='ltr'>margine</span> 
     </span>
    </p>

    <p class='ocr_par' dir='ltr' id='par_1_17' title="bbox 1709 2659 1756 2692">
     <span class='ocr_line' id='line_1_50' title="bbox 1709 2659 1756 2692; baseline 0 0"><span class='ocrx_word' id='word_1_349' title='bbox 1709 2659 1756 2692; x_wconf 86' lang='lat'>88</span> 
     </span>
    </p>
   </div>
  </div>
 </body>
</html>
