2310 2860
705 139 904 184 Martiani
935 138 1135 197 Capellae
1163 138 1236 182 lib.
1260 138 1340 182 IX.
1377 140 1409 193 §.
1429 138 1531 186 97⁷¹.
2008 143 2095 186 757

548 318 627 361 DE
667 318 878 360 TRIBUS
916 318 1287 361 RHYTHMICIS
1326 320 1669 363 GENERIBUS.

304 426 565 480 Rhythmica
590 441 692 467 vero
717 440 870 480 genera
895 434 994 466 sunt
1018 425 1117 476 tria,
1149 440 1262 480 quae
1286 426 1386 467 alias
1408 426 1628 481 dactylica,
1659 427 1856 480 iambica,
1886 432 2087 485 paeonica

130 508 423 559 nominantur,
455 509 554 549 alias
586 508 803 562 aequalia,
835 507 963 555 [alias]
1000 506 1221 557 hemiolia,
1251 506 1450 562 duplicia.
1509 508 1707 562 Denique
1737 510 1862 550 etiam
1895 513 2088 568 epitritus

128 588 325 629 sociatur.
378 589 543 629 Etenim
572 602 682 628 unus
707 602 899 643 semper,
930 601 1069 642 quum
1099 587 1177 629 sibi
1206 587 1333 629 fuerit
1358 598 1544 644 aptatus,
1575 598 1621 630 ut
1647 591 1835 644 aequalis
1867 594 2088 645 convenit,

127 668 206 709 tria
237 684 339 710 vero
372 669 424 709 ad
447 669 533 710 duo
557 682 765 710 nume-rus
795 667 1021 709 hemiolius
1047 677 1128 720 est3
1157 667 1318 724 duplex
1345 684 1447 710 vero
1472 669 1548 724 qui
1581 669 1705 711 suerit
1734 670 1785 711 ad
1810 672 2085 726 singularem,

125 750 340 804 geminam
382 751 588 792 rationem
631 760 719 792 tam
762 748 1028 804 syllabarum
1076 764 1209 804 quain
1247 758 1493 804 temporum
1536 759 1699 803 servat3
1753 761 1937 805 quatuor
1982 769 2086 795 vero

126 828 178 870 ad
209 830 286 871 tria
323 831 474 886 epitriti
507 830 685 872 modum
714 829 886 871 faciunt.
945 827 1029 869 Sed
1067 842 1178 883 quae
1215 829 1409 883 aequalia
1439 828 1651 881 diximus,
1695 830 1846 873 eadem
1877 832 2085 888 dactylica

123 923 211 951 esse
250 910 456 965 dicimus3
501 912 688 967 denique
724 912 767 952 in
808 911 1016 966 dactylico
1056 925 1210 965 genere
1247 911 1365 966 signa
1397 911 1563 966 aequali
1593 912 1672 953 sibi
1705 913 1802 967 jure
1833 923 2083 966 nectuntur3

122 1004 276 1032 verum
310 992 361 1033 ad
394 992 574 1034 alterum
614 993 681 1035 vel
720 991 774 1034 ad
815 1005 1049 1034 numerum
1081 991 1301 1047 geminum
1332 990 1420 1032 duo
1451 991 1568 1033 velut
1597 992 1705 1033 forte
1736 994 1968 1048 aequalitas
1999 1009 2082 1034 nu-

119 1087 287 1114 merosa
314 1074 523 1115 decurret.
582 1075 786 1129 Sequitur
810 1074 1043 1115 iambicum
1068 1088 1220 1128 genus,
1253 1071 1369 1126 quod
1395 1071 1623 1127 diplasium
1649 1075 1847 1128 superius
1872 1076 2082 1130 expressi3

117 1151 162 1193 in
193 1166 279 1206 quo
303 1152 462 1208 pedum
494 1155 610 1208 signa
637 1152 852 1208 duplicem
885 1153 1092 1193 rationem
1119 1152 1172 1192 ad
1202 1152 1387 1192 invicem
1419 1162 1615 1204 servant,
1644 1153 1735 1194 sive
1766 1167 1878 1195 unus
1904 1154 1957 1195 ad
1980 1154 2082 1205 duo,

116 1232 206 1274 sive
245 1232 297 1274 ad
335 1242 522 1288 quatuor
561 1233 743 1288 gemini,
782 1232 851 1275 vel
894 1231 1105 1287 quidquid
1146 1231 1200 1273 ad
1237 1232 1422 1288 duplum
1453 1232 1598 1273 currit.
1658 1233 1923 1276 Hemiolium
1957 1250 2080 1287 sane,

118 1312 235 1369 quod
266 1314 521 1369 paeonicum
553 1322 841 1364 memoratur,
879 1321 980 1355 tunc
1011 1322 1092 1365 est,
1132 1327 1271 1369 quum
1303 1312 1462 1368 pedum
1495 1313 1612 1368 signa
1651 1312 1841 1355 hemiolii
1871 1316 2077 1357 rationem

187 1455 264 1482 sunl
289 1448 371 1495 tria]
399 1449 547 1481 Totidem
563 1449 630 1491 jam
654 1448 750 1480 Plato
775 1453 921 1480 numerat
947 1447 1000 1492 (de
1023 1459 1070 1480 re-

113 1512 202 1557 publ.
230 1515 270 1553 5,
300 1526 331 1557 p.
347 1513 449 1555 400)=
471 1509 531 1547 ὅτι
554 1510 625 1556 μὲν
647 1509 721 1558 γὰρ
752 1510 823 1558 τρί’
845 1509 941 1545 ἅττα
966 1509 1071 1547 ἐστὶν

115 1576 192 1622 ezer]
210 1574 254 1617 ἐξ
271 1569 327 1610 ὦν
339 1577 379 1611 αἱ
394 1572 526 1616 βάσεις
542 1574 764 1618 πλέκονται,
783 1572 910 1621 ὥςπερ
929 1576 970 1610 ἐν
986 1579 1071 1614 τοῖς

113 1634 310 1684 φθόγγοις
335 1637 500 1683 τέτταρα
526 1635 569 1678 ἐξ
593 1630 649 1671 ὧν
673 1639 713 1671 αὶ
735 1636 857 1671 πᾶσαι,
875 1633 1067 1683 ἁρμονίαι,

112 1698 349 1744 τεθεαμένος
365 1696 414 1734 ἄν
433 1699 590 1742 εἴπόιμιε
602 1699 656 1730 ubi
672 1699 743 1730 vide
758 1699 965 1744 interprete53
987 1698 1069 1730 adde

112 1767 144 1793 et
165 1762 355 1794 Ciceronem
378 1761 470 1805 (orat.
488 1761 560 1804 56).

185 1824 266 1855 alias
279 1821 447 1868 dactylica]
474 1823 523 1854 lta
540 1822 592 1854 hie
609 1827 642 1854 et
659 1821 868 1866 sequentibus
883 1821 968 1853 binis
984 1806 1066 1853 locis

110 1898 169 1932 pro
192 1888 258 1919 alia
287 1887 489 1918 scribendum
519 1898 591 1917 esse
620 1886 769 1917 videram.
805 1885 1066 1928 Comproharunt

109 1963 177 1983 eam
202 1951 389 1995 scripturam
419 1949 534 1982 deinde
549 1955 684 1993 uterque
707 1948 856 1992 scriptus.
892 1948 1006 1980 Codex
1025 1933 1064 1980 *A

107 2013 222 2046 vocula
242 2013 366 2045 auctius
387 2012 465 2054 legit
497 2012 578 2043 alias
604 2011 753 2054 duplicia.
767 2010 965 2042 Mnmon1.—
991 2010 1062 2042 Μο-

107 2075 255 2108 nacensis
279 2075 336 2119 (C)
362 2086 490 2118 qnoque
522 2079 571 2105 ter
599 2073 693 2104 iterat
723 2073 825 2111 alias5
859 2071 916 2103 sed
944 2072 1021 2103 mihi
1043 2084 1061 2104 e

107 2137 265 2169 contrario
287 2136 461 2169 seeundum
479 2136 545 2177 jam
565 2135 744 2166 tollendum
761 2133 943 2174 videbatur,
962 2146 1060 2177 qnare

106 2198 232 2230 uncinis
254 2198 381 2232 inclusi.
419 2197 527 2229 Minus
552 2197 658 2240 placet
678 2196 765 2240 quod
790 2195 994 2227 Reuvensius
1013 2195 1060 2239 (in

106 2259 179 2294 coll.
195 2259 255 2293 litt.
278 2271 309 2303 p·
327 2260 409 2302 217)
430 2259 600 2301 legendum
615 2257 783 2302 proposuit
799 2258 884 2290 »alia
902 2257 1058 2301 aequalia,

104 2325 169 2357 alia
189 2322 354 2363 hemiolia,
387 2323 452 2353 alia
481 2322 646 2365 duplicbus«

179 2387 275 2418 etiam
300 2381 466 2428 epitritus]
494 2384 615 2416 Confer
642 2383 842 2416 Boeckhium
867 2382 921 2428 (de
947 2383 1058 2415 metris

103 2447 199 2480 Pind.
218 2460 249 2492 p.
263 2446 331 2489 24)
352 2451 384 2477 et
404 2445 626 2478 Godofi-edum
642 2445 863 2478 Heu-mannum
882 2445 928 2490 (in
948 2457 1059 2490 opusc.

104 2511 216 2551 T.111,
245 2523 276 2555 p.
291 2511 337 2542 91
356 2509 475 2553 sequ.),
502 2508 587 2540 unde
609 2508 732 2541 videbis
757 2510 875 2541 multos
899 2511 982 2542 hane
1009 2521 1057 2541 ra-

103 2573 222 2606 tionem
246 2584 263 2605 e
290 2571 460 2615 generibus
487 2570 674 2616 rhythmicis
697 2571 882 2604 exclusisse.

1195 1444 1335 1491 fite-iuni]
1357 1445 1545 1479 Lectionem
1555 1445 1650 1489 facit,
1670 1457 1765 1490 quam
1787 1452 1923 1491 uterque
1937 1448 2079 1492 scriptus

1122 1510 1232 1550 habet,
1264 1510 1433 1551 genuinam
1466 1521 1592 1541 censeo.
1633 1510 1789 1543 Graecam
1817 1511 1902 1543 enim
1926 1512 2081 1555 loquendi

1121 1573 1275 1604 rationein
1303 1568 1324 1605 ὁ
1348 1569 1389 1606 δὲ
1410 1590 1456 1595 --
1473 1568 1573 1617 πρὸς
1602 1567 1735 1605 τὸν-
1755 1573 1922 1616 expressit.
1961 1574 2080 1605 Editus

1120 1635 1247 1665 modum
1273 1633 1414 1676 facium&
1463 1630 1509 1666 τὸ
1539 1633 1667 1664 modum
1698 1632 1825 1675 glossae
1856 1634 1885 1665 B
1919 1635 2081 1679 explicant

1120 1708 1177 1738 per
1192 1709 1384 1728 mensuram.
1396 1696 1536 1728 Mamm«.
1546 1714 1594 1719 —
1607 1694 1655 1727 At
1672 1708 1747 1728 vero
1768 1698 1914 1741 superius
1935 1698 1976 1742 (ἓ.
1989 1697 2078 1741 951)

1118 1758 1271 1799 legimus:
1290 1763 1343 1789 uut
1359 1764 1437 1789 sunt
1453 1762 1590 1800 quatuor
1609 1757 1649 1788 ad
1666 1763 1759 1790 tres.«
1794 1758 1945 1791 Ceterum
1966 1766 2078 1792 nostro

1118 1833 1247 1864 quoque
1268 1820 1341 1852 loco
1363 1820 1430 1861 alii,
1457 1825 1539 1851 leste
1564 1820 1597 1851 in
1621 1821 1761 1863 margine
1788 1821 1919 1862 Gmtio,
1950 1829 2014 1854 ires
2031 1823 2076 1855 le·

1116 1883 1233 1924 gebant
1255 1894 1314 1927 pro
1340 1884 1422 1921 tria,
1458 1881 1545 1925 quod
1568 1887 1675 1914 tamen
1703 1888 1825 1915 mutare
1855 1884 1964 1924 nolui,
2004 1886 2077 1929 quia

1115 1957 1174 1977 nee
1187 1945 1292 1989 ipsum
1304 1945 1498 1978 Martianum
1513 1944 1565 1976 vel
1580 1945 1729 1977 librarios
1743 1946 1826 1988 ejus,
1844 1947 1899 1990 qui
1915 1947 1999 1978 notis
2018 1961 2076 1979 nu-

1113 2020 1272 2040 merorum
1283 2009 1379 2041 verba
1396 2008 1645 2049 substituerunt,
1664 2021 1701 2040 ea
1715 2009 1749 2040 in
1763 2021 1798 2041 re
1817 2010 1879 2042 sibi
1892 2012 2075 2044 constitisse

1112 2072 1344 2105 Arithmetieae
1367 2072 1450 2103 liber
1470 2072 1547 2104 satis
1573 2072 1723 2104 ostendit.

1185 2134 1332 2183 aequali]
1360 2135 1417 2167 Sic
1444 2135 1559 2179 scripsi
1588 2147 1647 2179 pro
1678 2137 1830 2183 aequalia
1852 2137 1884 2169 in
1915 2137 2008 2170 editis
2034 2150 2073 2169 ex

1110 2204 1247 2243 utroque
1271 2198 1381 2231 codice
1405 2198 1631 2230 Meibomiano.

1182 2272 1294 2292 verum
1316 2260 1359 2291 ad
1379 2258 1538 2305 alterum]
1572 2259 1699 2293 Sensus
1731 2270 1802 2291 esse
1828 2260 1971 2300 videtur,
2006 2273 2071 2292 non

1109 2322 1306 2364 singulorum
1325 2334 1451 2366 semper
1472 2334 1582 2356 verum
1605 2323 1700 2355 etiam
1723 2322 1871 2354 binorum
1898 2323 1947 2355 vel
1970 2324 2067 2367 pluri-

1107 2396 1160 2416 um
1184 2391 1362 2428 temporum
1389 2385 1468 2417 duas
1490 2386 1559 2427 ejus
1582 2384 1706 2417 numeri
1730 2390 1839 2428 partes
1861 2396 1933 2417 esse
1952 2398 2069 2430 posse3

1109 2448 1206 2481 verba
1224 2448 1293 2491 ipsa
1317 2453 1422 2481 tamen
1445 2453 1606 2493 praestare
1631 2448 1739 2479 nolim.

1183 2521 1268 2541 umas
1293 2510 1337 2541 ml
1361 2507 1442 2556 duo]
1477 2510 1543 2543 Pro
1570 2511 1668 2542 unius
1695 2508 1730 2541 iu
1757 2509 1867 2552 editis,
1909 2522 1926 2543 e
1955 2512 2066 2546 codice

1107 2570 1321 2606 meibomiano
1346 2571 1386 2603 B.

2122 435 2151 476 (ί)

2181 435 2207 473 η
