2310 2860
211 147 269 189 76

807 140 1005 184 Martiani
1045 137 1245 195 Capellae
1281 138 1355 180 lib.
1379 136 1413 179 Ι.
1459 141 1490 191 §.
1511 138 1582 181 52.

607 250 775 294 Futura
807 249 928 303 cujus
960 247 1099 302 alligat
1127 244 1336 286 decretio:

606 329 824 386 Instatque
852 326 1065 385 quidquid
1097 326 1207 368 velle
1238 325 1308 368 vel
1339 337 1483 366 serum
1516 335 1630 380 potes
1662 350 1711 357 —

606 411 672 452 Te
702 426 754 452 ne
784 411 909 466 igitur
939 409 1010 449 illo
1043 420 1129 462 quo
1160 405 1368 460 benignus
1396 405 1575 447 numine
1605 421 1647 447 es

607 490 826 546 Deposco,
858 490 962 531 coeli
992 487 1150 530 blanda
1179 486 1428 542 temperatio

607 570 823 626 Piumque
854 569 1049 620 culmen,
1090 571 1186 625 jure
1218 567 1294 623 qui
1323 567 1476 608 divum
1507 575 1644 622 pater,

210 697 332 731 cundus
358 695 489 727 effectus
518 697 568 725 est
598 692 696 733 deus,
724 697 778 724 aut
806 692 948 724 omnium
970 689 1159 723 coelestium

209 765 468 800 terrenarumque
492 766 598 786 rerum
624 754 747 785 firmata
773 753 887 785 divinis
915 753 1041 794 legibus
1064 750 1158 783 disci-

207 822 303 866 plina.
329 821 420 852 Haec
447 820 554 863 itaque
581 816 786 864 εἱμαρμένη
817 822 867 847 cst
891 817 1083 854 necessitas,
1109 831 1158 837 —-

206 885 382 917 necessitas
400 895 477 916 vero
496 883 582 924 cogit
602 882 642 914 ad
664 882 810 913 effectum
831 878 895 924 (ca)
915 891 996 923 quae
1014 891 1054 910 ex
1070 878 1157 910 illius

206 949 386 994 primordiis
409 947 558 991 pendent.
567 960 578 974 α

280 1006 403 1053 alligat]
436 1006 598 1040 substitui
630 1007 712 1037 hanc
735 1004 923 1044 lectionem,
964 1014 1059 1047 quam
1082 1002 1159 1033 editi

205 1070 279 1103 libri
307 1070 347 1102 ad
379 1068 552 1110 marginem
588 1066 725 1106 habent,
767 1066 957 1110 quibuscum
983 1076 1000 1096 e
1032 1063 1158 1107 seriptis

204 1134 302 1168 etium
332 1133 520 1175 Hugianus,
552 1130 765 1170 Dresdeusis,
797 1135 943 1173 testeque
978 1127 1158 1160 Arntzenio

205 1196 307 1241 (mise.
324 1208 354 1239 p.
374 1194 461 1237 206)
478 1192 660 1226 Vossianus
689 1191 843 1230 concinit,
875 1202 933 1233 pro
952 1191 1063 1233 illigat.
1095 1188 1157 1220 Ar-

204 1257 332 1290 bitrium
353 1256 437 1288 enim
459 1254 554 1288 ‚Iovis
580 1265 645 1284 non
669 1252 819 1292 involvit,
853 1251 910 1283 sed
937 1251 1066 1293 alligat,
1093 1249 1159 1282 sive

204 1318 414 1353 immutabilia
440 1316 564 1356 reddit,
598 1315 711 1345 sutura.

279 1379 431 1426 decretio]
465 1374 660 1411 Dresdensis
688 1376 817 1420 quidem
846 1376 948 1407 codex
976 1375 1072 1406 habet
1097 1376 1160 1406 dis-

203 1448 321 1485 cretio,
346 1450 381 1476 ut
412 1455 470 1487 pro
502 1442 660 1475 electione
685 1440 744 1480 sit,
771 1451 853 1482 quae
878 1452 895 1470 a
915 1439 1016 1470 libero
1040 1438 1159 1482 pendet

204 1507 350 1540 arbitrio:
371 1506 428 1537 sed
448 1504 609 1546 vulgatam
630 1501 747 1533 retinui
771 1501 951 1532 lectionem.
979 1500 1159 1532 Construe:

210 1569 321 1611 »cujus
341 1566 480 1599 decretio
502 1565 612 1606 alligat
632 1565 768 1595 futuram

274 1636 440 1678 instatque
476 1626 652 1676 quidquid]
691 1627 798 1666 Lege:
830 1626 952 1656 instare
990 1625 1158 1671 quidquid.

203 1697 331 1729 Vonex.
354 1694 414 1738 (sp.
439 1704 482 1724 cr.
503 1704 534 1735 p.
558 1690 619 1734 80)
637 1707 685 1714 -—
711 1689 856 1720 Ilocciue
885 1694 933 1719 est
959 1700 1086 1719 versum
1112 1688 1159 1719 in-

203 1756 370 1801 terpretari
388 1752 584 1786 obscurum?
612 1751 709 1783 Certe
726 1762 792 1781 uon
810 1749 910 1791 magis
929 1749 1161 1791 intelligeretur

202 1823 263 1854 liae
287 1819 423 1852 admissa
446 1814 686 1855 emendatione,
719 1824 800 1856 quae
830 1824 963 1856 prorsus
987 1812 1084 1853 igitur
1112 1817 1162 1843 est

203 1884 336 1916 inutilis.
368 1881 548 1925 Equidem,
572 1878 649 1923 quid
674 1876 812 1909 volucrit
834 1882 966 1916 noster,
1004 1888 1071 1907 non
1099 1875 1161 1907 nisi

204 1948 266 1978 lioc
288 1950 380 1988 pacto
405 1942 563 1986 explicare
584 1940 704 1972 ausim:
736 1938 858 1971 »Omne
880 1939 967 1982 quod
991 1938 1073 1971 velle
1093 1938 1160 1969 sive

201 2010 314 2052 jubere
340 2012 448 2051 potes,
486 2004 610 2037 etiamsi
646 2015 718 2036 sero
748 2003 875 2034 demum
903 2008 1090 2034 eventurum
1115 2002 1160 2033 vi-

206 2070 334 2110 deatur,
364 2074 470 2100 tamen
496 2065 642 2110 protinus
665 2066 736 2109 jam
760 2066 887 2096 instata«
920 2064 970 2096 Ita
991 2070 1160 2107 utrumque

208 2133 269 2166 sihi
285 2136 478 2178 opposuerat
495 2129 694 2163 Claudianus
716 2127 762 2171 (in
783 2129 919 2171 Eutrop.
938 2128 972 2168 2,
999 2127 1060 2172 55)
1085 2127 1160 2159 seri·

207 2195 305 2228 bens:
327 2203 514 2239 »serumque
535 2191 622 2240 qnod
642 2192 743 2222 instat
767 2190 934 2222 creditura·
974 2189 1023 2221 Ita
1051 2195 1083 2221 et
1102 2189 1161 2221 Sc-

207 2269 288 2292 neca
310 2257 363 2301 (de
383 2256 485 2287 benef.
502 2256 544 2296 4,
568 2255 627 2288 52.
644 2267 674 2298 p.
690 2254 763 2286 525
778 2252 881 2297 Lips.)
902 2253 941 2285 de
964 2253 1041 2284 diis:
1058 2253 1163 2285 »Nota

210 2325 261 2353 est
285 2318 369 2351 enim
391 2317 455 2349 illis
481 2327 586 2348 rerum
607 2328 666 2360 per
688 2327 801 2347 manus
827 2327 901 2347 suas
927 2315 1080 2347 iturarum
1102 2315 1161 2347 sei-

211 2380 313 2421 entia,
332 2379 366 2411 in
386 2382 495 2422 aperto
523 2389 649 2422 semper
672 2382 739 2409 est:
756 2377 850 2409 nobis
873 2388 915 2408 ex
935 2377 1041 2409 abdito
1065 2377 1162 2418 subit,

213 2449 248 2475 ct
264 2453 345 2486 quae
369 2441 537 2483 repentina
560 2444 719 2482 putamus,
746 2439 810 2470 illis
829 2440 959 2483 provisa
977 2439 1108 2471 veniunt
1127 2452 1164 2473 ae

209 2505 413 2551 familiaria.«
444 2501 540 2534 Adde
565 2501 753 2534 Ciceronem
776 2502 827 2545 (de
850 2502 944 2534 divin.
966 2504 997 2543 1,
1025 2502 1096 2547 56).

288 2568 333 2601 Te
351 2565 404 2611 ne]
432 2566 519 2608 Lege
542 2566 595 2598 ted
615 2570 670 2598 aut
691 2571 721 2598 te
744 2571 783 2599 te.
802 2565 905 2599 Gnor.
923 2585 970 2592 —-
999 2565 1162 2600 Pax-‘ticoh

1208 699 1250 718 ne
1267 692 1373 719 vacat:
1389 692 1419 719 te
1434 685 1852 731 deposco.VU1.c.—Lege
1863 690 1893 718 te
1909 685 2082 719 tevomcx.
2099 684 2160 729 (sp.

1209 751 1276 782 crit.
1301 763 1332 794 p.
1355 751 1442 795 146)
1461 769 1509 774 —
1535 735 1625 782 Niliil
1645 750 1789 794 profecto
1812 749 1954 789 facilius,
1981 761 2073 793 quam
2092 749 2162 792 leffe

1210 824 1334 856 semper
1363 812 1521 853 seribere,
1558 812 1612 843 ubi
1634 812 1744 855 scripti
1768 823 1898 843 sensum
1923 822 1988 842 non
2014 811 2163 854 capimus.

1208 876 1278 909 Nos
1297 888 1374 908 vero
1391 887 1591 907 communem
1607 876 1779 907 lectionem
1794 874 1980 918 neutiquam
1996 879 2164 915 mutamus,

1210 938 1267 969 sed
1298 937 1437 980 syllabas
1465 942 1587 967 tantum
1619 948 1819 979 separamus,
1862 941 1898 966 ut
1924 947 1965 968 ne
1989 935 2046 975 sit,
2080 936 2167 979 quod

1210 998 1264 1030 alii
1294 1010 1356 1029 nae
1388 998 1532 1029 scribunt
1561 997 1602 1041 (v,
1632 996 1660 1041 ἓ.
1685 997 1740 1041 2),
1787 997 2053 1041 quemadmodum
2082 996 2168 1041 apud

1209 1062 1361 1094 Plautum
1391 1061 1439 1104 (in
1462 1061 1649 1092 Trinummo
1673 1063 1714 1102 5,
1732 1061 1787 1101 32,
1815 1054 1946 1105 8):‘r›tu
1970 1073 2029 1093 ne«
2062 1066 2095 1093 et
2118 1060 2166 1105 (in

1210 1123 1342 1157 Cureul.
1364 1124 1394 1154 1.
1409 1123 1441 1153 2.
1459 1122 1537 1165 49)=
1566 1124 1644 1154 »tibi
1667 1134 1724 1153 nse«
1749 1128 1808 1154 eet.

1286 1185 1363 1233 quo]
1382 1186 1648 1216 Darmstattcnsis
1669 1185 1771 1216 codex
1795 1186 1924 1229 quidem
1938 1185 2066 1217 causale
2082 1185 2168 1232 quod

1210 1248 1361 1292 praebet,
1393 1248 1450 1277 sed
1475 1247 1620 1290 praefero
1643 1246 1804 1286 vulgatam
1828 1247 2008 1278 lectionem.
2050 1246 2168 1278 Jovcm

1211 1307 1312 1350 enim,
1341 1316 1376 1340 ut
1399 1315 1522 1340 ceteros
1549 1310 1646 1348 deos,
1682 1309 1777 1339 modo
1807 1309 1931 1340 tristem
1956 1314 1988 1340 et
2011 1321 2166 1348 severum,

1210 1372 1307 1403 modo
1333 1371 1485 1402 blandum
1510 1375 1542 1401 et
1563 1370 1736 1410 benignum
1758 1369 1930 1409 fingebant.
1968 1369 2043 1401 Hoc
2072 1370 2170 1412 igitur

1210 1434 1283 1466 loeo
1323 1435 1490 1466 invocatur
1529 1444 1593 1478 quo
1636 1432 1766 1464 numine
1800 1431 1958 1474 benignus
1994 1445 2065 1467 esse
2100 1445 2167 1467 cre·

1211 1499 1354 1531 debatur.

1286 1560 1484 1607 temperatio]
1523 1561 1572 1593 Ibi
1603 1560 1729 1602 glossa:
1756 1559 1885 1594 Alludit
1912 1561 1951 1592 ad
1968 1559 2077 1594 ‹Iovis-¹
2098 1562 2165 1607 pla-

1210 1630 1303 1655 netae
1320 1629 1482 1664 naturam,
1509 1623 1563 1666 qui
1590 1628 1639 1654 est
1661 1623 1974 1666 temperatissimus«
1998 1623 2174 1656 GnoT.'--‘

1210 1686 1260 1717 De
1277 1685 1362 1717 Jove
1381 1685 1508 1728 planeta
1535 1684 1662 1726 quidem
1689 1684 1834 1727 superior
1848 1683 1889 1728 (ἓ.
1910 1684 1968 1727 17)
1982 1690 2015 1716 et
2036 1685 2168 1718 inferior

1210 1748 1302 1780 loeus
1325 1747 1367 1791 (§.
1386 1746 1469 1789 196)
1493 1747 1677 1778 conferendi
1702 1753 1797 1787 suntr,
1832 1748 1889 1779 sed
1913 1749 1974 1779 lioc
1996 1748 2069 1781 loco
2101 1761 2168 1782 non

1212 1811 1251 1841 de
1274 1809 1423 1853 planeta,
1447 1820 1557 1840 verum
1583 1808 1623 1839 de
1649 1807 1735 1840 Jove
1760 1809 1831 1852 ipso
1851 1821 1955 1841 sermo
1981 1816 2053 1851 est,
2081 1812 2166 1844 unde

1210 1873 1403 1906 Martianum
1435 1872 1541 1915 potius
1568 1871 1714 1915 suspicor
1739 1873 1923 1916 respexisse
1967 1874 2008 1906 ad
2037 1874 2167 1908 Horatii

1212 1937 1319 1982 (carm.
1339 1937 1380 1977 1,
1406 1936 1472 1976 12,
1499 1934 1559 1979 14)
1584 1936 1643 1967 hos
1670 1947 1800 1967 versus:
1920 1934 1922 1936 ’

1263 2018 1312 2025 ...
1325 2017 1374 2024 -..
1393 2001 1527 2046 -nqm’
1540 2010 1592 2031 res
1610 1999 1775 2031 hominum
1801 2010 1840 2032 ac
1860 2000 1992 2033 deornm

1262 2063 1330 2109 Qui
1349 2074 1437 2094 „mre
1457 2075 1495 2094 ae
1520 2069 1645 2102 tem-as,
1667 2065 1832 2111 variisque
1847 2065 2005 2096 mundum

1363 2126 1536 2169 Temperat
1560 2127 1675 2158 Iturisa

1283 2188 1386 2235 pium]
1413 2190 1578 2222 Blandum
1594 2191 1732 2233 glossae.
1749 2190 1848 2222 Libro
1866 2193 1976 2221 sextoz
2004 2188 2165 2232 „Moxque

1211 2252 1332 2284 imitata
1349 2254 1439 2294 pium
1455 2251 1559 2284 lactea
1578 2251 1656 2283 luna
1675 2252 1785 2283 diem«
1805 2250 1910 2283 Gno‘r.
1925 2270 1973 2276 —-
2011 2250 2164 2282 Diffidere

1213 2314 1339 2356 glossae
1351 2312 1485 2344 Grotius
1502 2313 1652 2344 debebat:
1666 2324 1829 2356 nunquam
1842 2311 1925 2343 enim
1938 2313 2011 2355 pius
2027 2317 2060 2343 et
2074 2312 2163 2343 blan-

1213 2375 1273 2408 dus
1307 2375 1480 2418 aequivoca
1508 2374 1646 2405 suerunt.
1681 2373 1770 2406 Loco
1796 2372 1908 2415 etiam,
1936 2385 2031 2418 quem
2054 2371 2165 2405 laudat

1213 2435 1255 2482 (ἓ.
1272 2435 1374 2480 585),
1400 2436 1468 2468 dies
1495 2447 1554 2480 pro
1571 2434 1662 2476 Sole,
1680 2435 1791 2467 Lunae
1814 2436 1927 2476 fratre,
1957 2435 2082 2479 positus
2103 2439 2164 2475 est,

1213 2500 1268 2545 qui
1288 2500 1361 2544 pius
1383 2499 1424 2531 sit
1450 2511 1524 2541 erga
1550 2510 1712 2542 sororem3
1738 2500 1789 2532 liic
1814 2504 1919 2533 autem
1934 2497 2065 2544 Jupiter
2089 2497 2162 2543 pius

1212 2576 1287 2608 erga
1311 2563 1434 2609 prolem
1458 2563 1648 2608 appellatur.
