2310 2860
122 213 212 258 700

699 207 900 249 Martiani
931 205 1132 262 Capellae
1161 205 1235 247 lib.
1255 204 1335 248 IX.
1365 207 1397 258 §.
1419 204 1523 248 905.

522 316 679 358 Libens
712 315 915 371 capillum
947 313 1138 366 solvere3

433 399 680 449 Flammea,
717 398 959 453 virgineum
989 411 1101 452 quae

522 481 685 535 Regina
716 479 840 520 deme
871 478 1080 534 pronuba.

1133 395 1355 439 obnubere
1387 405 1508 438 sueta
1537 394 1771 452 pudorem,

438 563 504 605 'l'e
533 562 743 604 blandum
774 561 908 602 teneri
939 575 1051 616 quae
1084 559 1248 600 conscia
1278 558 1368 601 sola
1397 558 1555 600 doloris

521 643 672 686 Venus
703 643 855 684 decens
883 641 1119 693 solabitur3

439 724 564 777 Quae
595 740 710 767 nunc
741 725 852 767 dura
880 739 994 766 novo
1025 722 1159 764 nescis
1192 723 1455 765 committere
1486 722 1644 776 amori,

525 809 697 851 Parabit
724 809 794 850 illa
826 818 1010 864 pectora.

437 890 510 932 Tu
540 890 670 931 modo
702 904 813 944 quae
845 888 1003 930 mando
1035 887 1180 928 oculos
1210 886 1371 940 dejecta
1401 885 1577 926 decoros

523 970 725 1011 Reconde
756 985 796 1011 m
804 971 906 1011 entis
937 970 1107 1010 intimo:

436 1049 747 1105 Doctiloquum
780 1052 887 1091 caris
917 1051 1121 1105 juvenem
1158 1050 1386 1106 complexa
1415 1049 1580 1091 lacertis

523 1131 727 1174 Fecunda
757 1131 889 1173 redde
920 1131 1109 1186 pignora.

123 1264 259 1311 proinde
282 1260 580 1311 ὑποκοριστικὸν
602 1266 768 1308 spiculum.
788 1266 893 1298 Gno'r.
907 1283 955 1289 —
983 1264 1083 1308 Quod

125 1331 221 1362 etiam
258 1329 433 1360 masculino
465 1340 581 1370 genere
618 1335 805 1372 usurpatum
845 1330 939 1361 docet
964 1329 1083 1360 Festus

124 1393 316 1437 Pompejus:
351 1392 515 1435 »Spiemn«
545 1392 649 1436 inquit
677 1393 869 1423 »masculine
893 1392 1015 1434 antiqui
1037 1391 1082 1421 di-

124 1455 266 1487 cebant«
299 1453 430 1497 Spicum
447 1465 523 1485 vcro
541 1465 599 1497 per
620 1453 862 1485 translationem
884 1466 901 1484 a
924 1453 1081 1497 spicarum

125 1519 192 1551 acie
216 1518 333 1550 dictum
351 1528 409 1561 pro
427 1517 511 1548 ferro
528 1516 561 1548 in
580 1517 745 1561 cuspidem
767 1517 944 1556 ‹lcsinentc‚
970 1516 1081 1560 quales

125 1587 200 1615 sunt
223 1581 304 1613 radii
329 1581 395 1613 sive
426 1580 540 1612 dentes
564 1580 700 1625 pectinis
734 1580 880 1622 alicujus·
923 1581 1009 1612 Hinc
1036 1580 1080 1611 di-

124 1644 313 1676 minutivum
329 1643 504 1686 spiculum,
527 1642 648 1674 missile
674 1654 788 1685 nempe
810 1642 925 1681 telum,
955 1647 1082 1673 acutum

124 1709 245 1740 habens
273 1718 473 1746 mueronem,
509 1705 597 1749 quod
627 1712 659 1736 et
682 1717 740 1749 pro
766 1705 896 1746 sagitta,
924 1705 1083 1736 interdum

124 1783 183 1815 pro
204 1771 273 1814 ipsa
293 1770 426 1814 cuspide
448 1769 582 1811 sagittae
601 1768 744 1799 sumitur.
756 1768 873 1800 Sum.
889 1768 941 1811 (ad
961 1768 1083 1801 Saxon.

123 1846 156 1878 p.
173 1832 303 1875 60).—-
325 1831 438 1863 Lectio
457 1830 611 1861 librorum
637 1841 796 1862 consensu
822 1831 899 1861 satis
926 1836 992 1862 tuta
1017 1836 1082 1871 cst3

124 1906 185 1927 nec
214 1892 402 1934 significatio
430 1891 526 1923 dubia
556 1903 627 1923 esse
652 1897 776 1936 potcst‚
821 1904 918 1936 quum
946 1898 1082 1933 constet,

124 1961 162 1988 ut
185 1954 323 1986 Arnebii
344 1953 427 1997 (adv.
449 1957 561 1994 gentes
585 1953 624 1994 2,
651 1965 682 1997 p.
701 1954 762 1995 91)
784 1954 889 1985 verbis
914 1960 1000 1995 utar,
1025 1968 1083 1986 nu-

125 2018 269 2051 bentium
291 2017 411 2049 crinem
430 2017 581 2048 caelibari
594 2017 688 2048 hasta
703 2017 835 2048 mulceri
852 2018 979 2049 solitum
1000 2031 1083 2058 esse,

126 2081 167 2113 de
187 2091 250 2124 qua
268 2079 334 2121 jam
356 2077 490 2111 Grotius
516 2078 649 2109 Festum
673 2079 911 2119 grammaticum
933 2080 1084 2113 laudavit.

125 2143 276 2176 Eundem
293 2153 414 2174 morem
436 2141 538 2183 tangit
561 2140 699 2172 Ovidius
723 2141 807 2185 (fast.
827 2143 866 2183 2,
897 2143 1001 2187 560):

180 2207 272 2239 »IVec
295 2206 353 2238 tibi
376 2217 459 2252 quae
482 2205 617 2248 cupidae
648 2210 776 2236 matura
799 2207 945 2239 videbere
973 2209 1084 2247 matri,

175 2270 290 2304 Comat
310 2270 475 2314 virqz'ncas
498 2269 593 2301 hasta
614 2280 752 2301 recurva
773 2282 896 2302 comas«
904 2294 918 2311 ,

128 2338 162 2365 et
180 2331 375 2364 Plutarchus
399 2330 451 2375 (in
475 2330 540 2362 vita
570 2330 702 2362 Romuli
730 2331 774 2362 14
796 2337 827 2363 ct
850 2337 972 2377 quaest.
988 2332 1082 2365 Rom.

130 2394 208 2437 87),
237 2393 293 2437 qui
315 2390 501 2439 δορατίου
526 2388 679 2438 αἰχμήν
702 2393 857 2436 appellat,
883 2395 968 2426 unde
990 2395 1082 2427 facile

131 2462 279 2502 apparet,
307 2456 468 2500 quomodo
499 2455 676 2488 Martianus
701 2457 836 2498 sagittae
866 2458 1023 2502 spiculum
1052 2459 1085 2491 in

131 2520 203 2561 ejus
224 2518 329 2549 locum
351 2517 545 2549 substituere
561 2517 716 2561 potuerit-

200 2580 365 2626 slammea]
392 2581 443 2613 De
473 2581 523 2612 his
543 2581 690 2624 superius
713 2580 851 2612 diximus
872 2583 924 2626 (ad
941 2582 969 2627 ξ.
991 2584 1086 2628 lili).

205 2640 377 2687 blandam]
412 2643 478 2676 Pro
500 2643 634 2683 blande,
659 2648 692 2678 ct
718 2643 919 2678 referendum
944 2645 983 2677 ad
1005 2647 1087 2680 sola-

1134 1263 1440 1297 bimi-‚Venam—
1456 1263 1512 1296 Sic
1526 1270 1636 1295 noster
1655 1264 1801 1308 superius
1819 1263 1859 1308 (ἓ.
1873 1263 2089 1306 804)=1›blan-

1135 1329 1211 1358 dum
1236 1333 1411 1367 stertens«,
1442 1333 1474 1358 et
1495 1327 1670 1358 Petronius
1697 1327 1812 1371 (127):
1837 1327 2011 1359 »delectata
2034 1326 2089 1358 illa

1133 1388 1204 1419 risit
1227 1394 1290 1419 tam
1317 1389 1489 1419 blandum«
1516 1394 1576 1420 cet.

1209 1464 1348 1510 parabit]
1376 1465 1432 1497 Sic
1450 1465 1626 1497 anteriores
1649 1465 1806 1498 editiones
1821 1466 1940 1498 habent
1955 1465 2089 1510 ipseque

1134 1529 1269 1562 Grotius
1296 1529 1329 1560 in
1356 1529 1441 1560 notis
1465 1529 1699 1562 restituendum
1725 1530 1818 1570 vidit3
1845 1531 1988 1563 ediderat
2006 1531 2090 1563 enim

1132 1593 1269 1636 paravit.

1210 1678 1294 1714 quae
1312 1665 1442 1711 mando]
1471 1665 1604 1699 Scilicet
1627 1679 1684 1711 eqo
1707 1668 1925 1709 IIymenacus.
1943 1666 2089 1700 Vumx.

1135 1747 1182 1751 —
1199 1729 1318 1768 Recte3
1346 1728 1454 1771 inepta
1479 1733 1529 1759 cst
1553 1728 1650 1760 lectio
1675 1729 1809 1760 aliorum
1833 1730 1971 1769 nztcmlo,
1995 1741 2089 1773 quam

1134 1791 1247 1822 merito
1282 1789 1417 1821 Grotius
1455 1789 1488 1821 in
1526 1790 1668 1831 margine
1700 1790 1846 1834 reliquit3
1886 1797 2029 1822 nostram
2058 1798 2091 1822 et

1135 1855 1262 1888 codices
1280 1854 1468 1886 confirmant
1481 1854 1686 1887 Monacensis
1699 1855 1754 1898 (C)
1766 1862 1798 1887 et
1812 1855 2088 1887 Dat-instattensis.

1209 1927 1349 1973 dejecta]
1387 1927 1444 1961 Sic
1488 1928 1659 1970 legendum
1698 1928 1776 1960 vidit
1808 1929 2090 1961 Drakenborchius

1135 1991 1197 2035 (ad
1219 1991 1336 2023 Silium
1368 1992 1407 2030 8,
1439 1992 1502 2031 753
1537 2004 1568 2035 p.
1585 1990 1672 2033 597)
1698 1991 1826 2034 legique
1856 1991 1888 2022 in
1926 1991 2090 2023 codicibus

1135 2053 1320 2085 Cauehiano
1344 2058 1376 2084 et
1396 2052 1550 2084 Leidensi
1574 2058 1710 2084 testatus
1735 2059 1784 2084 est
1807 2054 2013 2085 Burmannus
2037 2052 2090 2096 (ad

1134 2115 1256 2149 anthol.
1285 2115 1355 2146 Lat.
1378 2115 1410 2155 Ι,
1441 2127 1470 2158 p.
1489 2115 1590 2157 181);
1617 2115 1714 2157 vulgo
1737 2116 1876 2156 delecta5
1903 2116 1961 2147 sed
1987 2120 2090 2147 totum

1134 2178 1359 2211 hemistichion
1382 2183 1432 2209 est
1453 2178 1582 2221 Virgilii
1610 2177 1708 2222 (Aen.
1729 2180 1791 2219 11,
1813 2178 1910 2220 478).

1208 2251 1306 2297 caris]
1333 2251 1434 2285 MSS.
1448 2253 1503 2284 fidi
1525 2264 1584 2297 pro
1609 2253 1714 2284 charis
1733 2252 1853 2283 habent
1875 2252 1991 2290 chelis,
2017 2261 2090 2284 enm

1133 2314 1396 2359 interpretatione
1423 2316 1539 2346 curvis.
1574 2313 1737 2356 Numquid
1763 2313 1860 2354 igitur
1890 2313 1971 2345 dixit
1993 2314 2091 2346 chelis

1134 2361 1263 2410 lacertis
1283 2388 1341 2420 pro
1360 2377 1404 2408 ita
1425 2375 1603 2420 implicitis,
1632 2380 1668 2406 ut
1687 2376 1832 2407 sortieum
1850 2381 1925 2407 sunt
1948 2375 2089 2415 brachia,

1137 2453 1194 2473 seu
1228 2452 1309 2483 quac
1344 2439 1423 2470 (lixit
1457 2438 1595 2470 Ovidius
1629 2438 1724 2482 (met.
1748 2440 1809 2479 10,
1844 2439 1928 2482 127)
1949 2450 2090 2472 concava

1136 2505 1267 2537 brachia
1297 2503 1430 2535 caneri?
1465 2502 1593 2534 Placuit
1628 2508 1713 2534 certe
1745 2502 1820 2535 huic
1853 2502 1949 2536 aetati
1982 2503 2090 2537 chelae

1134 2580 1193 2616 pro
1215 2567 1362 2600 brachiis.
1390 2566 1480 2600 Saxo
1508 2566 1761 2599 Grammaticus:

1187 2644 1297 2680 »Adde
1314 2644 1439 2681 oculum
1452 2645 1597 2690 propius,
1613 2650 1741 2678 nostras
1759 2649 1789 2678 ec
1796 2645 1941 2690 prospice
1956 2643 2089 2678 chelas.-
