<?xml version="1.0" encoding="UTF-8"?>
<!DOCTYPE html PUBLIC "-//W3C//DTD XHTML 1.0 Transitional//EN"
    "http://www.w3.org/TR/xhtml1/DTD/xhtml1-transitional.dtd">
<html xmlns="http://www.w3.org/1999/xhtml" xml:lang="en" lang="en">
 <head>
  <title>
</title>
<meta http-equiv="Content-Type" content="text/html;charset=utf-8" />
  <meta name='ocr-system' content='tesseract 3.04.00' />
  <meta name='ocr-capabilities' content='ocr_page ocr_carea ocr_par ocr_line ocrx_word'/>
</head>
<body>
  <div class='ocr_page' id='page_1' title='image "./denuptiisphilolo00martuoft/denuptiisphilolo00martuoft_0330.png"; bbox 0 0 2310 2860; ppageno 0'>
   <div class='ocr_carea' id='block_1_1' title="bbox 88 1044 117 1084">
    <p class='ocr_par' dir='ltr' id='par_1_1' title="bbox 88 1044 117 1084">
     <span class='ocr_line' id='line_1_1' title="bbox 88 1044 117 1084; textangle 90"><span class='ocrx_word' id='word_1_1' title='bbox 88 1044 117 1084; x_wconf 62' lang='lat' dir='ltr'>{O</span> 
     </span>
    </p>
   </div>
   <div class='ocr_carea' id='block_1_2' title="bbox 213 117 1593 175">
    <p class='ocr_par' dir='ltr' id='par_1_2' title="bbox 213 117 1593 175">
     <span class='ocr_line' id='line_1_2' title="bbox 213 117 1593 175; baseline 0.001 -15"><span class='ocrx_word' id='word_1_2' title='bbox 213 123 305 167; x_wconf 83' lang='lat'>500</span> <span class='ocrx_word' id='word_1_3' title='bbox 782 118 982 160; x_wconf 90' lang='lat' dir='ltr'>Martiaui</span> <span class='ocrx_word' id='word_1_4' title='bbox 1014 118 1212 175; x_wconf 81' lang='lat' dir='ltr'>Capellae</span> <span class='ocrx_word' id='word_1_5' title='bbox 1241 117 1312 160; x_wconf 88' lang='lat' dir='ltr'>lib.</span> <span class='ocrx_word' id='word_1_6' title='bbox 1334 117 1410 160; x_wconf 91' lang='grc' dir='ltr'>ΙΙΙ,</span> <span class='ocrx_word' id='word_1_7' title='bbox 1439 121 1470 171; x_wconf 87' lang='lat'>§.</span> <span class='ocrx_word' id='word_1_8' title='bbox 1488 118 1593 161; x_wconf 78' lang='lat'>295.</span> 
     </span>
    </p>
   </div>
   <div class='ocr_carea' id='block_1_3' title="bbox 214 225 2160 445">
    <p class='ocr_par' dir='ltr' id='par_1_3' title="bbox 214 225 2160 445">
     <span class='ocr_line' id='line_1_3' title="bbox 214 225 2160 283; baseline -0.001 -12"><span class='ocrx_word' id='word_1_9' title='bbox 214 230 398 271; x_wconf 86' lang='lat' dir='ltr'>similem</span> <span class='ocrx_word' id='word_1_10' title='bbox 426 227 606 277; x_wconf 88' lang='lat' dir='ltr'>faciunt,</span> <span class='ocrx_word' id='word_1_11' title='bbox 644 225 907 281; x_wconf 65' lang='lat' dir='ltr'>huicgenu,</span> <span class='ocrx_word' id='word_1_12' title='bbox 946 241 1100 279; x_wconf 81' lang='lat' dir='ltr'>cornu3</span> <span class='ocrx_word' id='word_1_13' title='bbox 1140 226 1344 281; x_wconf 91' lang='lat' dir='ltr'>quoniam</span> <span class='ocrx_word' id='word_1_14' title='bbox 1384 226 1605 282; x_wconf 82' lang='lat' dir='ltr'>pluraliter</span> <span class='ocrx_word' id='word_1_15' title='bbox 1654 227 1829 283; x_wconf 85' lang='lat' dir='ltr'>genibus</span> <span class='ocrx_word' id='word_1_16' title='bbox 1867 237 1908 270; x_wconf 89' lang='lat' dir='ltr'>et</span> <span class='ocrx_word' id='word_1_17' title='bbox 1948 228 2160 281; x_wconf 87' lang='lat' dir='ltr'>cornibus,</span> 
     </span>
     <span class='ocr_line' id='line_1_4' title="bbox 215 304 2160 365; baseline -0.002 -13"><span class='ocrx_word' id='word_1_18' title='bbox 215 311 454 365; x_wconf 88' lang='lat' dir='ltr'>amissaque</span> <span class='ocrx_word' id='word_1_19' title='bbox 504 307 655 349; x_wconf 88' lang='lat' dir='ltr'>ultima</span> <span class='ocrx_word' id='word_1_20' title='bbox 692 307 856 362; x_wconf 80' lang='lat' dir='ltr'>syllaba</span> <span class='ocrx_word' id='word_1_21' title='bbox 899 306 1155 361; x_wconf 78' lang='lat' dir='ltr'>relinquitur</span> <span class='ocrx_word' id='word_1_22' title='bbox 1193 304 1360 345; x_wconf 86' lang='lat' dir='ltr'>dativus</span> <span class='ocrx_word' id='word_1_23' title='bbox 1391 305 1634 360; x_wconf 86' lang='lat' dir='ltr'>singularis,</span> <span class='ocrx_word' id='word_1_24' title='bbox 1679 307 1786 347; x_wconf 87' lang='lat' dir='ltr'>sicut</span> <span class='ocrx_word' id='word_1_25' title='bbox 1829 305 1875 347; x_wconf 89' lang='lat' dir='ltr'>fit</span> <span class='ocrx_word' id='word_1_26' title='bbox 1916 308 1959 348; x_wconf 92' lang='lat' dir='ltr'>in</span> <span class='ocrx_word' id='word_1_27' title='bbox 1997 309 2160 349; x_wconf 86' lang='lat' dir='ltr'>civibus</span> 
     </span>
     <span class='ocr_line' id='line_1_5' title="bbox 216 385 2158 445; baseline -0.002 -12"><span class='ocrx_word' id='word_1_28' title='bbox 216 403 254 434; x_wconf 92' lang='lat' dir='ltr'>et</span> <span class='ocrx_word' id='word_1_29' title='bbox 292 391 516 441; x_wconf 88' lang='lat' dir='ltr'>suavibus,</span> <span class='ocrx_word' id='word_1_30' title='bbox 574 399 614 430; x_wconf 88' lang='lat' dir='ltr'>et</span> <span class='ocrx_word' id='word_1_31' title='bbox 658 390 863 445; x_wconf 89' lang='lat' dir='ltr'>quoniam</span> <span class='ocrx_word' id='word_1_32' title='bbox 901 389 1076 444; x_wconf 81' lang='lat' dir='ltr'>genibus</span> <span class='ocrx_word' id='word_1_33' title='bbox 1115 397 1154 428; x_wconf 94' lang='lat' dir='ltr'>et</span> <span class='ocrx_word' id='word_1_34' title='bbox 1191 385 1388 427; x_wconf 90' lang='lat' dir='ltr'>cornibus</span> <span class='ocrx_word' id='word_1_35' title='bbox 1425 385 1627 438; x_wconf 86' lang='lat' dir='ltr'>dicimus,</span> <span class='ocrx_word' id='word_1_36' title='bbox 1670 385 1690 426; x_wconf 96' lang='lat' dir='ltr'>I</span> <span class='ocrx_word' id='word_1_37' title='bbox 1723 386 1844 427; x_wconf 87' lang='lat' dir='ltr'>litera</span> <span class='ocrx_word' id='word_1_38' title='bbox 1872 386 1915 426; x_wconf 92' lang='lat' dir='ltr'>in</span> <span class='ocrx_word' id='word_1_39' title='bbox 1944 386 2087 429; x_wconf 90' lang='lat' dir='ltr'>locum</span> <span class='ocrx_word' id='word_1_40' title='bbox 2117 388 2158 429; x_wconf 90' lang='lat' dir='ltr'>V</span> 
     </span>
    </p>
   </div>
   <div class='ocr_carea' id='block_1_4' title="bbox 214 468 2159 527">
    <p class='ocr_par' dir='ltr' id='par_1_4' title="bbox 214 468 2159 527">
     <span class='ocr_line' id='line_1_6' title="bbox 214 468 2159 527; baseline -0.002 -13"><span class='ocrx_word' id='word_1_41' title='bbox 214 473 375 523; x_wconf 79' lang='lat' dir='ltr'>transit,</span> <span class='ocrx_word' id='word_1_42' title='bbox 401 472 510 512; x_wconf 90' lang='lat' dir='ltr'>sicut</span> <span class='ocrx_word' id='word_1_43' title='bbox 535 480 574 513; x_wconf 92' lang='lat' dir='ltr'>et</span> <span class='ocrx_word' id='word_1_44' title='bbox 597 471 807 527; x_wconf 84' lang='lat' dir='ltr'>optimum</span> <span class='ocrx_word' id='word_1_45' title='bbox 839 480 878 511; x_wconf 89' lang='lat' dir='ltr'>et</span> <span class='ocrx_word' id='word_1_46' title='bbox 908 470 1150 510; x_wconf 79' lang='lat' dir='ltr'>maximum</span> <span class='ocrx_word' id='word_1_47' title='bbox 1179 469 1279 510; x_wconf 90' lang='lat' dir='ltr'>item</span> <span class='ocrx_word' id='word_1_48' title='bbox 1308 468 1511 520; x_wconf 80' lang='lat' dir='ltr'>dicimus,</span> <span class='ocrx_word' id='word_1_49' title='bbox 1544 483 1683 523; x_wconf 91' lang='lat' dir='ltr'>quum</span> <span class='ocrx_word' id='word_1_50' title='bbox 1706 478 1908 524; x_wconf 89' lang='lat' dir='ltr'>optumus</span> <span class='ocrx_word' id='word_1_51' title='bbox 1936 478 1976 510; x_wconf 91' lang='lat' dir='ltr'>et</span> <span class='ocrx_word' id='word_1_52' title='bbox 2004 483 2159 511; x_wconf 82' lang='lat' dir='ltr'>maxu-</span> 
     </span>
    </p>
   </div>
   <div class='ocr_carea' id='block_1_5' title="bbox 212 549 2158 607">
    <p class='ocr_par' dir='ltr' id='par_1_5' title="bbox 212 549 2158 607">
     <span class='ocr_line' id='line_1_7' title="bbox 212 549 2158 607; baseline -0.001 -14"><span class='ocrx_word' id='word_1_53' title='bbox 212 567 309 594; x_wconf 86' lang='lat' dir='ltr'>mus</span> <span class='ocrx_word' id='word_1_54' title='bbox 350 552 574 593; x_wconf 88' lang='lat' dir='ltr'>diceretur.</span> <span class='ocrx_word' id='word_1_55' title='bbox 639 552 745 593; x_wconf 87' lang='lat' dir='ltr'>Sunt</span> <span class='ocrx_word' id='word_1_56' title='bbox 783 551 935 607; x_wconf 81' lang='lat' dir='ltr'>aliqui,</span> <span class='ocrx_word' id='word_1_57' title='bbox 975 550 1050 605; x_wconf 86' lang='lat' dir='ltr'>qui</span> <span class='ocrx_word' id='word_1_58' title='bbox 1089 550 1270 606; x_wconf 82' lang='lat' dir='ltr'>genitivo</span> <span class='ocrx_word' id='word_1_59' title='bbox 1302 564 1402 591; x_wconf 89' lang='lat' dir='ltr'>casu</span> <span class='ocrx_word' id='word_1_60' title='bbox 1436 549 1583 605; x_wconf 87' lang='lat' dir='ltr'>genuis</span> <span class='ocrx_word' id='word_1_61' title='bbox 1614 558 1652 590; x_wconf 91' lang='lat' dir='ltr'>et</span> <span class='ocrx_word' id='word_1_62' title='bbox 1683 550 1852 590; x_wconf 84' lang='lat' dir='ltr'>cornuis</span> <span class='ocrx_word' id='word_1_63' title='bbox 1882 549 2042 601; x_wconf 90' lang='lat' dir='ltr'>dicant,</span> <span class='ocrx_word' id='word_1_64' title='bbox 2086 550 2158 592; x_wconf 91' lang='lat' dir='ltr'>sed</span> 
     </span>
    </p>
   </div>
   <div class='ocr_carea' id='block_1_6' title="bbox 201 630 2161 1736">
    <p class='ocr_par' dir='ltr' id='par_1_6' title="bbox 201 630 2161 1736">
     <span class='ocr_line' id='line_1_8' title="bbox 210 630 2160 688; baseline -0.002 -14"><span class='ocrx_word' id='word_1_65' title='bbox 210 648 295 674; x_wconf 90' lang='lat' dir='ltr'>non</span> <span class='ocrx_word' id='word_1_66' title='bbox 320 632 444 674; x_wconf 89' lang='lat' dir='ltr'>debet</span> <span class='ocrx_word' id='word_1_67' title='bbox 467 632 674 688; x_wconf 83' lang='lat' dir='ltr'>genitivus</span> <span class='ocrx_word' id='word_1_68' title='bbox 699 632 842 688; x_wconf 87' lang='lat' dir='ltr'>plures</span> <span class='ocrx_word' id='word_1_69' title='bbox 865 631 1024 673; x_wconf 84' lang='lat' dir='ltr'>habere</span> <span class='ocrx_word' id='word_1_70' title='bbox 1048 631 1246 686; x_wconf 82' lang='lat' dir='ltr'>syllabas,</span> <span class='ocrx_word' id='word_1_71' title='bbox 1282 645 1415 686; x_wconf 87' lang='lat' dir='ltr'>quam</span> <span class='ocrx_word' id='word_1_72' title='bbox 1442 630 1609 672; x_wconf 85' lang='lat' dir='ltr'>dativus</span> <span class='ocrx_word' id='word_1_73' title='bbox 1631 640 1672 672; x_wconf 91' lang='lat' dir='ltr'>et</span> <span class='ocrx_word' id='word_1_74' title='bbox 1694 630 1916 672; x_wconf 86' lang='lat' dir='ltr'>ablativus.</span> <span class='ocrx_word' id='word_1_75' title='bbox 1948 631 2160 681; x_wconf 84' lang='lat' dir='ltr'>Quamvis</span> 
     </span>
     <span class='ocr_line' id='line_1_9' title="bbox 212 712 2160 769; baseline -0.001 -15"><span class='ocrx_word' id='word_1_76' title='bbox 212 729 309 769; x_wconf 86' lang='lat' dir='ltr'>ergo</span> <span class='ocrx_word' id='word_1_77' title='bbox 340 714 558 755; x_wconf 87' lang='lat' dir='ltr'>dissimilia</span> <span class='ocrx_word' id='word_1_78' title='bbox 587 715 668 755; x_wconf 89' lang='lat' dir='ltr'>sint</span> <span class='ocrx_word' id='word_1_79' title='bbox 697 725 864 756; x_wconf 88' lang='lat' dir='ltr'>senatus</span> <span class='ocrx_word' id='word_1_80' title='bbox 897 724 936 755; x_wconf 86' lang='lat' dir='ltr'>et</span> <span class='ocrx_word' id='word_1_81' title='bbox 966 715 1198 766; x_wconf 76' lang='lat' dir='ltr'>exercitus,</span> <span class='ocrx_word' id='word_1_82' title='bbox 1229 723 1372 754; x_wconf 87' lang='lat' dir='ltr'>tamen</span> <span class='ocrx_word' id='word_1_83' title='bbox 1402 712 1460 752; x_wconf 89' lang='lat' dir='ltr'>sic</span> <span class='ocrx_word' id='word_1_84' title='bbox 1489 727 1620 767; x_wconf 87' lang='lat' dir='ltr'>genus</span> <span class='ocrx_word' id='word_1_85' title='bbox 1652 722 1691 753; x_wconf 93' lang='lat' dir='ltr'>et</span> <span class='ocrx_word' id='word_1_86' title='bbox 1721 727 1876 754; x_wconf 89' lang='lat' dir='ltr'>cornus</span> <span class='ocrx_word' id='word_1_87' title='bbox 1906 713 1949 753; x_wconf 90' lang='lat' dir='ltr'>in</span> <span class='ocrx_word' id='word_1_88' title='bbox 1979 713 2160 768; x_wconf 86' lang='lat' dir='ltr'>genitivo</span> 
     </span>
     <span class='ocr_line' id='line_1_10' title="bbox 211 791 2159 851; baseline -0.001 -15"><span class='ocrx_word' id='word_1_89' title='bbox 211 795 439 836; x_wconf 89' lang='lat' dir='ltr'>dicendum</span> <span class='ocrx_word' id='word_1_90' title='bbox 465 805 537 848; x_wconf 90' lang='lat' dir='ltr'>est,</span> <span class='ocrx_word' id='word_1_91' title='bbox 570 795 939 851; x_wconf 85' lang='lat' dir='ltr'>quemadmodum</span> <span class='ocrx_word' id='word_1_92' title='bbox 965 805 1132 837; x_wconf 86' lang='lat' dir='ltr'>senatus</span> <span class='ocrx_word' id='word_1_93' title='bbox 1164 804 1203 835; x_wconf 84' lang='lat' dir='ltr'>et</span> <span class='ocrx_word' id='word_1_94' title='bbox 1233 791 1452 834; x_wconf 84' lang='lat' dir='ltr'>exercitus.</span> <span class='ocrx_word' id='word_1_95' title='bbox 1511 792 1734 833; x_wconf 81' lang='lat' dir='ltr'>Praeterea</span> <span class='ocrx_word' id='word_1_96' title='bbox 1766 807 2052 848; x_wconf 87' lang='lat' dir='ltr'>quaecunque</span> <span class='ocrx_word' id='word_1_97' title='bbox 2080 808 2159 834; x_wconf 90' lang='lat' dir='ltr'>no-</span> 
     </span>
     <span class='ocr_line' id='line_1_11' title="bbox 210 874 2161 932; baseline -0.002 -15"><span class='ocrx_word' id='word_1_98' title='bbox 210 877 327 917; x_wconf 88' lang='lat' dir='ltr'>mina</span> <span class='ocrx_word' id='word_1_99' title='bbox 371 876 440 917; x_wconf 87' lang='lat' dir='ltr'>vel</span> <span class='ocrx_word' id='word_1_100' title='bbox 485 876 704 932; x_wconf 88' lang='lat' dir='ltr'>participia</span> <span class='ocrx_word' id='word_1_101' title='bbox 741 876 924 931; x_wconf 80' lang='lat' dir='ltr'>genitivo</span> <span class='ocrx_word' id='word_1_102' title='bbox 968 875 1171 931; x_wconf 83' lang='lat' dir='ltr'>singulari</span> <span class='ocrx_word' id='word_1_103' title='bbox 1214 875 1257 916; x_wconf 92' lang='lat' dir='ltr'>in</span> <span class='ocrx_word' id='word_1_104' title='bbox 1304 876 1338 915; x_wconf 88' lang='lat' dir='ltr'>is</span> <span class='ocrx_word' id='word_1_105' title='bbox 1379 883 1557 925; x_wconf 80' lang='lat' dir='ltr'>exeunt,</span> <span class='ocrx_word' id='word_1_106' title='bbox 1610 875 1752 916; x_wconf 90' lang='lat' dir='ltr'>dativo</span> <span class='ocrx_word' id='word_1_107' title='bbox 1800 874 1957 931; x_wconf 87' lang='lat' dir='ltr'>plurali</span> <span class='ocrx_word' id='word_1_108' title='bbox 1996 874 2161 929; x_wconf 83' lang='lat' dir='ltr'>syllaba</span> 
     </span>
     <span class='ocr_line' id='line_1_12' title="bbox 211 957 2161 1013; baseline 0 -16"><span class='ocrx_word' id='word_1_109' title='bbox 211 967 424 1008; x_wconf 84' lang='lat' dir='ltr'>crescunt,</span> <span class='ocrx_word' id='word_1_110' title='bbox 467 967 516 998; x_wconf 92' lang='lat' dir='ltr'>ut</span> <span class='ocrx_word' id='word_1_111' title='bbox 553 957 742 1008; x_wconf 86' lang='lat' dir='ltr'>Catonis,</span> <span class='ocrx_word' id='word_1_112' title='bbox 788 958 1040 1010; x_wconf 86' lang='lat' dir='ltr'>Catonibus;</span> <span class='ocrx_word' id='word_1_113' title='bbox 1084 957 1323 999; x_wconf 88' lang='lat' dir='ltr'>secundum</span> <span class='ocrx_word' id='word_1_114' title='bbox 1364 970 1497 1012; x_wconf 89' lang='lat' dir='ltr'>quam</span> <span class='ocrx_word' id='word_1_115' title='bbox 1541 957 1749 998; x_wconf 85' lang='lat' dir='ltr'>rationem</span> <span class='ocrx_word' id='word_1_116' title='bbox 1792 957 1826 998; x_wconf 91' lang='lat' dir='ltr'>si</span> <span class='ocrx_word' id='word_1_117' title='bbox 1867 966 1970 998; x_wconf 88' lang='lat' dir='ltr'>esset</span> <span class='ocrx_word' id='word_1_118' title='bbox 2000 957 2161 1013; x_wconf 87' lang='lat' dir='ltr'>genuis,</span> 
     </span>
     <span class='ocr_line' id='line_1_13' title="bbox 211 1037 2161 1094; baseline -0.001 -15"><span class='ocrx_word' id='word_1_119' title='bbox 211 1040 419 1094; x_wconf 85' lang='lat' dir='ltr'>genuibus</span> <span class='ocrx_word' id='word_1_120' title='bbox 450 1039 633 1090; x_wconf 80' lang='lat' dir='ltr'>fecisset,</span> <span class='ocrx_word' id='word_1_121' title='bbox 677 1049 725 1080; x_wconf 87' lang='lat' dir='ltr'>ut</span> <span class='ocrx_word' id='word_1_122' title='bbox 757 1040 921 1094; x_wconf 69' lang='lat' dir='ltr'>syllaba</span> <span class='ocrx_word' id='word_1_123' title='bbox 954 1049 1169 1081; x_wconf 84' lang='lat' dir='ltr'>cresceret.</span> <span class='ocrx_word' id='word_1_124' title='bbox 1227 1040 1264 1082; x_wconf 94' lang='lat' dir='ltr'>L</span> <span class='ocrx_word' id='word_1_125' title='bbox 1295 1038 1414 1079; x_wconf 79' lang='lat' dir='ltr'>litera</span> <span class='ocrx_word' id='word_1_126' title='bbox 1450 1037 1564 1079; x_wconf 88' lang='lat' dir='ltr'>finita</span> <span class='ocrx_word' id='word_1_127' title='bbox 1603 1038 1777 1079; x_wconf 85' lang='lat' dir='ltr'>nomina</span> <span class='ocrx_word' id='word_1_128' title='bbox 1824 1037 2041 1094; x_wconf 86' lang='lat' dir='ltr'>duplicem</span> <span class='ocrx_word' id='word_1_129' title='bbox 2071 1038 2161 1079; x_wconf 89' lang='lat' dir='ltr'>for-</span> 
     </span>
     <span class='ocr_line' id='line_1_14' title="bbox 207 1117 2159 1175; baseline -0.002 -15"><span class='ocrx_word' id='word_1_130' title='bbox 207 1134 325 1160; x_wconf 84' lang='lat' dir='ltr'>mam</span> <span class='ocrx_word' id='word_1_131' title='bbox 346 1119 518 1160; x_wconf 86' lang='lat' dir='ltr'>habent.</span> <span class='ocrx_word' id='word_1_132' title='bbox 547 1120 692 1160; x_wconf 88' lang='lat' dir='ltr'>Prima</span> <span class='ocrx_word' id='word_1_133' title='bbox 717 1129 788 1170; x_wconf 89' lang='lat' dir='ltr'>est,</span> <span class='ocrx_word' id='word_1_134' title='bbox 818 1120 860 1160; x_wconf 90' lang='lat' dir='ltr'>in</span> <span class='ocrx_word' id='word_1_135' title='bbox 886 1135 971 1175; x_wconf 87' lang='lat' dir='ltr'>qua</span> <span class='ocrx_word' id='word_1_136' title='bbox 991 1121 1228 1161; x_wconf 87' lang='lat' dir='ltr'>masculina</span> <span class='ocrx_word' id='word_1_137' title='bbox 1258 1128 1368 1169; x_wconf 93' lang='lat' dir='ltr'>sunt,</span> <span class='ocrx_word' id='word_1_138' title='bbox 1399 1128 1446 1158; x_wconf 91' lang='lat' dir='ltr'>ut</span> <span class='ocrx_word' id='word_1_139' title='bbox 1468 1117 1696 1168; x_wconf 82' lang='lat' dir='ltr'>Hannibal,</span> <span class='ocrx_word' id='word_1_140' title='bbox 1727 1117 1985 1166; x_wconf 84' lang='lat' dir='ltr'>Hasdrubal,</span> <span class='ocrx_word' id='word_1_141' title='bbox 2018 1130 2159 1171; x_wconf 85' lang='lat' dir='ltr'>neque</span> 
     </span>
     <span class='ocr_line' id='line_1_15' title="bbox 207 1196 2159 1255; baseline -0.001 -14"><span class='ocrx_word' id='word_1_142' title='bbox 207 1199 289 1241; x_wconf 86' lang='lat' dir='ltr'>alia</span> <span class='ocrx_word' id='word_1_143' title='bbox 326 1200 415 1241; x_wconf 84' lang='lat' dir='ltr'>fere</span> <span class='ocrx_word' id='word_1_144' title='bbox 452 1199 625 1255; x_wconf 90' lang='lat' dir='ltr'>propria</span> <span class='ocrx_word' id='word_1_145' title='bbox 667 1213 801 1254; x_wconf 86' lang='lat' dir='ltr'>quam</span> <span class='ocrx_word' id='word_1_146' title='bbox 840 1199 1017 1249; x_wconf 86' lang='lat' dir='ltr'>Punica,</span> <span class='ocrx_word' id='word_1_147' title='bbox 1074 1207 1248 1254; x_wconf 80' lang='lat' dir='ltr'>excepto</span> <span class='ocrx_word' id='word_1_148' title='bbox 1286 1197 1391 1239; x_wconf 91' lang='lat' dir='ltr'>Solis</span> <span class='ocrx_word' id='word_1_149' title='bbox 1437 1197 1629 1250; x_wconf 75' lang='lat' dir='ltr'>n01ni1103</span> <span class='ocrx_word' id='word_1_150' title='bbox 1690 1196 1792 1238; x_wconf 88' lang='lat' dir='ltr'>item</span> <span class='ocrx_word' id='word_1_151' title='bbox 1836 1197 2062 1249; x_wconf 87' lang='lat' dir='ltr'>feminina,</span> <span class='ocrx_word' id='word_1_152' title='bbox 2115 1208 2159 1239; x_wconf 89' lang='lat' dir='ltr'>ut</span> 
     </span>
     <span class='ocr_line' id='line_1_16' title="bbox 206 1277 2158 1336; baseline -0.002 -15"><span class='ocrx_word' id='word_1_153' title='bbox 206 1280 445 1336; x_wconf 86' lang='lat' dir='ltr'>Tanaquil,</span> <span class='ocrx_word' id='word_1_154' title='bbox 492 1294 650 1320; x_wconf 86' lang='lat' dir='ltr'>nomon</span> <span class='ocrx_word' id='word_1_155' title='bbox 695 1279 975 1330; x_wconf 82' lang='lat' dir='ltr'>Hetruscum3</span> <span class='ocrx_word' id='word_1_156' title='bbox 1016 1288 1056 1318; x_wconf 88' lang='lat' dir='ltr'>et</span> <span class='ocrx_word' id='word_1_157' title='bbox 1095 1278 1363 1329; x_wconf 87' lang='lat' dir='ltr'>communia,</span> <span class='ocrx_word' id='word_1_158' title='bbox 1405 1287 1453 1318; x_wconf 90' lang='lat' dir='ltr'>ut</span> <span class='ocrx_word' id='word_1_159' title='bbox 1491 1277 1616 1332; x_wconf 83' lang='lat' dir='ltr'>vigil,</span> <span class='ocrx_word' id='word_1_160' title='bbox 1671 1277 1810 1332; x_wconf 81' lang='lat' dir='ltr'>pugi13</span> <span class='ocrx_word' id='word_1_161' title='bbox 1865 1292 1978 1331; x_wconf 87' lang='lat' dir='ltr'>quae</span> <span class='ocrx_word' id='word_1_162' title='bbox 2016 1278 2158 1317; x_wconf 86' lang='lat' dir='ltr'>omnia</span> 
     </span>
     <span class='ocr_line' id='line_1_17' title="bbox 205 1356 2158 1414; baseline -0.002 -13"><span class='ocrx_word' id='word_1_163' title='bbox 205 1359 375 1401; x_wconf 88' lang='lat' dir='ltr'>easdem</span> <span class='ocrx_word' id='word_1_164' title='bbox 414 1358 709 1399; x_wconf 86' lang='lat' dir='ltr'>declinationes</span> <span class='ocrx_word' id='word_1_165' title='bbox 751 1357 920 1398; x_wconf 88' lang='lat' dir='ltr'>habent.</span> <span class='ocrx_word' id='word_1_166' title='bbox 975 1358 1120 1399; x_wconf 80' lang='lat' dir='ltr'>Altera</span> <span class='ocrx_word' id='word_1_167' title='bbox 1160 1360 1317 1414; x_wconf 85' lang='lat' dir='ltr'>species</span> <span class='ocrx_word' id='word_1_168' title='bbox 1359 1367 1637 1407; x_wconf 86' lang='lat' dir='ltr'>neutrorum,</span> <span class='ocrx_word' id='word_1_169' title='bbox 1692 1366 1738 1397; x_wconf 90' lang='lat' dir='ltr'>ut</span> <span class='ocrx_word' id='word_1_170' title='bbox 1768 1357 1876 1409; x_wconf 86' lang='lat' dir='ltr'>mel,</span> <span class='ocrx_word' id='word_1_171' title='bbox 1920 1356 2001 1409; x_wconf 86' lang='lat' dir='ltr'>fel,</span> <span class='ocrx_word' id='word_1_172' title='bbox 2047 1371 2158 1412; x_wconf 86' lang='lat' dir='ltr'>quae</span> 
     </span>
     <span class='ocr_line' id='line_1_18' title="bbox 205 1437 2154 1494; baseline -0.001 -15"><span class='ocrx_word' id='word_1_173' title='bbox 205 1438 286 1479; x_wconf 90' lang='lat' dir='ltr'>hoc</span> <span class='ocrx_word' id='word_1_174' title='bbox 327 1438 530 1480; x_wconf 86' lang='lat' dir='ltr'>differunt</span> <span class='ocrx_word' id='word_1_175' title='bbox 564 1453 587 1478; x_wconf 92' lang='lat' dir='ltr'>a</span> <span class='ocrx_word' id='word_1_176' title='bbox 622 1438 831 1494; x_wconf 83' lang='lat' dir='ltr'>superiori</span> <span class='ocrx_word' id='word_1_177' title='bbox 870 1437 1167 1489; x_wconf 84' lang='lat' dir='ltr'>declinatione,</span> <span class='ocrx_word' id='word_1_178' title='bbox 1209 1437 1325 1493; x_wconf 88' lang='lat' dir='ltr'>quod</span> <span class='ocrx_word' id='word_1_179' title='bbox 1362 1438 1657 1493; x_wconf 85' lang='lat' dir='ltr'>monosyllaba</span> <span class='ocrx_word' id='word_1_180' title='bbox 1693 1446 1811 1489; x_wconf 87' lang='lat' dir='ltr'>sunt,</span> <span class='ocrx_word' id='word_1_181' title='bbox 1850 1447 1890 1478; x_wconf 86' lang='lat' dir='ltr'>et</span> <span class='ocrx_word' id='word_1_182' title='bbox 1922 1439 1959 1479; x_wconf 85' lang='lat' dir='ltr'>L</span> <span class='ocrx_word' id='word_1_183' title='bbox 1989 1437 2154 1479; x_wconf 87' lang='lat' dir='ltr'>literam</span> 
     </span>
     <span class='ocr_line' id='line_1_19' title="bbox 202 1516 2156 1573; baseline 0 -15"><span class='ocrx_word' id='word_1_184' title='bbox 202 1532 279 1573; x_wconf 86' lang='lat' dir='ltr'>per</span> <span class='ocrx_word' id='word_1_185' title='bbox 303 1517 500 1572; x_wconf 87' lang='lat' dir='ltr'>obliquos</span> <span class='ocrx_word' id='word_1_186' title='bbox 530 1532 650 1557; x_wconf 86' lang='lat' dir='ltr'>casus</span> <span class='ocrx_word' id='word_1_187' title='bbox 683 1516 910 1572; x_wconf 85' lang='lat' dir='ltr'>geminant.</span> <span class='ocrx_word' id='word_1_188' title='bbox 962 1518 1076 1558; x_wconf 81' lang='lat' dir='ltr'>Nam</span> <span class='ocrx_word' id='word_1_189' title='bbox 1107 1517 1160 1558; x_wconf 92' lang='lat' dir='ltr'>de</span> <span class='ocrx_word' id='word_1_190' title='bbox 1189 1518 1443 1572; x_wconf 87' lang='lat' dir='ltr'>proconsule</span> <span class='ocrx_word' id='word_1_191' title='bbox 1478 1518 1522 1558; x_wconf 90' lang='lat' dir='ltr'>in</span> <span class='ocrx_word' id='word_1_192' title='bbox 1550 1518 1836 1569; x_wconf 88' lang='lat' dir='ltr'>nominativo,</span> <span class='ocrx_word' id='word_1_193' title='bbox 1867 1517 1943 1572; x_wconf 87' lang='lat' dir='ltr'>qui</span> <span class='ocrx_word' id='word_1_194' title='bbox 1974 1517 2010 1559; x_wconf 92' lang='lat' dir='ltr'><strong>E</strong></span> <span class='ocrx_word' id='word_1_195' title='bbox 2037 1517 2156 1558; x_wconf 86' lang='lat' dir='ltr'>litera</span> 
     </span>
     <span class='ocr_line' id='line_1_20' title="bbox 201 1597 2154 1653; baseline -0.002 -14"><span class='ocrx_word' id='word_1_196' title='bbox 201 1597 373 1649; x_wconf 90' lang='lat' dir='ltr'>finiunt,</span> <span class='ocrx_word' id='word_1_197' title='bbox 422 1608 621 1639; x_wconf 89' lang='lat' dir='ltr'>naturam</span> <span class='ocrx_word' id='word_1_198' title='bbox 662 1613 740 1652; x_wconf 89' lang='lat' dir='ltr'>pro</span> <span class='ocrx_word' id='word_1_199' title='bbox 783 1598 1100 1652; x_wconf 81' lang='lat' dir='ltr'>praepositionis</span> <span class='ocrx_word' id='word_1_200' title='bbox 1146 1597 1387 1650; x_wconf 56' lang='lat' dir='ltr'>intuentum</span> <span class='ocrx_word' id='word_1_201' title='bbox 1446 1613 1524 1653; x_wconf 87' lang='lat' dir='ltr'>pro</span> <span class='ocrx_word' id='word_1_202' title='bbox 1566 1598 1726 1653; x_wconf 86' lang='lat' dir='ltr'>quippe</span> <span class='ocrx_word' id='word_1_203' title='bbox 1773 1598 1956 1638; x_wconf 88' lang='lat' dir='ltr'>ablativo</span> <span class='ocrx_word' id='word_1_204' title='bbox 1989 1606 2154 1637; x_wconf 87' lang='lat' dir='ltr'>tantum</span> 
     </span>
     <span class='ocr_line' id='line_1_21' title="bbox 201 1675 2151 1736; baseline -0.003 -14"><span class='ocrx_word' id='word_1_205' title='bbox 201 1680 453 1736; x_wconf 79' lang='lat' dir='ltr'>praefertur.</span> <span class='ocrx_word' id='word_1_206' title='bbox 489 1680 604 1721; x_wconf 82' lang='lat' dir='ltr'>Nam</span> <span class='ocrx_word' id='word_1_207' title='bbox 634 1679 882 1734; x_wconf 87' lang='lat' dir='ltr'>respiciunt,</span> <span class='ocrx_word' id='word_1_208' title='bbox 915 1693 1053 1733; x_wconf 85' lang='lat' dir='ltr'>quum</span> <span class='ocrx_word' id='word_1_209' title='bbox 1075 1677 1301 1732; x_wconf 88' lang='lat' dir='ltr'>proconsul</span> <span class='ocrx_word' id='word_1_210' title='bbox 1326 1677 1500 1728; x_wconf 90' lang='lat' dir='ltr'>dicitur,</span> <span class='ocrx_word' id='word_1_211' title='bbox 1529 1692 1617 1717; x_wconf 85' lang='lat' dir='ltr'>non</span> <span class='ocrx_word' id='word_1_212' title='bbox 1647 1676 1814 1717; x_wconf 89' lang='lat' dir='ltr'>duabus</span> <span class='ocrx_word' id='word_1_213' title='bbox 1842 1675 2044 1726; x_wconf 84' lang='lat' dir='ltr'>vocibus,</span> <span class='ocrx_word' id='word_1_214' title='bbox 2078 1675 2151 1716; x_wconf 89' lang='lat' dir='ltr'>sed</span> 
     </span>
    </p>
   </div>
   <div class='ocr_carea' id='block_1_7' title="bbox 200 1757 2154 1818">
    <p class='ocr_par' dir='ltr' id='par_1_7' title="bbox 200 1757 2154 1818">
     <span class='ocr_line' id='line_1_22' title="bbox 200 1757 2154 1818; baseline -0.002 -16"><span class='ocrx_word' id='word_1_215' title='bbox 200 1762 431 1818; x_wconf 87' lang='lat' dir='ltr'>composito</span> <span class='ocrx_word' id='word_1_216' title='bbox 476 1760 649 1802; x_wconf 88' lang='lat' dir='ltr'>nomine</span> <span class='ocrx_word' id='word_1_217' title='bbox 689 1759 792 1811; x_wconf 89' lang='lat' dir='ltr'>dici,</span> <span class='ocrx_word' id='word_1_218' title='bbox 839 1768 885 1799; x_wconf 87' lang='lat' dir='ltr'>ut</span> <span class='ocrx_word' id='word_1_219' title='bbox 925 1768 1195 1815; x_wconf 86' lang='lat' dir='ltr'>procurator,</span> <span class='ocrx_word' id='word_1_220' title='bbox 1240 1767 1551 1815; x_wconf 81' lang='lat' dir='ltr'>propugnator3</span> <span class='ocrx_word' id='word_1_221' title='bbox 1608 1772 1688 1799; x_wconf 90' lang='lat' dir='ltr'>nec</span> <span class='ocrx_word' id='word_1_222' title='bbox 1726 1757 1967 1814; x_wconf 87' lang='lat' dir='ltr'>quidquam</span> <span class='ocrx_word' id='word_1_223' title='bbox 2009 1758 2154 1799; x_wconf 88' lang='lat' dir='ltr'>obesse</span> 
     </span>
    </p>
   </div>
   <div class='ocr_carea' id='block_1_8' title="bbox 274 1916 1153 1963">
    <p class='ocr_par' dir='ltr' id='par_1_8' title="bbox 274 1916 1153 1963">
     <span class='ocr_line' id='line_1_23' title="bbox 274 1916 1153 1963; baseline -0.003 -13"><span class='ocrx_word' id='word_1_224' title='bbox 274 1920 388 1962; x_wconf 75' lang='lat' dir='ltr'>qenais</span> <span class='ocrx_word' id='word_1_225' title='bbox 410 1924 440 1950; x_wconf 79' lang='lat' dir='ltr'>et</span> <span class='ocrx_word' id='word_1_226' title='bbox 463 1916 606 1963; x_wconf 73' lang='lat' dir='ltr'>cornuis]</span> <span class='ocrx_word' id='word_1_227' title='bbox 634 1917 690 1949; x_wconf 83' lang='lat' dir='ltr'>Sic</span> <span class='ocrx_word' id='word_1_228' title='bbox 714 1917 842 1948; x_wconf 83' lang='lat' dir='ltr'>codices</span> <span class='ocrx_word' id='word_1_229' title='bbox 867 1916 1153 1957; x_wconf 83' lang='lat' dir='ltr'>Reiehenauensis,</span> 
     </span>
    </p>
   </div>
   <div class='ocr_carea' id='block_1_9' title="bbox 145 1977 1152 2021">
    <p class='ocr_par' dir='ltr' id='par_1_9' title="bbox 145 1977 1152 2021">
     <span class='ocr_line' id='line_1_24' title="bbox 145 1977 1152 2021; baseline -0.001 -11"><span class='ocrx_word' id='word_1_230' title='bbox 145 1981 150 1984; x_wconf 86' lang='lat'>&#39;</span> <span class='ocrx_word' id='word_1_231' title='bbox 198 1979 478 2019; x_wconf 77' lang='lat' dir='ltr'>Damustattensis,</span> <span class='ocrx_word' id='word_1_232' title='bbox 505 1984 536 2010; x_wconf 86' lang='lat' dir='ltr'>et</span> <span class='ocrx_word' id='word_1_233' title='bbox 559 1978 763 2010; x_wconf 80' lang='lat' dir='ltr'>Monacensis</span> <span class='ocrx_word' id='word_1_234' title='bbox 784 1978 855 2021; x_wconf 83' lang='lat' dir='ltr'>(C),</span> <span class='ocrx_word' id='word_1_235' title='bbox 887 1977 1152 2021; x_wconf 82' lang='lat' dir='ltr'>quemadmodum</span> 
     </span>
    </p>
   </div>
   <div class='ocr_carea' id='block_1_10' title="bbox 198 2042 1152 2212">
    <p class='ocr_par' dir='ltr' id='par_1_10' title="bbox 198 2042 1152 2212">
     <span class='ocr_line' id='line_1_25' title="bbox 201 2042 1152 2085; baseline 0 -12"><span class='ocrx_word' id='word_1_236' title='bbox 201 2042 334 2076; x_wconf 78' lang='lat' dir='ltr'>Grotius</span> <span class='ocrx_word' id='word_1_237' title='bbox 352 2042 419 2083; x_wconf 81' lang='lat' dir='ltr'>jam</span> <span class='ocrx_word' id='word_1_238' title='bbox 439 2042 616 2085; x_wconf 75' lang='lat' dir='ltr'>suspicatus</span> <span class='ocrx_word' id='word_1_239' title='bbox 639 2047 716 2081; x_wconf 83' lang='lat' dir='ltr'>erat,</span> <span class='ocrx_word' id='word_1_240' title='bbox 741 2053 799 2085; x_wconf 86' lang='lat' dir='ltr'>pro</span> <span class='ocrx_word' id='word_1_241' title='bbox 824 2054 947 2084; x_wconf 61' lang='lat' dir='ltr'>{lemnes</span> <span class='ocrx_word' id='word_1_242' title='bbox 966 2047 998 2072; x_wconf 91' lang='lat' dir='ltr'>et</span> <span class='ocrx_word' id='word_1_243' title='bbox 1013 2052 1152 2073; x_wconf 67' lang='lat' dir='ltr'>con-muts</span> 
     </span>
     <span class='ocr_line' id='line_1_26' title="bbox 198 2102 1150 2146; baseline -0.002 -11"><span class='ocrx_word' id='word_1_244' title='bbox 198 2104 231 2135; x_wconf 84' lang='lat' dir='ltr'>in</span> <span class='ocrx_word' id='word_1_245' title='bbox 256 2103 359 2135; x_wconf 84' lang='lat' dir='ltr'>editis.</span> <span class='ocrx_word' id='word_1_246' title='bbox 397 2104 448 2134; x_wconf 88' lang='lat' dir='ltr'>De</span> <span class='ocrx_word' id='word_1_247' title='bbox 477 2114 511 2133; x_wconf 84' lang='lat' dir='ltr'>re</span> <span class='ocrx_word' id='word_1_248' title='bbox 539 2102 607 2146; x_wconf 77' lang='lat' dir='ltr'>ipsa</span> <span class='ocrx_word' id='word_1_249' title='bbox 635 2103 708 2134; x_wconf 71' lang='lat' dir='ltr'>vide</span> <span class='ocrx_word' id='word_1_250' title='bbox 738 2102 968 2135; x_wconf 83' lang='lat' dir='ltr'>Schneidernm</span> <span class='ocrx_word' id='word_1_251' title='bbox 991 2103 1098 2145; x_wconf 75' lang='lat' dir='ltr'>(form.</span> <span class='ocrx_word' id='word_1_252' title='bbox 1118 2102 1150 2143; x_wconf 90' lang='lat'>1,</span> 
     </span>
     <span class='ocr_line' id='line_1_27' title="bbox 198 2164 1151 2212; baseline -0.001 -13"><span class='ocrx_word' id='word_1_253' title='bbox 198 2180 229 2212; x_wconf 87' lang='lat' dir='ltr'>p.</span> <span class='ocrx_word' id='word_1_254' title='bbox 247 2166 343 2209; x_wconf 83' lang='lat'>550).</span> <span class='ocrx_word' id='word_1_255' title='bbox 372 2164 487 2198; x_wconf 88' lang='lat' dir='ltr'>Cicero</span> <span class='ocrx_word' id='word_1_256' title='bbox 508 2166 576 2209; x_wconf 83' lang='lat' dir='ltr'>ipse</span> <span class='ocrx_word' id='word_1_257' title='bbox 597 2165 649 2209; x_wconf 88' lang='lat' dir='ltr'>(in</span> <span class='ocrx_word' id='word_1_258' title='bbox 666 2164 814 2209; x_wconf 75' lang='lat' dir='ltr'>Arateis)</span> <span class='ocrx_word' id='word_1_259' title='bbox 833 2178 936 2211; x_wconf 62' lang='lat' dir='ltr'>[senus</span> <span class='ocrx_word' id='word_1_260' title='bbox 956 2166 989 2197; x_wconf 79' lang='lat' dir='ltr'>in</span> <span class='ocrx_word' id='word_1_261' title='bbox 1010 2166 1151 2198; x_wconf 83' lang='lat' dir='ltr'>secundo</span> 
     </span>
    </p>
   </div>
   <div class='ocr_carea' id='block_1_11' title="bbox 200 2228 537 2273">
    <p class='ocr_par' dir='ltr' id='par_1_11' title="bbox 200 2228 537 2273">
     <span class='ocr_line' id='line_1_28' title="bbox 200 2228 537 2273; baseline -0.015 -10"><span class='ocrx_word' id='word_1_262' title='bbox 200 2242 277 2265; x_wconf 83' lang='lat' dir='ltr'>casu</span> <span class='ocrx_word' id='word_1_263' title='bbox 300 2241 318 2261; x_wconf 86' lang='lat' dir='ltr'>a</span> <span class='ocrx_word' id='word_1_264' title='bbox 338 2241 424 2273; x_wconf 74' lang='lat' dir='ltr'>qenu</span> <span class='ocrx_word' id='word_1_265' title='bbox 447 2228 537 2262; x_wconf 75' lang='lat' dir='ltr'>dixit.</span> 
     </span>
    </p>
   </div>
   <div class='ocr_carea' id='block_1_12' title="bbox 204 2315 1152 2423">
    <p class='ocr_par' dir='ltr' id='par_1_12' title="bbox 204 2315 1152 2423">
     <span class='ocr_line' id='line_1_29' title="bbox 273 2315 1152 2363; baseline 0 -12"><span class='ocrx_word' id='word_1_266' title='bbox 273 2325 311 2351; x_wconf 84' lang='lat' dir='ltr'>ut</span> <span class='ocrx_word' id='word_1_267' title='bbox 330 2315 464 2362; x_wconf 76' lang='lat' dir='ltr'>syllaba]</span> <span class='ocrx_word' id='word_1_268' title='bbox 491 2315 548 2349; x_wconf 85' lang='lat' dir='ltr'>Sic</span> <span class='ocrx_word' id='word_1_269' title='bbox 566 2316 854 2360; x_wconf 78' lang='lat' dir='ltr'>Reichenauensis,</span> <span class='ocrx_word' id='word_1_270' title='bbox 877 2319 1152 2363; x_wconf 80' lang='lat' dir='ltr'>DarmstattensiS,</span> 
     </span>
     <span class='ocr_line' id='line_1_30' title="bbox 204 2377 1083 2423; baseline 0.003 -14"><span class='ocrx_word' id='word_1_271' title='bbox 204 2384 236 2409; x_wconf 74' lang='lat' dir='ltr'>et</span> <span class='ocrx_word' id='word_1_272' title='bbox 256 2377 460 2411; x_wconf 81' lang='lat' dir='ltr'>Monacensis</span> <span class='ocrx_word' id='word_1_273' title='bbox 478 2377 544 2422; x_wconf 87' lang='lat' dir='ltr'><strong>(C).</strong></span> <span class='ocrx_word' id='word_1_274' title='bbox 569 2377 655 2411; x_wconf 82' lang='lat' dir='ltr'>Male</span> <span class='ocrx_word' id='word_1_275' title='bbox 684 2378 718 2409; x_wconf 89' lang='lat' dir='ltr'>in</span> <span class='ocrx_word' id='word_1_276' title='bbox 742 2379 834 2411; x_wconf 85' lang='lat' dir='ltr'>editis</span> <span class='ocrx_word' id='word_1_277' title='bbox 858 2380 1023 2423; x_wconf 80' lang='lat' dir='ltr'>legebatur</span> <span class='ocrx_word' id='word_1_278' title='bbox 1043 2387 1083 2414; x_wconf 83' lang='lat' dir='ltr'>et.</span> 
     </span>
    </p>
   </div>
   <div class='ocr_carea' id='block_1_13' title="bbox 277 2474 1152 2526">
    <p class='ocr_par' dir='ltr' id='par_1_13' title="bbox 277 2474 1152 2526">
     <span class='ocr_line' id='line_1_31' title="bbox 277 2474 1152 2526; baseline 0.002 -16"><span class='ocrx_word' id='word_1_279' title='bbox 277 2478 361 2526; x_wconf 81' lang='lat' dir='ltr'>quod</span> <span class='ocrx_word' id='word_1_280' title='bbox 373 2474 600 2522; x_wconf 76' lang='lat' dir='ltr'>monosyllaba]</span> <span class='ocrx_word' id='word_1_281' title='bbox 626 2477 692 2509; x_wconf 86' lang='lat' dir='ltr'>Pro</span> <span class='ocrx_word' id='word_1_282' title='bbox 710 2490 809 2524; x_wconf 79' lang='lat' dir='ltr'>quum</span> <span class='ocrx_word' id='word_1_283' title='bbox 823 2496 870 2502; x_wconf 81' lang='lat'>—</span> <span class='ocrx_word' id='word_1_284' title='bbox 881 2482 947 2512; x_wconf 82' lang='lat' dir='ltr'>sint</span> <span class='ocrx_word' id='word_1_285' title='bbox 961 2481 1048 2524; x_wconf 81' lang='lat' dir='ltr'>apud</span> <span class='ocrx_word' id='word_1_286' title='bbox 1070 2480 1152 2513; x_wconf 86' lang='lat' dir='ltr'>Gro—</span> 
     </span>
    </p>
   </div>
   <div class='ocr_carea' id='block_1_14' title="bbox 203 2540 1154 2586">
    <p class='ocr_par' dir='ltr' id='par_1_14' title="bbox 203 2540 1154 2586">
     <span class='ocr_line' id='line_1_32' title="bbox 203 2540 1154 2586; baseline 0.002 -14"><span class='ocrx_word' id='word_1_287' title='bbox 203 2541 296 2582; x_wconf 78' lang='lat' dir='ltr'>tium,</span> <span class='ocrx_word' id='word_1_288' title='bbox 326 2541 488 2572; x_wconf 83' lang='lat' dir='ltr'>meliorem</span> <span class='ocrx_word' id='word_1_289' title='bbox 520 2540 639 2573; x_wconf 81' lang='lat' dir='ltr'>codicis</span> <span class='ocrx_word' id='word_1_290' title='bbox 668 2541 872 2577; x_wconf 74' lang='lat' dir='ltr'>Monacensis</span> <span class='ocrx_word' id='word_1_291' title='bbox 901 2542 957 2586; x_wconf 91' lang='lat' dir='ltr'>(C)</span> <span class='ocrx_word' id='word_1_292' title='bbox 982 2544 1154 2577; x_wconf 80' lang='lat' dir='ltr'>lectionem</span> 
     </span>
    </p>
   </div>
   <div class='ocr_carea' id='block_1_15' title="bbox 1201 1916 2153 2522">
    <p class='ocr_par' dir='ltr' id='par_1_15' title="bbox 1201 1916 2153 2023">
     <span class='ocr_line' id='line_1_33' title="bbox 1204 1916 2153 1963; baseline 0 -16"><span class='ocrx_word' id='word_1_293' title='bbox 1204 1917 1290 1963; x_wconf 77' lang='lat' dir='ltr'>quod</span> <span class='ocrx_word' id='word_1_294' title='bbox 1316 1917 1438 1961; x_wconf 82' lang='lat' dir='ltr'>recepi,</span> <span class='ocrx_word' id='word_1_295' title='bbox 1472 1922 1504 1950; x_wconf 82' lang='lat' dir='ltr'>et</span> <span class='ocrx_word' id='word_1_296' title='bbox 1538 1928 1578 1948; x_wconf 79' lang='lat' dir='ltr'>ex</span> <span class='ocrx_word' id='word_1_297' title='bbox 1608 1917 1736 1957; x_wconf 85' lang='lat' dir='ltr'>eodem,</span> <span class='ocrx_word' id='word_1_298' title='bbox 1775 1916 2087 1961; x_wconf 83' lang='lat' dir='ltr'>Darmstattensique</span> <span class='ocrx_word' id='word_1_299' title='bbox 2121 1922 2153 1947; x_wconf 72' lang='lat' dir='ltr'>et</span> 
     </span>
     <span class='ocr_line' id='line_1_34' title="bbox 1201 1977 1728 2023; baseline 0.002 -14"><span class='ocrx_word' id='word_1_300' title='bbox 1201 1977 1457 2010; x_wconf 81' lang='lat' dir='ltr'>Reiehenaucnsi</span> <span class='ocrx_word' id='word_1_301' title='bbox 1475 1985 1552 2011; x_wconf 81' lang='lat' dir='ltr'>sunt</span> <span class='ocrx_word' id='word_1_302' title='bbox 1573 1991 1632 2023; x_wconf 88' lang='lat' dir='ltr'>pro</span> <span class='ocrx_word' id='word_1_303' title='bbox 1653 1981 1728 2011; x_wconf 79' lang='lat' dir='ltr'>sint.</span> 
     </span>
    </p>

    <p class='ocr_par' dir='ltr' id='par_1_16' title="bbox 1201 2040 2151 2522">
     <span class='ocr_line' id='line_1_35' title="bbox 1275 2040 2150 2087; baseline -0.003 -14"><span class='ocrx_word' id='word_1_304' title='bbox 1275 2041 1479 2087; x_wconf 78' lang='lat' dir='ltr'>proconsule]</span> <span class='ocrx_word' id='word_1_305' title='bbox 1517 2043 1660 2073; x_wconf 82' lang='lat' dir='ltr'>Restitui</span> <span class='ocrx_word' id='word_1_306' title='bbox 1692 2054 1732 2074; x_wconf 78' lang='lat' dir='ltr'>ex</span> <span class='ocrx_word' id='word_1_307' title='bbox 1766 2041 1876 2075; x_wconf 83' lang='lat' dir='ltr'>codice</span> <span class='ocrx_word' id='word_1_308' title='bbox 1905 2040 2150 2073; x_wconf 75' lang='lat' dir='ltr'>Darmstattensi</span> 
     </span>
     <span class='ocr_line' id='line_1_36' title="bbox 1201 2101 2151 2148; baseline -0.003 -14"><span class='ocrx_word' id='word_1_309' title='bbox 1201 2115 1259 2147; x_wconf 88' lang='lat' dir='ltr'>pro</span> <span class='ocrx_word' id='word_1_310' title='bbox 1279 2105 1486 2147; x_wconf 75' lang='lat' dir='ltr'>proconsule,</span> <span class='ocrx_word' id='word_1_311' title='bbox 1511 2105 1597 2148; x_wconf 85' lang='lat' dir='ltr'>quod</span> <span class='ocrx_word' id='word_1_312' title='bbox 1615 2104 1684 2145; x_wconf 84' lang='lat' dir='ltr'>jam</span> <span class='ocrx_word' id='word_1_313' title='bbox 1705 2104 1838 2137; x_wconf 83' lang='lat' dir='ltr'>Grotius</span> <span class='ocrx_word' id='word_1_314' title='bbox 1860 2103 2059 2134; x_wconf 78' lang='lat' dir='ltr'>intellexerat</span> <span class='ocrx_word' id='word_1_315' title='bbox 2076 2101 2151 2132; x_wconf 79' lang='lat' dir='ltr'>ferri</span> 
     </span>
     <span class='ocr_line' id='line_1_37' title="bbox 1201 2164 2150 2209; baseline -0.001 -13"><span class='ocrx_word' id='word_1_316' title='bbox 1201 2177 1266 2197; x_wconf 90' lang='lat' dir='ltr'>non</span> <span class='ocrx_word' id='word_1_317' title='bbox 1281 2177 1388 2209; x_wconf 79' lang='lat' dir='ltr'>posse,</span> <span class='ocrx_word' id='word_1_318' title='bbox 1410 2166 1468 2197; x_wconf 75' lang='lat' dir='ltr'>liae</span> <span class='ocrx_word' id='word_1_319' title='bbox 1483 2171 1559 2196; x_wconf 79' lang='lat' dir='ltr'>nota</span> <span class='ocrx_word' id='word_1_320' title='bbox 1575 2165 1695 2197; x_wconf 80' lang='lat' dir='ltr'>addita:</span> <span class='ocrx_word' id='word_1_321' title='bbox 1714 2165 1835 2205; x_wconf 67' lang='lat' dir='ltr'>»Legffl</span> <span class='ocrx_word' id='word_1_322' title='bbox 1853 2169 1959 2195; x_wconf 82' lang='lat' dir='ltr'>tamen.</span> <span class='ocrx_word' id='word_1_323' title='bbox 1974 2164 2004 2194; x_wconf 80' lang='lat' dir='ltr'>si</span> <span class='ocrx_word' id='word_1_324' title='bbox 2019 2175 2150 2206; x_wconf 81' lang='lat' dir='ltr'>procon-</span> 
     </span>
     <span class='ocr_line' id='line_1_38' title="bbox 1201 2224 2150 2270; baseline -0.005 -11"><span class='ocrx_word' id='word_1_325' title='bbox 1201 2228 1279 2259; x_wconf 78' lang='lat' dir='ltr'>sule.</span> <span class='ocrx_word' id='word_1_326' title='bbox 1302 2227 1353 2259; x_wconf 86' lang='lat' dir='ltr'>De</span> <span class='ocrx_word' id='word_1_327' title='bbox 1366 2227 1554 2270; x_wconf 81' lang='lat' dir='ltr'>proconsule</span> <span class='ocrx_word' id='word_1_328' title='bbox 1572 2232 1604 2258; x_wconf 84' lang='lat' dir='ltr'>et</span> <span class='ocrx_word' id='word_1_329' title='bbox 1617 2225 1789 2269; x_wconf 80' lang='lat' dir='ltr'>proconsul</span> <span class='ocrx_word' id='word_1_330' title='bbox 1805 2224 1876 2255; x_wconf 75' lang='lat' dir='ltr'>vide</span> <span class='ocrx_word' id='word_1_331' title='bbox 1895 2224 2150 2268; x_wconf 78' lang='lat' dir='ltr'>orthographiam</span> 
     </span>
     <span class='ocr_line' id='line_1_39' title="bbox 1201 2283 2149 2327; baseline -0.004 -5"><span class='ocrx_word' id='word_1_332' title='bbox 1201 2290 1349 2325; x_wconf 81' lang='lat' dir='ltr'>Manutii.</span> <span class='ocrx_word' id='word_1_333' title='bbox 1385 2290 1518 2322; x_wconf 79' lang='lat' dir='ltr'>Glossa:</span> <span class='ocrx_word' id='word_1_334' title='bbox 1544 2288 1759 2327; x_wconf 75' lang='lat' dir='ltr'>proconsule,</span> <span class='ocrx_word' id='word_1_335' title='bbox 1791 2283 2040 2327; x_wconf 69' lang='grc' dir='ltr'><em>ἀνθύπατος,</em></span> <span class='ocrx_word' id='word_1_336' title='bbox 2069 2288 2149 2319; x_wconf 85' lang='lat' dir='ltr'>Pro-</span> 
     </span>
     <span class='ocr_line' id='line_1_40' title="bbox 1203 2346 2150 2400; baseline -0.003 -15"><span class='ocrx_word' id='word_1_337' title='bbox 1203 2359 1365 2400; x_wconf 80' lang='lat' dir='ltr'>praetore,</span> <span class='ocrx_word' id='word_1_338' title='bbox 1403 2346 1716 2398; x_wconf 69' lang='grc' dir='ltr'><em>ἀντιότρατηγὸς.</em></span> <span class='ocrx_word' id='word_1_339' title='bbox 1773 2350 1830 2382; x_wconf 85' lang='lat' dir='ltr'>Sic</span> <span class='ocrx_word' id='word_1_340' title='bbox 1856 2351 2011 2383; x_wconf 83' lang='lat' dir='ltr'>exconsul</span> <span class='ocrx_word' id='word_1_341' title='bbox 2035 2355 2067 2382; x_wconf 83' lang='lat' dir='ltr'>et</span> <span class='ocrx_word' id='word_1_342' title='bbox 2090 2362 2150 2382; x_wconf 34' lang='lat' dir='ltr'>*ex-</span> 
     </span>
     <span class='ocr_line' id='line_1_41' title="bbox 1204 2413 2148 2458; baseline -0.005 -8"><span class='ocrx_word' id='word_1_343' title='bbox 1204 2417 1363 2451; x_wconf 54' lang='lat' dir='ltr'>consulem</span> <span class='ocrx_word' id='word_1_344' title='bbox 1397 2416 1497 2447; x_wconf 83' lang='lat' dir='ltr'>Plura</span> <span class='ocrx_word' id='word_1_345' title='bbox 1528 2415 1614 2446; x_wconf 83' lang='lat' dir='ltr'>dabit</span> <span class='ocrx_word' id='word_1_346' title='bbox 1649 2413 1817 2455; x_wconf 75' lang='lat' dir='ltr'>Augustus</span> <span class='ocrx_word' id='word_1_347' title='bbox 1848 2413 1972 2447; x_wconf 80' lang='lat' dir='ltr'>Soldan</span> <span class='ocrx_word' id='word_1_348' title='bbox 1995 2414 2148 2458; x_wconf 74' lang='lat' dir='ltr'>(quaestt.</span> 
     </span>
     <span class='ocr_line' id='line_1_42' title="bbox 1204 2475 2148 2522; baseline -0.003 -11"><span class='ocrx_word' id='word_1_349' title='bbox 1204 2480 1244 2511; x_wconf 82' lang='lat' dir='ltr'>de</span> <span class='ocrx_word' id='word_1_350' title='bbox 1278 2479 1401 2522; x_wconf 82' lang='lat' dir='ltr'>aliquot</span> <span class='ocrx_word' id='word_1_351' title='bbox 1428 2477 1570 2520; x_wconf 82' lang='lat' dir='ltr'>partibus</span> <span class='ocrx_word' id='word_1_352' title='bbox 1593 2475 1820 2519; x_wconf 82' lang='lat' dir='ltr'>proconsulum</span> <span class='ocrx_word' id='word_1_353' title='bbox 1845 2481 1877 2508; x_wconf 87' lang='lat' dir='ltr'>et</span> <span class='ocrx_word' id='word_1_354' title='bbox 1896 2481 2148 2521; x_wconf 73' lang='lat' dir='ltr'>propi-aetorum,</span> 
     </span>
    </p>
   </div>
   <div class='ocr_carea' id='block_1_16' title="bbox 1202 2536 1762 2582">
    <p class='ocr_par' dir='ltr' id='par_1_17' title="bbox 1202 2536 1762 2582">
     <span class='ocr_line' id='line_1_43' title="bbox 1202 2536 1762 2582; baseline -0.013 -8"><span class='ocrx_word' id='word_1_355' title='bbox 1202 2539 1368 2573; x_wconf 77' lang='lat' dir='ltr'>Ilanoviae</span> <span class='ocrx_word' id='word_1_356' title='bbox 1395 2539 1506 2579; x_wconf 81' lang='lat'>1851,</span> <span class='ocrx_word' id='word_1_357' title='bbox 1534 2549 1564 2582; x_wconf 80' lang='lat' dir='ltr'>p.</span> <span class='ocrx_word' id='word_1_358' title='bbox 1585 2538 1630 2570; x_wconf 87' lang='lat'>18</span> <span class='ocrx_word' id='word_1_359' title='bbox 1651 2536 1762 2582; x_wconf 68' lang='lat' dir='ltr'>sequ.)¹</span> 
     </span>
    </p>
   </div>
  </div>
 </body>
</html>
