2310 2860
754 111 954 154 Martiani
996 111 1196 168 Capellae
1234 113 1306 154 lib.
1332 113 1364 154 Ι.
1402 116 1434 166 §.
1457 115 1524 156 10.

2067 119 2124 161 57

162 216 400 266 admodum
437 218 546 260 foliis
580 218 778 273 vittisque
824 217 1085 271 semivulsis,
1134 232 1242 275 quas
1288 219 1331 260 in
1378 217 1575 260 Cumano
1616 230 1734 263 antro
1779 232 1871 278 post
1911 223 2124 277 Sibyllam

161 298 374 340 tinearum
402 313 572 340 morsus
603 299 825 355 cariesque
855 300 1109 355 carpebant,
1157 299 1264 341 nihil
1303 299 1393 353 ejus
1424 300 1560 355 potuit
1589 301 1784 344 inveniri.

1856 304 1935 345 Per
1976 308 2121 345 aereos

160 379 286 420 etiam
312 389 492 430 tractus,
525 380 683 435 quibus
717 380 906 422 formare
928 380 1073 421 solitus
1105 388 1146 420 et
1175 379 1405 420 volucrum
1432 379 1621 421 diversos
1649 391 1833 432 meatus,
1865 391 1904 422 et
1927 382 2123 424 oscinum

158 457 336 514 linguas,
355 469 394 500 et
411 461 620 516 praepetis
642 460 787 502 omina
807 475 988 516 pennae,
1010 460 1170 502 frustra
1195 459 1238 501 in
1263 476 1522 517 cassumque
1543 462 1805 517 disquiritur.
1839 463 1861 504 J
1866 479 1932 504 am
1955 463 2122 520 pridem

159 539 320 596 quippe
358 540 545 583 offensus
589 543 831 584 contamine
880 541 1201 584 monendorum
1253 540 1563 597 dedignabatur
1602 542 1755 597 Augur
1792 543 1969 598 Pythius
2009 557 2122 584 nun-

231 658 328 705 lauri]
354 660 393 692 In
415 661 497 693 lauri
521 661 606 693 foliis
630 661 725 694 solita
747 667 815 694 crat
838 661 964 705 Sibylla
982 673 1038 693 sua
1063 673 1111 694 re-

155 734 275 768 sponsa
295 725 443 756 scribere.
468 726 614 757 VULCAN.
638 743 685 749 —-
718 724 773 757 Ad
796 725 968 766 Virgilium
995 737 1110 769 nempe

153 786 295 829 respexit
315 786 430 818 doctus
452 786 610 830 interpres
635 785 731 830 (Aen.
753 786 787 827 5,
811 786 908 830 445).
931 787 1110 818 Martianus

153 854 259 881 autem
286 862 351 881 non
376 851 479 891 1111110,
502 850 558 881 sed
583 849 681 881 alium
703 849 847 892 ejusdem
869 855 984 894 poetae
1003 849 1109 881 locum

152 910 213 954 (5,
249 908 344 956 560)
377 916 450 942 ante
486 911 597 943 oculos
631 910 759 951 habuit,
805 911 860 942 ubi
886 912 990 943 Clarii
1025 912 1111 943 Iam-i

151 982 378 1007 memorantur.
404 976 454 1007 De
471 975 626 1019 Apolline
644 976 729 1008 enim
753 976 975 1018 investigando
995 977 1108 1018 agitur,

150 1050 216 1070 non
237 1039 276 1070 de
292 1038 428 1082 Sibylla.
456 1039 590 1071 Poterat
613 1045 724 1071 noster
748 1040 843 1071 etiam
861 1040 1031 1071 Claudiani
1055 1040 1107 1083 (de

149 1105 231 1144 rapt.
265 1100 418 1144 Prosci-p.
452 1101 489 1141 1,
529 1100 624 1145 109)
660 1101 758 1132 verba
787 1100 931 1134 »venturi
963 1101 1108 1146 praescia

148 1162 276 1196 laurus«
299 1163 333 1195 in
358 1169 464 1195 mente
488 1164 617 1196 hahere.

224 1225 359 1272 arentis]
387 1226 495 1258 Areus
518 1227 602 1259 idem
630 1227 717 1272 quod
741 1227 857 1260 aridus.
900 1227 1015 1260 Cicero
1042 1226 1106 1272 (ap.

149 1287 292 1320 Mam-ob.
309 1288 342 1319 in
358 1299 460 1320 somn.
471 1288 560 1332 Scip.
582 1289 614 1329 1,
631 1288 684 1332 4):
711 1289 845 1321 »laureis
861 1289 1099 1321 arescentibus«

149 1351 226 1384 dicit
248 1350 288 1382 de
309 1350 349 1382 iis
373 1362 455 1394 quae
477 1363 566 1383 arere
587 1351 752 1395 incipiunt.
800 1353 975 1395 Quumque
994 1353 1105 1383 laurus

148 1412 341 1445 vaticinandi
362 1412 512 1443 virtutem
531 1417 766 1456 repraesentet,
793 1413 885 1444 facile
905 1412 1103 1453 intelligitur,

147 1476 238 1508 lauro
265 1481 374 1507 arente
403 1475 573 1516 significari
594 1476 723 1506 oracula
749 1476 983 1508 evanescentia.
1008 1475 1103 1507 Unde

147 1537 337 1582 Propertius
363 1536 413 1581 (2,
436 1537 503 1576 21,
535 1535 616 1580 56)=

204 1601 266 1632 »Et
287 1605 371 1632 tacet
392 1601 535 1631 extincto
551 1600 665 1631 lautus
689 1599 806 1631 adusta
825 1598 927 1642 foco.-

147 1668 180 1695 et
201 1661 326 1696 Statius
348 1661 463 1706 (Theb.
473 1662 522 1701 ,8,
543 1659 650 1705 202)=

197 1742 245 1749 --
263 1741 310 1747 —-
330 1740 378 1748 ·-—
403 1725 571 1770 nipsaeque
592 1722 700 1754 volent
722 1733 868 1753 arescere
885 1721 1028 1752 laurus.«

147 1785 238 1819 Voce
258 1790 364 1817 autem
380 1785 450 1830 ipsa
473 1784 574 1816 utitur
590 1783 652 1815 alio
672 1795 768 1814 versu
788 1782 838 1827 (2,
863 1783 920 1824 12,
943 1781 1004 1826 51)
1020 1781 1101 1813 Pro-

147 1848 289 1894 pertzius:

204 1912 273 1944 „Ac
294 1912 396 1943 veluti
412 1911 493 1955 folia
518 1916 644 1942 arentes
666 1909 788 1957 liquere
808 1909 969 1940 corollas.«

221 1977 375 2022 vittisque
397 1972 592 2018 semiuulsis]
618 1971 687 2004 Alii
711 1973 903 2019 vitibusque.
927 1972 1029 2004 Gonz.
1053 1990 1100 1995 —

146 2038 242 2070 Prior
264 2038 383 2078 lectio,
422 2049 518 2081 quam
541 2036 668 2069 codices
694 2036 790 2067 etiam
812 2036 1026 2068 Monacenses
1049 2034 1101 2077 (C.

147 2105 180 2132 et
203 2098 277 2144 11),
298 2098 517 2139 Basileensis,
547 2097 833 2138 Darmstattensis,
866 2096 1101 2138 Hugianusque

146 2163 276 2204 habent,
297 2162 426 2195 omnino
446 2161 657 2207 praeferenda
681 2166 765 2201 erat,
786 2173 884 2204 quum
900 2159 1101 2192 oraculorum

146 2224 299 2270 reliquiae
313 2226 375 2257 hoe
391 2224 464 2256 loco
485 2227 730 2262 recenseantur,
754 2222 915 2266 vittaeque
933 2221 1102 2263 designent

146 2289 364 2333 interpretem.
388 2288 438 2320 Ita
454 2286 610 2329 Virgilius
629 2285 727 2330 (Aen.
744 2287 786 2326 5,
811 2285 915 2330 570),
943 2285 1015 2318 loeo
1032 2284 1100 2325 ille,

147 2364 243 2396 quem
265 2357 369 2384 totum
399 2356 472 2383 ante
497 2350 610 2383 oculos
636 2349 786 2381 hahuisse
808 2349 1002 2383 Martianum
1024 2347 1100 2389 dixi,

147 2416 188 2448 de
209 2420 297 2447 vate=

205 2479 351 2510 „Exorat
372 2491 483 2521 pacem
509 2478 615 2510 divom
637 2479 801 2525 vittasque
820 2477 977 2510 resoluit«

146 2540 242 2575 Adde
251 2540 416 2574 Lucanum
433 2539 481 2583 (3,
503 2539 572 2573 145
590 2544 623 2572 et
641 2539 737 2584 170),
754 2538 912 2573 Senecam
930 2536 1102 2583 (inAgan1·

1165 661 1263 705 702),
1286 661 1376 693 aiios.
1402 660 1619 693 Semiuulsum
1639 667 1674 692 ut
1695 662 1780 705 apud
1804 661 1958 694 Ovidium
1981 662 2069 707 (met.
2088 665 2121 704 7,

1162 724 1251 768 544)
1272 725 1458 764 semilacer,
1493 730 1525 756 et
1549 725 1762 757 Claudianum
1794 725 1849 769 (iu
1874 726 1997 758 consul.
2020 727 2120 759 Probi

1164 786 1251 830 109)
1281 788 1465 818 semirutae.

1239 850 1386 883 Cumano
1406 848 1515 895 antro]
1542 849 1580 881 In
1597 849 1717 893 templo
1735 848 1920 893 Apollinis,
1947 850 2033 893 quod
2054 855 2121 882 erat

1160 923 1261 955 prope
1282 911 1415 952 Cumas,
1441 911 1637 954 Campaniae
1659 911 1835 952 civitatem,
1861 911 1894 943 in
1917 923 1980 955 qua
1996 911 2120 956 Sibylla

1161 973 1323 1016 quondam
1347 973 1586 1005 vaticinabatur.
1614 972 1718 1004 Vt'Lc.

1237 1038 1398 1068 tinearum
1427 1049 1553 1068 morsus
1581 1034 1761 1083 cariesque]
1802 1036 1982 1080 Utrumque
2010 1042 2121 1068 noster

1159 1099 1282 1131 viderat
1299 1100 1449 1142 conjungi
1474 1100 1513 1131 ab
1533 1098 1682 1132 Ausonio
1704 1099 1817 1143 (epigr.
1837 1099 1901 1143 54)
1922 1101 1983 1131 hoc
2003 1111 2117 1131 versu:

1212 1161 1270 1194 -Si
1286 1163 1390 1193 tineas
1407 1163 1589 1208 cariemque
1602 1162 1671 1204 pati
1688 1166 1718 1192 te
1735 1162 1848 1192 clun-ta
1863 1172 1991 1192 necesse
2008 1167 2082 1192 esta

1234 1224 1390 1271 oscinum]
1430 1226 1514 1258 Cum
1541 1223 1699 1257 Cicerone
1723 1224 1799 1268 (div.
1825 1226 1858 1265 1,
1881 1223 1943 1269 55)
1970 1224 2118 1256 subtilius

1157 1287 1325 1330 distinguit
1352 1294 1464 1320 noster
1485 1287 1577 1319 alites
1600 1288 1684 1318 inter
1706 1292 1738 1317 et
1762 1286 1889 1317 oscines
1912 1286 2007 1329 (conf.
2030 1286 2117 1317 Fest.

1156 1363 1187 1395 p.
1210 1351 1284 1382 515
1308 1349 1412 1394 Dae).
1454 1349 1506 1381 De
1534 1354 1672 1392 utroque
1697 1348 1802 1380 avium
1839 1347 2037 1380 fatidicarum
2065 1359 2116 1389 ge-

1156 1423 1232 1443 nere
1255 1411 1388 1442 consule
1402 1410 1634 1452 Bulengerium
1651 1409 1705 1453 (de
1729 1421 1838 1451 augur.
1855 1421 1882 1442 c.
1899 1409 1933 1441 4.
1948 1409 1981 1440 iu
2001 1408 2115 1441 Graev.

1155 1473 1293 1503 thesaur.
1316 1472 1358 1503 V.
1381 1484 1412 1515 p.
1428 1471 1526 1514 415).
1568 1470 1675 1502 Omne
1699 1476 1805 1501 autem
1825 1471 1888 1502 1100
1909 1470 2116 1502 divinationis

1157 1544 1262 1575 genus
1288 1532 1509 1575 complectitur
1530 1531 1682 1563 Manilius
1710 1530 1759 1574 (4,
1786 1530 1875 1574 915)
1898 1530 2020 1561 verbis:

1204 1593 1390 1624 »Pecudnm
1407 1598 1524 1623 mortes
1541 1593 1713 1637 aviumque
1735 1591 1901 1622 attendere
1927 1597 2070 1622 eanluS.«

1217 1652 1392 1698 praepetis]
1410 1652 1526 1694 virgil.
1540 1651 1623 1684 Acu-
1639 1653 1674 1692 5,
1693 1652 1782 1683 5601
1800 1652 1861 1684 »Et
1876 1652 2041 1683 volucrum
2055 1652 2113 1683 Iin-

1153 1730 1236 1762 quas
1249 1723 1280 1749 et
1292 1719 1453 1761 praepetis
1473 1719 1580 1749 omina
1595 1728 1732 1760 pennae.
1741 1731 1752 1744 «
1773 1716 1958 1749 Voncxn—
1975 1717 2115 1761 Jamque

1154 1781 1357 1812 manifestum
1377 1786 1426 1812 est
1440 1781 1633 1813 Martianum
1654 1781 1739 1812 hune
1758 1779 1890 1822 Virgilii
1910 1779 2016 1812 locum
2041 1786 2114 1812 ante

1154 1845 1265 1877 oculos
1288 1844 1446 1876 habuisse.
1495 1844 1546 1875 De
1574 1856 1652 1876 voce
1679 1855 1813 1887 praepes
1839 1843 1943 1876 lexica
1972 1843 2114 1886 vulgaria

1152 1906 1368 1950 respondent,
1408 1905 1466 1937 sed
1504 1905 1673 1937 consulere
1714 1917 1831 1950 operae
1873 1905 2011 1949 pretium
2055 1905 2115 1937 erit

1152 1967 1383 2011 Spanliemium
1412 1967 1452 1998 ad
1478 1967 1711 1999 Callimachum
1739 1965 1789 2011 (p.
1811 1966 1926 2010 628),
1962 1966 2113 2010 virosque

1153 2033 1265 2063 doctos
1293 2031 1333 2062 ad
1360 2030 1560 2075 Appulejum
1593 2030 1638 2075 (I.
1666 2031 1745 2062 140.
1771 2030 1830 2062 ΠΙ.
1857 2032 1915 2062 86.
1940 2029 2048 2074 Oud.)
2080 2037 2113 2062 et

1151 2095 1366 2139 Pomponium
1382 2095 1519 2127 Laetum
1538 2095 1578 2126 de
1601 2094 1788 2126 sacerdotiis
1804 2094 1941 2126 Roman.
1960 2105 1986 2126 e.
2002 2095 2024 2126 5
2049 2095 2110 2138 (ap.

1153 2159 1318 2201 Clausing.
1340 2159 1373 2191 in
1388 2159 1453 2201 jur.
1479 2159 1568 2203 publ.
1590 2158 1615 2190 I.
1643 2171 1674 2202 p.
1696 2157 1770 2202 99).

1227 2224 1408 2255 contamine
1427 2220 1673 2266 mouendarum]
1693 2221 1856 2266 Spureitia
1873 2220 2107 2253 sacrificiorum.

1150 2284 1313 2317 Monenda
1332 2284 1416 2316 enim
1433 2284 1582 2316 dicuntur
1604 2283 1776 2324 sacrificia,
1797 2295 1857 2327 per
1877 2294 1959 2327 quae
1978 2282 2021 2313 dii
2041 2291 2106 2312 mo—

1151 2353 1285 2389 nentur,
1309 2354 1345 2380 ut
1363 2353 1550 2380 succurrant
1566 2348 1763 2379 mortalibus.
1789 2347 1935 2379 Vnam.
1949 2364 1995 2368 —-
2007 2344 2108 2375 Miror

1152 2410 1302 2444 Grotium
1324 2416 1356 2442 et
1372 2409 1547 2450 Goezium,
1571 2409 1626 2453 qui
1650 2409 1786 2440 absurda
1809 2409 1888 2439 haee
1912 2419 1930 2437 a
1946 2403 2105 2437 Vulcania

1152 2483 1170 2504 e
1191 2471 1298 2514 glossa
1321 2473 1436 2504 hausta
1459 2470 1655 2515 repetierint.
1687 2469 1741 2501 Dii
1763 2469 1846 2500 enim
1866 2471 2014 2503 monent,
2040 2477 2105 2497 non

1150 2539 1332 2568 monentur.
1378 2534 1514 2568 Monere
1546 2533 1607 2565 hoc
1635 2531 1708 2563 loco
1744 2535 1793 2561 cst
1823 2527 2025 2572 „praedicere
2052 2539 2104 2559 res
