2310 2860
1982 151 2065 184 xm

108 255 291 310 „partim
325 269 457 295 manu
490 264 683 295 exaratos
715 254 972 295 clarissimus
1003 253 1070 293 vir
1094 261 1134 293 et
1161 251 1376 306 juvandae
1400 253 1460 294 rei
1491 253 1700 295 literariae
1729 254 2063 295 studiosissimus

109 335 315 386 „Basilius
348 335 647 375 Auci-bachius
683 335 718 375 J.
759 335 804 374 C.
842 333 1148 388 suppeditavit,
1206 332 1454 383 emendavi,
1508 342 1548 374 et
1583 334 1748 375 scholiis
1786 336 1941 390 partim
1986 350 2064 376 ve-

108 416 298 467 „teribus
333 416 486 471 partim
524 416 627 456 ineis
657 414 886 463 illustravi,
931 428 984 453 ne
1016 413 1249 455 verborum
1280 414 1495 455 scabrities
1538 424 1663 469 atque
1694 417 1948 467 obscuritas,
1994 416 2064 456 cui

108 495 306 547 „duobus
350 496 577 551 praecipue
618 495 766 550 primis
803 494 920 534 libris
961 503 1000 533 et
1045 493 1316 547 reliquorum
1363 494 1487 534 initiis
1534 503 1574 534 et
1615 496 1812 536 clausulis
1854 496 2064 537 studuisse

108 576 328 628 „videtur‚
374 578 530 618 multos
568 586 614 617 ut
651 577 855 617 hactenus
896 575 947 616 ab
987 576 1078 628 ejus
1115 575 1290 616 lectione
1327 575 1600 636 deterreret?
1660 576 1715 616 Et
1747 576 1853 616 haec
1883 576 2062 631 quidem

108 659 151 699 in
181 658 330 699 itinere
362 657 645 707 auctumnali,
686 671 824 710 quum
855 669 992 695 unum
1026 655 1139 695 diem
1171 654 1382 709 Erlangae
1414 669 1631 705 versarer,
1678 670 1730 696 ex
1764 656 1876 696 illius
1907 656 2064 697 biblio-

108 737 256 779 thecae
302 738 430 792 copiis
472 736 715 777 festinanter
760 735 984 788 exscripsi,
1043 734 1221 774 ulterius
1272 733 1559 788 comparando
1603 733 1802 788 progredi
1845 749 1921 774 nec
1961 744 2063 775 tunc

108 828 301 874 poteram
341 833 418 858 nec
467 832 580 857 nunc
628 817 742 866 licet,
797 830 935 870 quum
985 825 1153 869 practer
1198 815 1308 870 ipsas
1350 816 1579 856 Grotianae
1630 816 1818 857 editionis
1871 817 2062 872 plagulas

107 909 308 949 resectas,
361 898 508 951 quales
539 895 807 951 typographo
836 895 1031 949 Koppius
1070 894 1322 947 tradiderat,
1371 896 1476 936 nihil
1516 895 1568 937 ad
1598 911 1778 937 manum
1816 898 1888 948 sit,
1947 897 2063 940 uude

107 979 160 1020 de
185 979 460 1033 antiquorum
489 976 803 1031 exemplarium
836 975 904 1016 vel
935 976 1208 1017 similitudine
1240 976 1307 1017 vel
1338 976 1618 1031 discrepantia
1647 977 1856 1030 judicium
1892 978 2063 1019 faciam.

105 1059 219 1101 Illud
249 1069 413 1100 tantum
446 1058 687 1111 conjectura
720 1057 887 1112 assequi
917 1057 1023 1097 mihi
1057 1058 1228 1109 videor,
1259 1058 1510 1099 Grotianam
1542 1059 1778 1099 maximam
1812 1069 1979 1114 partem
2010 1075 2066 1100 cx

107 1140 376 1181 Vulcaniana
415 1153 658 1193 expressam
699 1153 810 1189 esse,
859 1147 906 1178 ut
943 1138 975 1178 si
1015 1139 1270 1194 typographi
1301 1148 1472 1194 peccata
1507 1138 1714 1192 excipias,
1763 1139 1921 1193 quibus
1952 1140 2066 1180 Gro—

107 1220 245 1261 tianus
268 1228 406 1259 textus
436 1227 580 1268 scatet,
616 1218 776 1258 multae
800 1218 1016 1267 lectiones,
1048 1231 1154 1271 quas
1176 1218 1323 1258 Grotio
1355 1219 1552 1273 Koppius
1583 1219 1751 1269 tribuit,
1792 1219 2059 1261 Vulcanium

108 1299 248 1354 potius
281 1308 496 1338 auctorem
529 1297 732 1348 habeant,
771 1296 812 1337 in
845 1297 992 1351 primis
1027 1306 1170 1337 autem
1202 1296 1435 1352 pleraeque
1474 1297 1755 1348 variantium,
1802 1313 1908 1353 quas
1948 1299 2064 1340 idem

110 1379 308 1419 Grotium
340 1378 383 1417 in
413 1377 603 1430 margine
633 1377 821 1430 posuisse
852 1377 1050 1427 credidit,
1094 1392 1180 1417 non
1211 1377 1317 1418 aliae
1359 1379 1440 1418 sint
1480 1378 1535 1418 ab
1572 1378 1641 1429 iis,
1685 1393 1791 1433 quas
1823 1379 2064 1421 Vulcanius

108 1473 174 1507 se,
221 1457 322 1510 quia
353 1456 554 1509 ambigua
588 1456 700 1508 optio
731 1464 854 1504 esset,
888 1455 932 1494 in
963 1456 1155 1510 margine
1188 1457 1454 1511 adscripsisse
1486 1459 1562 1509 ait3
1609 1473 1720 1512 quae
1751 1461 1862 1500 enim
1896 1476 1950 1501 ex
1980 1477 2063 1502 suo-

108 1539 239 1595 ipsius
277 1536 418 1577 codice
456 1533 630 1575 Grotius
671 1534 741 1574 vel
780 1534 1158 1574 commemoranda
1200 1536 1268 1575 vel
1305 1536 1547 1590 recipienda
1595 1547 1754 1589 censet,
1807 1526 2066 1594 plerumque

109 1619 152 1659 in
174 1617 283 1659 notis
305 1615 484 1656 demum
509 1612 631 1654 affert
653 1627 730 1652 nec
754 1627 853 1653 raro
877 1613 966 1666 ipse
990 1613 1212 1654 lectionem
1239 1629 1261 1655 a
1286 1629 1329 1654 se
1351 1614 1568 1669 vulgatam
1593 1614 1769 1656 damnat
1795 1619 2065 1673 corrigitque,

109 1709 158 1741 ut
191 1698 314 1740 facile
357 1704 557 1752 appareat
594 1708 754 1734 novam
798 1693 923 1733 illum
964 1695 1252 1735 recensionem
1291 1709 1371 1735 nec
1406 1695 1589 1735 voluisse
1620 1711 1698 1736 nec
1727 1696 1830 1738 dare
1864 1702 2063 1754 potuisse.

110 1781 279 1823 Verum
319 1778 426 1819 haec
459 1776 683 1827 hactenus3
728 1789 840 1828 quae
877 1774 972 1816 ideo
1006 1783 1171 1815 tantum
1211 1774 1528 1830 praemonenda
1561 1775 1840 1828 videbantur,
1879 1794 1931 1820 ne
1969 1781 2067 1835 quis

110 1862 231 1903 hanc,
251 1859 476 1901 editionem
517 1856 568 1898 ad
607 1865 774 1897 nostrae
805 1855 948 1897 aetatis
984 1855 1165 1896 rationes
1198 1853 1359 1895 criticas
1389 1869 1536 1896 severe
1568 1856 1705 1910 exigat
1737 1857 1894 1898 salsave
1923 1861 2064 1915 specie

110 1941 312 1997 deceptus
338 1939 470 1980 lector
507 1937 602 1992 plus
634 1944 866 1991 exspectet,
911 1949 1043 1989 quam
1075 1934 1144 1975 vel
1176 1949 1251 1989 ego
1283 1943 1496 1989 praestare
1530 1935 1766 1990 potuerim,
1812 1939 1881 1977 cui
1911 1938 2065 1981 furtim

110 2029 276 2062 tantum
314 2018 422 2059 inter
457 2015 700 2071 typothetae
739 2014 972 2070 specimina
1013 2013 1260 2068 corrigenda
1300 2029 1432 2055 unam
1473 2015 1707 2057 alteramve
1744 2016 1966 2060 lectionem
2009 2021 2064 2062 ad

110 2113 351 2156 paucorum
374 2096 570 2138 codicum
593 2094 721 2136 fidem
744 2105 904 2136 temere
930 2103 1138 2135 mutatam
1162 2098 1380 2137 restituere
1403 2096 1590 2147 licuerit,
1620 2095 1688 2137 vel
1713 2100 2067 2153 septuagenarius¹

111 2196 260 2231 senex,
288 2179 331 2220 in
362 2192 495 2234 quem
523 2177 595 2218 vel
626 2191 720 2217 eam
754 2176 809 2216 ob
839 2190 1011 2217 causam
1036 2176 1257 2232 philologis
1279 2178 1384 2218 nihil
1408 2177 1514 2233 juris
1543 2177 1613 2228 sit,
1645 2177 1746 2232 quia
1773 2192 2066 2236 quaecunque

112 2262 288 2304 haberet
311 2260 389 2301 sibi
419 2274 502 2299 non
540 2258 857 2313 philologorum
880 2257 1034 2299 scholis
1063 2256 1271 2298 debuerit.
1316 2258 1372 2298 At
1402 2257 1516 2298 enim
1546 2272 1650 2298 vero
1680 2257 1713 2297 si
1738 2258 1833 2312 quis
1857 2274 1911 2300 ex
1940 2261 2060 2301 bono·

113 2351 155 2383 et
189 2356 328 2396 aequo
363 2339 484 2380 illum
522 2338 845 2390 existimaverit,
891 2338 1013 2381 facile
1050 2339 1268 2395 intelliget,
1312 2337 1432 2380 haud
1476 2337 1664 2393 profecto
1703 2339 2060 2380 contemnendam

114 2434 288 2475 operam
324 2418 549 2479 Martiano*
575 2433 654 2459 suo
693 2418 964 2474 praestitisse:
1001 2419 1138 2460 multa
1179 2434 1233 2461 ex
1269 2417 1486 2460 codicibus
1521 2417 1608 2458 suis
1648 2417 1902 2470 correxisse,
1947 2434 2065 2474 quae

114 2500 272 2542 frustra
314 2509 478 2542 veteres
515 2500 821 2553 exercuissent,
869 2499 1007 2542 multa
1050 2497 1207 2542 menda
1250 2498 1484 2554 aperuisse,
1538 2510 1651 2552 quae
1687 2511 1814 2538 nemo
1858 2496 1911 2538 ad
1948 2497 2065 2540 hanc
