2310 2860
724 178 924 221 Martiani
955 178 1154 234 Capellae
1184 178 1256 218 lib.
1277 177 1353 220 IV.
1391 179 1423 231 ᾗ.
1443 177 1545 220 416.
2028 181 2113 222 577

154 305 241 333 uno
273 298 527 344 argumento
565 296 742 344 possunt
781 286 951 338 confici,
1000 295 1039 327 et
1075 299 1208 327 unam
1242 300 1334 326 rem
1376 300 1523 326 omnes
1554 285 1737 341 probaro
1778 296 1964 342 possunt.
2023 286 2116 328 Nec

152 372 324 412 interest
352 370 395 411 in
426 369 732 426 propositione,
770 383 903 424 quain
935 377 1099 424 partem
1132 366 1272 422 primo
1303 381 1456 422 ponas,
1491 376 1640 408 utrum
1674 366 1934 422 argumenti,
1967 375 2114 407 utrum

155 451 432 506 quaestionis,
474 450 713 491 dummodo
745 450 992 492 conditionis
1025 451 1132 492 ratio
1163 458 1452 491 conservetur.
1509 450 1661 499 Quum
1693 449 1873 490 dixeris:
1903 449 1936 488 si
1969 447 2114 488 rheto-

155 532 241 573 rica
274 541 334 573 est
363 532 471 572 bene
502 531 670 572 (licendi
699 533 890 583 scientia,
923 528 1032 572 utilis
1058 540 1138 583 cst3
1199 539 1333 586 potest
1362 539 1400 570 et
1424 529 1481 570 sic
1507 530 1624 585 poni:
1661 530 1771 570 utilis
1804 539 1862 570 est
1892 529 2116 580 rhetorica,

155 612 189 653 si
219 612 328 653 bene
351 612 517 653 dicendi
548 613 719 654 scientia
749 622 819 654 est.
879 613 971 654 Hoc
1003 613 1128 653 etiam
1158 612 1200 652 in
1223 611 1394 653 duobus
1427 611 1513 652 aliis
1545 611 1730 666 experiri
1758 610 1865 651 licet.
1923 611 2115 660 Quartus
2143 608 2229 651 417

156 694 313 736 modus
348 705 429 746 est,
473 696 548 750 qui
576 710 652 751 per
682 694 1009 749 disjunctionem
1042 693 1243 746 efficitur,
1291 695 1347 735 ita
1378 704 1426 735 ut
1467 708 1553 734 uno
1596 702 1783 734 assumto
1825 692 1939 733 aliud
1970 706 2116 733 neees-

156 774 266 816 sario
297 784 498 831 negatum
530 775 601 826 sit,
642 775 724 815 hoc
758 774 909 815 modo:
943 782 1016 814 aut
1047 788 1174 816 sanus
1219 786 1279 816 est
1325 786 1398 817 aut
1427 775 1670 827 imbecillis,
1713 788 1841 815 sanus
1873 782 1932 814 cst
1960 782 2118 824 autem,

155 872 240 898 non
277 867 338 899 est
373 858 499 913 igitur
536 858 771 899 imbecillis.
842 858 1027 907 Quintus
1066 855 1222 896 modus
1262 865 1343 907 ost,
1398 857 1474 910 qui
1513 857 1639 897 etiam
1679 870 1755 912 per
1793 854 2120 908 disjunctionem
2148 846 2237 889 418

159 938 362 989 efficitur,
396 940 451 980 ita
479 949 526 980 ut
556 954 642 980 uno
673 948 821 994 negato
855 937 971 979 aliud
1001 938 1236 978 necessario
1268 938 1339 988 sit,
1378 937 1460 978 hoc
1491 937 1639 978 modo:
1677 946 1751 978 aut
1790 951 1918 978 sanus
1950 943 2009 975 est
2047 941 2119 975 aut

157 1020 400 1070 imbecillis,
445 1035 530 1060 non
574 1029 633 1059 est
672 1028 812 1059 autem
856 1033 1003 1069 sanus,
1054 1017 1181 1072 igitur
1221 1017 1444 1058 imbecillis
1483 1026 1555 1057 est.
1617 1015 1759 1057 Additi
1800 1024 1898 1055 sunt
1935 1012 2004 1053 alii
2033 1011 2121 1052 duo
2150 1006 2239 1049 419

156 1100 297 1151 modi,
347 1101 421 1154 qui
459 1115 536 1155 per
577 1109 878 1155 argumentum
917 1100 1094 1140 istorum
1137 1098 1327 1139 duorum
1367 1097 1460 1138 ficri
1498 1105 1694 1153 possunt,
1743 1109 1829 1136 non
1866 1103 2008 1134 tamen
2043 1107 2120 1148 per

158 1178 510 1232 disjunctionem,
556 1179 629 1220 sed
668 1195 744 1235 per
776 1182 1055 1235 negationem.
1112 1179 1186 1219 Est
1226 1194 1324 1234 ergo
1355 1187 1498 1219 sextus
1530 1176 1707 1226 modus,
1746 1174 1789 1214 in
1822 1187 1908 1228 quo
1940 1172 2120 1213 demon-

158 1269 315 1301 stratur
345 1275 429 1302 non
465 1276 587 1316 posse
622 1262 751 1303 simul
782 1271 822 1303 et
852 1262 933 1303 hoc
977 1277 1066 1303 esse
1097 1271 1136 1303 et
1166 1261 1287 1305 illud.
1345 1260 1589 1302 Assumitur
1623 1272 1700 1314 per
1729 1256 1858 1296 unius
1893 1253 2122 1295 confirma-

158 1341 341 1391 tionem,
383 1342 651 1383 concluditur
689 1357 765 1397 per
806 1343 976 1383 alterius
1016 1343 1369 1393 infirmationem,
1413 1342 1497 1383 hoc
1534 1340 1681 1382 modo:
1713 1353 1800 1380 non
1837 1346 1898 1378 est
1925 1350 2052 1377 sanus
2084 1344 2125 1375 et

159 1421 404 1473 imbecillis,
436 1436 564 1463 sanus
596 1431 656 1463 est
688 1432 850 1473 autem,
885 1438 967 1464 non
996 1424 1122 1478 igitur
1146 1422 1380 1462 imbecillis.
1440 1421 1654 1475 Septimus
1685 1418 1840 1460 modus
1871 1417 2123 1473 proponitur

157 1501 229 1551 sic,
259 1501 361 1542 etin
392 1516 441 1542 eo
473 1501 705 1542 assumitur
726 1512 773 1543 ut
806 1502 848 1542 in
881 1504 1048 1557 quinto,
1081 1513 1209 1559 atquc
1239 1504 1295 1544 ita
1325 1501 1605 1543 concluditur.
1645 1499 1712 1542 Ad
1741 1513 1836 1541 rem
1868 1496 2032 1538 facilius
2056 1495 2122 1535 in-
2151 1489 2244 1534 4⁴20

159 1580 427 1635 telligendam
451 1582 516 1623 his
550 1582 765 1636 quaedam
789 1584 954 1628 formae
977 1584 1236 1638 junguntur,
1267 1583 1322 1621 ita
1353 1591 1400 1621 ut
1428 1581 1557 1621 rebus
1581 1580 1679 1634 ipsis
1708 1593 1792 1619 non
1815 1577 1934 1618 dictis
1958 1575 2126 1616 ratioci-

162 1661 293 1703 nandi
319 1663 381 1704 vis
403 1663 672 1720 intelligatur.
709 1664 785 1705 Est
809 1664 937 1719 primi
961 1664 1077 1705 modi
1101 1664 1241 1704 forma
1270 1662 1396 1702 haec:
1430 1663 1462 1701 si
1487 1661 1694 1716 primum,
1723 1658 1991 1708 secundum3
2040 1656 2127 1711 pri-

159 1757 284 1784 mum
310 1753 468 1795 autem,
488 1744 729 1786 secundum
752 1745 891 1799 igitur.
921 1745 1106 1786 Secundi
1125 1744 1250 1784 haee:
1277 1744 1310 1784 si
1332 1759 1418 1784 non
1442 1743 1650 1798 primum,
1674 1755 1752 1781 nec
1775 1738 2038 1787 secundum
2061 1752 2127 1776 se·-

166 1825 357 1867 cundum
381 1835 539 1874 autem,
562 1835 602 1866 et
626 1825 818 1880 primum
841 1825 980 1878 igitur.
1014 1825 1147 1865 Tertii
1170 1825 1295 1865 haec:
1317 1839 1402 1865 non
1425 1832 1464 1863 et
1486 1823 1678 1877 primum
1704 1831 1744 1862 et
1761 1836 1846 1862 non
1866 1817 2129 1868 secundum3

162 1904 356 1959 primum
387 1914 553 1953 autem,
583 1903 709 1957 igitur
740 1912 780 1943 et
809 1904 1062 1943 secundum.
1097 1902 1252 1952 Quarti
1276 1902 1401 1943 haec:
1439 1910 1512 1942 aut
1541 1901 1734 1956 primum
1766 1909 1838 1940 aut
1867 1896 2128 1947 secundum3

163 1984 356 2041 primum
380 1992 539 2036 autem,
568 1998 655 2025 non
683 1983 810 2039 igitur
839 1981 1092 2024 secundum.
1125 1981 1275 2032 Quinti
1297 1980 1422 2022 haec:
1448 1989 1520 2022 aut
1549 1980 1743 2037 primum
1770 1988 1844 2020 aut
1865 1976 2128 2028 secundum

238 2204 296 2236 per
312 2191 569 2238 disjunctionem]
591 2191 660 2224 Alii
677 2192 880 2237 syllogismos
898 2193 1122 2238 hypotheticos
1175 2191 1281 2225 editis.
1307 2191 1460 2224 Ceterum
1481 2187 1676 2221 Aristoteles
1693 2187 1794 2219 literis
1813 2186 1914 2217 utitur
1935 2184 1969 2216 in
1994 2183 2043 2215 his
2065 2183 2125 2213 sor-

168 2259 201 2285 et
221 2253 431 2295 disjunctivos
455 2254 539 2286 inter
557 2266 591 2286 se
616 2253 832 2296 distinguunt,
851 2254 893 2287 'ut
907 2256 1029 2288 Marius
1047 2255 1123 2287 Vie-
1176 2256 1253 2294 mis,
1281 2261 1317 2286 ut
1349 2254 1434 2298 apud
1454 2252 1654 2297 Appulejum
1675 2252 1795 2295 (dogm.
1820 2250 1904 2281 Plat·
1933 2250 1973 2288 5⁷
2003 2260 2033 2291 P·
2053 2246 2125 2276 279

169 2316 293 2349 tor-inus
321 2318 361 2349 ad
385 2318 552 2349 Ciceronis
574 2318 765 2351 rhetoricam
787 2319 850 2363 (ap.
866 2319 951 2350 Pith.
977 2332 1007 2363 p.
1029 2319 1124 2363 175),
1176 2318 1281 2362 oud.)
1311 2318 1463 2359 legimus:
1493 2328 1602 2348 »omne
1627 2316 1656 2348 C
1684 2316 1732 2356 B3
1765 2325 1858 2346 omne
1887 2313 1917 2344 B
1946 2310 1996 2351 A5
2033 2319 2125 2339 omne

169 2380 225 2425 qui
247 2380 357 2421 docet,
388 2393 485 2424 quum
513 2382 545 2413 in
571 2382 790 2426 propositione
814 2382 856 2413 sit
880 2382 925 2414 »si
951 2388 1036 2422 est«,
1071 2395 1125 2427 ap·
1176 2383 1273 2425 igitur
1300 2381 1329 2413 C
1355 2380 1425 2421 A«3
1459 2379 1577 2412 stoicos
1603 2384 1709 2411 autem
1735 2377 1820 2409 idem
1846 2379 1981 2407 testatur
2002 2382 2060 2416 pro
2088 2369 2124 2401 li-

169 2441 283 2487 pellari
299 2447 517 2484 argumentum
534 2440 632 2477 κατὰ
649 2442 913 2490 συνημμένους
937 2457 1035 2489 quum
1050 2456 1126 2476 vero
1175 2444 1253 2477 teris
1270 2454 1420 2475 numeros
1437 2453 1606 2486 usurpare,
1632 2440 1719 2484 quod
1734 2439 1818 2470 idem
1841 2437 2028 2470 Ciceronem
2046 2432 2125 2476 (top.

170 2505 204 2536 iu
228 2504 284 2535 illa
306 2503 347 2534 sit
361 2509 435 2535 »aut
453 2509 538 2544 est«,
553 2504 706 2548 appellari
722 2504 821 2542 κατὰ
839 2504 1124 2553 διεζευγμένον.
1176 2507 1214 2550 4)
1237 2505 1351 2538 fecisse
1375 2504 1536 2538 videmus=
1559 2503 1606 2535 »si
1626 2503 1779 2547 primum,
1811 2497 2002 2530 secundum«
2026 2500 2085 2526 cef-

240 2563 448 2610 jztnyuntzcr]
475 2565 593 2598 Melior
619 2566 698 2598 haec
723 2572 773 2598 est
792 2568 1067 2600 Reiclnenauensis
1094 2572 1127 2599 et
1251 2581 1310 2601 nec
1324 2566 1513 2613 seeundum]
1532 2567 1582 2599 Ita
1595 2566 1709 2598 melius
1724 2558 1997 2595 Reichenauensis
2014 2558 2127 2593 codex-

172 2629 414 2663 Mouaccnsium
436 2629 488 2672 (C.
514 2629 554 2673 F)
574 2628 688 2670 lect10‚
711 2641 806 2674 quam
831 2633 1072 2677 conjunguntur
1092 2631 1126 2663 in
1177 2643 1272 2675 quam
1298 2643 1364 2663 non
1385 2629 1561 2663 secundum
1585 2629 1618 2659 in
1641 2624 1746 2658 editis.

1680 2687 1728 2718 48
