2310 2860
720 154 921 198 Martiani
959 154 1158 212 Capellae
1187 155 1267 207 jib.
1296 154 1348 197 ΙΙ.
1388 157 1419 208 §.
1446 154 1546 199 154.

149 262 367 303 annuntiat
406 263 618 318 potestati,
664 263 788 304 etiam
820 262 1008 319 Angelus
1040 263 1191 318 poterit
1219 263 1473 319 nuncupari.

2026 159 2114 202 207

1541 263 1628 305 Hos
1659 279 1804 307 omncs
1840 266 1992 308 Gracci
2024 273 2102 310 δαὶ·
2140 271 2225 312 154

143 360 266 392 μονας
286 343 448 396 dicunt,
473 345 553 386 ἀπὸ
578 349 650 384 τοῦ
676 346 878 395 δαήμονας
904 346 1028 384 sivae:
1054 342 1192 384 Latini
1216 343 1501 385 Medioximos
1531 346 1785 388 vocitarunt.
1817 348 1904 398 Qui
1930 350 2107 404 quidem

143 441 290 467 omncs
316 428 457 467 minus
480 426 646 468 lucidae
678 425 1023 482 splendentisque
1054 433 1231 465 naturae
1262 440 1396 480 quam
1428 425 1486 466 illi
1518 426 1727 479 coelestes,
1759 429 1866 470 sicut
1886 431 2105 486 conspicis,

148 507 453 562 approbantur.
511 509 603 550 Nec
634 517 777 549 tamen
805 506 863 548 ita
900 516 999 547 sunt
1030 506 1289 562 corpulenti,
1332 516 1380 549 ut
1414 506 1643 549 hominum
1682 511 1902 566 capiantur
1937 513 2102 556 obtutu.

142 589 220 631 Hic
255 605 353 646 crgo
387 591 540 643 Lares,
590 590 660 631 hic
689 598 785 646 post
813 589 1114 631 membrorum
1143 603 1307 630 nexum
1337 588 1496 644 degunt
1530 590 1697 632 animae
1728 593 1946 648 puriores,
1989 611 2101 651 quac

139 721 168 753 p.
189 711 235 742 15
266 709 357 754 Bip.)
389 710 474 754 ipsas
504 721 673 753 corporum
702 708 831 740 umbras
867 708 951 753 apud
973 707 1094 740 inferos

137 784 286 806 accusare
310 775 456 806 homines
484 774 600 814 refert,
633 773 751 817 quippe
776 783 874 817 quae,
905 777 1016 817 utpote
1040 783 1093 803 eo-

136 846 206 866 rum
225 846 351 880 semper
368 835 517 875 comites,
539 835 626 866 omni
651 835 712 866 fide
736 834 850 875 dignae
875 833 948 866 siut.
974 833 1093 865 Pinda-

134 909 204 930 rum
235 911 348 942 nempe
377 898 452 943 (Ol.
479 899 519 939 2,
555 897 645 941 107)
674 897 726 929 vel
754 897 925 929 Platonem
953 896 1094 941 (Phaed.

135 974 163 1005 p.
185 963 267 994 107.
285 962 422 993 Phacdr.
444 974 475 1005 p.
497 962 570 993 249
589 960 715 1005 Stcph.)
741 966 813 992 ante
836 961 948 993 oculos
971 961 1091 1001 habuit,

133 1023 224 1065 eujus
253 1023 349 1055 verba
386 1023 531 1067 pluribus
560 1023 603 1054 ita
633 1022 880 1066 circumscripsit
909 1021 1092 1066 Appulcjus

130 1084 183 1128 (de
213 1084 273 1116 deo
300 1083 395 1116 Soer.
419 1097 450 1128 p.
477 1085 547 1116 155
572 1084 687 1127 Oud.):
719 1084 833 1115 »Plato
858 1089 1001 1115 autumat
1027 1084 1091 1114 siu-

131 1146 214 1189 gulis
241 1146 422 1177 hominibus
451 1145 485 1177 iu
513 1145 576 1177 vita
608 1145 730 1187 agenda
757 1150 857 1177 testes
887 1150 919 1176 et
941 1144 1091 1178 custodes

130 1209 275 1251 singulos
298 1210 443 1250 additos,
477 1210 532 1253 qui
557 1209 676 1241 nemini
698 1209 863 1253 conspicui
889 1221 1014 1253 semper
1036 1209 1091 1242 ad-

131 1272 194 1304 sint
221 1272 330 1304 arbitri
356 1273 497 1305 omuium
519 1284 585 1304 non
610 1273 705 1304 modo
731 1278 894 1313 aetorum,
918 1274 974 1304 sed
994 1273 1089 1305 etiam

131 1337 354 1381 cogitatorum.
379 1335 427 1368 At
446 1336 501 1367 ubi
523 1336 588 1367 vita
608 1336 693 1367 edita
710 1337 915 1367 remeandum
935 1336 987 1377 sit,
1011 1348 1088 1369 eun-

129 1399 200 1431 dem
221 1399 323 1440 illum,
349 1399 404 1443 qui
428 1399 522 1431 nobis
541 1399 704 1443 praeditus
720 1399 831 1439 fuerit,
857 1404 982 1442 raptare
1001 1399 1087 1431 iflico

127 1468 159 1495 et
183 1465 309 1495 trahere
332 1463 372 1494 ad
390 1463 533 1505 judicem
559 1468 653 1506 atque
678 1462 743 1495 illie
770 1462 804 1494 in
829 1473 924 1494 eausa
951 1462 1087 1494 dicunda

127 1526 294 1558 assistere:
317 1526 345 1557 si
370 1539 434 1570 qua
459 1526 704 1558 commentiatur
728 1526 937 1567 redarguerc3
974 1525 1001 1556 si
1024 1537 1086 1568 qua

125 1599 198 1620 vera
215 1587 310 1627 dieat,
335 1597 534 1619 asseverare:
553 1599 685 1631 prorsus
703 1586 790 1617 illius
812 1586 994 1617 testimonio
1011 1586 1086 1617 ferri

125 1651 323 1684 sententiam.
332 1666 343 1679 π

196 1714 357 1761 Angelus]
380 1715 468 1747 Care
487 1714 598 1746 credas
621 1715 681 1746 hoc
701 1712 841 1754 nomine,
865 1725 929 1758 quo
949 1713 1080 1745 nuntius

124 1779 336 1822 significatur,
372 1791 438 1810 non
474 1778 537 1810 uisi
564 1778 767 1810 Christianos
801 1778 973 1822 scriptores
1003 1789 1080 1809 usos

122 1853 203 1874 esse.
237 1842 324 1873 Usus
351 1847 401 1872 est
427 1853 444 1871 e
472 1840 627 1871 Romanis
650 1840 718 1881 jam
745 1840 873 1880 Labeo,
901 1851 918 1871 e
945 1839 1080 1872 Graecis

121 1904 283 1937 Aristides
312 1905 376 1948 (or.
408 1903 461 1943 εἰς
487 1899 674 1948 Ἀθηνᾶν)
709 1908 758 1943 01,
793 1903 821 1934 si
846 1903 953 1934 sabula
989 1915 1079 1943 vera,

119 1966 243 2011 Apollo
272 1966 341 2011 ipse
366 1965 400 1996 in
426 1976 582 2008 responso
609 1964 676 2008 (ap.
701 1964 846 1996 Lactant.
869 1965 900 2003 1,
927 1963 971 2007 7).
998 1964 1079 1995 Ροι·-

118 2028 250 2073 phyrius
278 2039 407 2072 quoque
428 2026 487 2070 (de
515 2025 630 2058 abstin.
656 2026 696 2066 2,
720 2026 779 2058 58.
807 2037 836 2069 p.
866 2026 935 2058 175
958 2027 1078 2057 Rlzoer.

118 2090 243 2133 Isagog.
258 2089 298 2121 ad
318 2088 529 2120 Aristotelem
551 2087 587 2130 5)
608 2088 670 2119 hue
688 2087 799 2119 referri
824 2093 941 2131 potest,
971 2089 1077 2133 διαγ·

120 2152 337 2199 γέλλοντας
359 2152 443 2184 inter
467 2151 545 2183 deos
572 2156 604 2182 et
625 2151 770 2182 homines
792 2163 980 2182 memorans.
1009 2151 1077 2183 Sed

118 2216 242 2256 eadem,
269 2227 350 2259 quae
374 2214 571 2253 Martianus,
602 2218 675 2244 ante
695 2224 768 2244 eum
791 2213 858 2255 jam
881 2213 1076 2245 Plutarchus

117 2276 172 2320 (de
193 2289 275 2309 orae.
297 2277 357 2308 def.
381 2289 411 2320 p.
428 2276 516 2318 417)
543 2274 724 2319 scripserat.
750 2274 878 2306 Pariter
902 2275 997 2306 Philo
1015 2275 1075 2306 Ju-

118 2340 216 2371 daeus
241 2341 301 2384 (de
337 2339 468 2371 somniis
500 2338 564 2383 Op.
595 2351 626 2382 p.
650 2336 761 2382 586)=
791 2337 895 2371 nsunt
918 2339 1074 2382 quaedam

118 2403 304 2448 purissimae
329 2402 542 2446 optimaeque,
568 2414 650 2446 quae
679 2403 774 2434 altius
798 2402 999 2446 diviniusque
1025 2414 1073 2433 sa-

117 2464 224 2510 piunt,
255 2469 441 2507 aspernatae
470 2464 649 2505 terrestria,
683 2464 847 2497 ministrae
874 2465 1073 2509 omnipoten-

117 2527 174 2568 tis,
204 2531 356 2570 tanquam
385 2523 491 2565 magni
521 2524 606 2565 regis
636 2537 729 2558 aures
758 2532 791 2558 et
817 2526 902 2559 oculi
927 2526 1072 2558 videntes

117 2589 345 2634 audientesque
366 2587 479 2620 omnia.
504 2587 575 2619 Has
596 2587 719 2621 Genios
744 2589 945 2635 philosophi,
963 2591 1072 2635 ,41190-

2136 603 2218 644 1525

1144 709 1191 741 los
1216 721 1323 742 sacrae
1344 710 1455 743 literae
1478 717 1592 743 vocant
1615 709 1651 755 (ὁ
1675 710 1716 748 δὲ
1740 712 1840 760 ἱερὸς
1855 713 1973 761 λόγος
1993 713 2103 762 (ξγγέ-

1144 770 1241 810 λους
1264 771 1378 806 εἴωθε
1401 772 1547 816 καλεῖν)
1569 774 1695 806 nomine
1716 776 1895 818 aptissimo:
1923 785 1998 809 sunt
2020 779 2103 811 enim

1143 834 1376 876 internuntiae,
1410 836 1509 880 patris
1546 838 1694 870 mandata
1722 840 1920 883 perferentes
1949 842 1988 873 ad
2019 844 2103 875 filios

1143 904 1176 931 et
1202 899 1241 931 ad
1265 900 1356 932 illum
1379 900 1518 933 vicissim
1545 914 1657 945 preces
1682 904 1851 938 filiorum«
1885 905 2006 938 Confer
2031 907 2101 939 110·

1142 962 1221 993 meri
1246 963 1397 1005 hymnum
1426 963 1459 995 in
1484 964 1677 996 Mercurium
1703 966 1830 1011 (569),
1863 974 1896 999 et
1925 967 2103 1012 Orphicum

1142 1023 1216 1067 (27.
1240 1024 1283 1066 1),
1305 1025 1391 1056 Max.
1413 1025 1544 1068 Tyrium
1566 1026 1644 1070 (14,
1666 1028 1700 1061 8.
1719 1028 1758 1061 T.
1782 1029 1807 1060 I.
1829 1041 1859 1072 p.
1877 1030 1950 1062 266
1967 1032 2102 1076 Reisl;.)‚

1143 1087 1318 1129 Origenem
1340 1089 1381 1133 (c.
1403 1089 1515 1132 Cels),
1534 1090 1674 1122 Plinium
1693 1091 1879 1124 Secundum
1897 1094 2023 1138 (paneg.
2040 1096 2103 1134 52,

1141 1150 1174 1181 5.
1199 1162 1228 1192 p.
1250 1151 1325 1181 637
1352 1150 1508 1195 Cellar.)‚
1543 1164 1578 1184 ae
1604 1152 1631 1184 si
1662 1152 1752 1185 lubet
1772 1166 1852 1197 quac
1876 1155 1952 1186 alibi
1982 1156 2027 1195 (in
2047 1169 2101 1200 pa-

1141 1212 1259 1255 laeogr.
1290 1213 1358 1246 erit.
1387 1214 1446 1247 Ill.
1475 1214 1505 1260 ἓ.
1530 1216 1589 1249 92.
1622 1216 1692 1260 95)
1720 1217 1760 1250 (le
1793 1218 1857 1249 illis
1893 1220 2014 1251 nuntiis
2048 1232 2101 1253 ex—

1140 1288 1244 1319 posui.

1213 1333 1294 1370 ἀπὸ
1316 1336 1402 1382 τοῦ]
1429 1336 1582 1380 Vulgaris
1604 1340 1682 1371 haee
1710 1342 1904 1384 etymologia
1923 1349 1971 1375 est
1993 1344 2101 1387 (Plato

1138 1397 1171 1428 in
1195 1398 1317 1441 Cratyl.
1339 1411 1371 1443 p.
1393 1400 1467 1432 598
1496 1399 1609 1444 Steph.
1631 1400 1746 1433 Isidor.
1775 1409 1870 1446 etym.
1891 1406 1926 1444 8,
1953 1406 2015 1445 11,
2045 1408 2099 1438 15.

1137 1470 1170 1502 p.
1185 1459 1259 1491 578
1280 1458 1393 1504 Arev.)
1408 1472 1426 1492 a
1451 1473 1514 1505 qua
1536 1461 1641 1493 differt
1660 1462 1716 1494 illa
1737 1463 1896 1508 Lennepii
1914 1466 1961 1509 (in
1981 1468 2099 1511 etym).

1211 1522 1438 1568 IlIedioximos]
1464 1524 1568 1567 Quasi
1586 1525 1710 1557 medios
1731 1527 1896 1570 proximos
1918 1528 2002 1560 inter
2018 1530 2098 1563 ‹leos

1135 1590 1169 1615 01
1202 1585 1348 1616 homiues
1382 1585 1611 1619 discurrentes,
1644 1587 1792 1621 vnclis.
1824 1608 1871 1612 —
1907 1589 2093 1634 Appulcjus

1135 1645 1259 1689 (dogm.
1287 1646 1372 1677 Plat.
1406 1658 1437 1689 p.
1470 1646 1543 1677 204
1582 1646 1690 1691 Oud.)
1724 1661 1814 1680 »esse
1851 1652 2090 1686 medioxumos«

1133 1708 1190 1750 ait,
1222 1709 1296 1753 „qui
1322 1708 1371 1740 sui
1389 1709 1512 1740 ratione
1534 1714 1565 1741 et
1582 1710 1655 1742 loco
1680 1717 1711 1742 et
1735 1718 1894 1755 potestate
1922 1715 1982 1747 diis
2009 1728 2094 1749 sum—

1132 1773 1191 1804 mis
1213 1773 1276 1805 siut
1295 1773 1451 1812 minores,
1478 1773 1642 1805 hominum
1664 1781 1776 1807 natura
1799 1777 1965 1820 majores«

1207 1833 1375 1879 conspicis]
1400 1835 1467 1866 Pro
1488 1838 1671 1879 conspicitis
1692 1836 1724 1868 in
1751 1838 1846 1871 editis
1867 1852 1935 1872 non
1962 1841 2092 1875 Grotia·

1131 1909 1192 1929 nus
1206 1902 1329 1928 tantum
1351 1897 1463 1937 codex,
1488 1897 1544 1928 sed
1566 1898 1851 1942 Reiclieuaueusis,
1877 1902 1974 1935 etiam
1996 1904 2091 1937 Basi-

1130 1960 1267 2000 leensis,
1294 1965 1326 1991 et
1346 1960 1613 1992 Darmstattensis
1633 1962 1761 1994 habent.

1205 2022 1329 2068 obtutu]
1364 2024 1460 2056 Plato
1482 2024 1645 2068 (Epinom.
1672 2039 1703 2070 p.
1724 2026 1797 2059 984
1817 2028 1838 2059 s.
1864 2027 1992 2074 Steph.)
2017 2030 2089 2064 ‹lae—

1129 2097 1242 2117 mones
1275 2085 1333 2126 ait,
1365 2085 1508 2129 quamvis
1531 2098 1633 2131 prope
1663 2099 1723 2119 nos
1754 2088 1834 2130 sint,
1869 2092 2012 2136 conspici
2042 2098 2086 2124 ta-

1128 2159 1202 2179 men
1224 2158 1289 2179 nou
1314 2159 1422 2191 posse.

1201 2209 1315 2256 Lares]
1333 2211 1448 2243 Manes
1466 2210 1616 2253 intelligit
1634 2212 1719 2253 illos,
1740 2225 1822 2256 quos
1841 2214 1921 2246 infra
1936 2215 2083 2259 (§.162)‚

1127 2277 1155 2308 51
1178 2276 1260 2308 vitae
1286 2275 1402 2319 prioris
1436 2275 1535 2317 adjuti
1567 2276 1684 2308 suerint
1721 2278 1905 2319 honestate,
1947 2279 2022 2310 dicit
2049 2278 2083 2310 in

1125 2339 1226 2370 Lares
1247 2338 1414 2369 domorum
1439 2337 1629 2381 urbiumque
1652 2338 1742 2370 verti.

1188 2405 1260 2443 post
1276 2400 1487 2431 membrorum
1501 2397 1634 2444 nexum]
1652 2399 1815 2441 Intellige:
1831 2399 1979 2435 solutum.
2001 2400 2081 2432 sive:

1130 2468 1223 2508 »post
1256 2463 1376 2495 animas
1405 2474 1423 2494 a
1450 2463 1664 2495 membrorum
1701 2475 1785 2495 nexu
1815 2463 1962 2493 solutas.«
2002 2463 2077 2496 Non

1123 2527 1300 2572 poenitebit
1335 2526 1510 2560 contulisse
1547 2528 1625 2560 haec
1666 2526 1790 2559 Graeca
1822 2526 1954 2557 Maximi
1987 2527 2077 2571 Tyrii

1122 2591 1199 2634 (15,
1226 2591 1259 2623 0.
1282 2589 1322 2623 Τ.
1343 2588 1369 2622 1.
1393 2602 1427 2636 p.
1449 2590 1522 2622 278
1544 2587 1684 2629 1101511),
1715 2583 1892 2622 »ἐπειδὰν
1912 2585 1952 2622 δὲ
1982 2584 2075 2624 ἀπο-
