2310 2860
637 158 838 201 Martiani
869 158 1068 216 Capellae
1099 159 1171 202 lib.
1196 160 1294 204 VII.
1325 163 1355 215 §.
1380 162 1476 205 770.
1951 169 2038 210 615

77 266 291 316 ferantur,
337 275 565 321 supersunt
595 282 691 319 sex3
729 267 763 308 si
794 281 976 309 numero
1007 267 1163 323 impari
1193 269 1333 325 impar
1365 270 1574 323 demitur,
1613 272 1653 313 id
1692 273 1808 328 quod
1846 285 2038 330 superest

76 362 153 404 par
194 357 274 399 est,
325 358 371 389 ut
409 349 442 389 si
481 364 532 390 ex
573 359 733 405 septem
780 350 859 391 tria
908 349 1180 400 auferantur,
1227 361 1457 404 supersunt
1505 362 1712 407 quatuor3
1765 355 1797 395 si
1851 370 2035 397 numero

74 430 230 484 impari
262 445 339 486 par
370 430 577 482 demitur,
622 431 663 472 id
701 431 818 486 quod
854 441 1047 486 superest
1101 432 1241 487 impar
1281 442 1360 483 est,
1407 442 1453 473 ut
1491 434 1523 473 si
1557 448 1607 473 ex
1641 445 1799 490 septem
1832 437 1919 477 duo
1959 452 2037 479 au-

76 509 291 561 ferantur,
337 520 567 566 supersunt
597 511 804 565 quinque.
863 511 945 551 Par
977 509 1130 551 deinde
1170 526 1222 552 ex
1259 513 1434 567 paribus
1472 524 1531 555 est
1570 530 1797 568 numerus,
1838 519 2033 574 quisquis
2064 522 2145 564 771

73 591 298 632 dimidium
339 607 417 648 par
455 592 604 643 habet,
651 601 698 633 ut
739 601 798 633 est
835 591 876 632 in
921 591 1173 645 duodecim,
1229 607 1415 648 quorun]
1449 595 1674 637 dimidium
1709 598 1748 638 in
1781 601 1944 641 senario
1977 611 2037 642 est

72 687 277 724 numero,
333 674 424 729 ipso
468 688 644 728 quoque
687 672 790 728 pari.
866 672 971 712 Item
1013 686 1091 726 par
1130 686 1182 713 ex
1221 674 1396 728 paribus
1437 685 1517 725 est,
1566 678 1758 731 quisquis
1800 695 1821 720 a
1865 681 2034 721 duobus

70 753 204 809 duplo
235 755 432 805 increvit,
472 764 520 795 ut
549 763 754 808 quatuor,
802 762 915 803 oct0,
952 752 1161 805 sedecim3
1209 764 1282 795 aut
1318 756 1512 810 quisquis
1544 757 1596 796 ab
1629 758 1715 797 aliis
1754 759 1810 798 sic
1842 761 2034 811 increvit,

72 844 118 876 ut
148 836 336 876 recidere
366 836 408 876 in
450 851 599 891 parem
637 836 785 891 possit3
825 835 943 890 quod
978 836 1119 876 evenit
1150 836 1275 877 etiam
1309 836 1554 892 quadruplo
1586 838 1653 878 vol
1686 840 1855 894 octuplo
1886 841 2034 882 simili-

74 917 244 972 busque
270 919 411 958 auctis.
457 919 511 958 At
537 919 730 972 quisquis
763 932 972 958 numerus
998 917 1226 959 diinidium
1258 916 1398 972 impar
1425 917 1571 969 habet,
1602 934 1680 974 par
1712 935 1762 960 ex
1795 922 2032 976 imparibus

72 1007 154 1048 cst,
200 1007 246 1038 ut
275 999 413 1047 senio,
458 999 580 1050 cujus
611 997 836 1038 dimidium
872 999 910 1038 in
944 997 1078 1038 tribus
1110 1006 1180 1038 est.
1241 998 1284 1038 Si
1322 998 1416 1051 quis
1450 1013 1551 1038 vero
1583 1013 1724 1053 neque
1756 1000 1924 1041 duobus
1957 1018 2033 1057 per

68 1075 395 1130 duplicationem
434 1077 632 1127 increvit,
678 1092 754 1117 nec
801 1078 1028 1118 dimidium
1071 1079 1212 1134 impar
1249 1079 1397 1131 habet,
1448 1095 1525 1134 par
1565 1080 1738 1134 quidem
1773 1097 1823 1121 ex
1858 1084 2032 1137 paribus

66 1164 148 1204 est,
197 1156 332 1195 oritur
369 1165 511 1195 tamen
556 1156 609 1196 ab
642 1172 690 1196 eo
723 1158 798 1211 qui
830 1172 907 1212 par
939 1174 989 1199 ex
1023 1160 1260 1215 imparibus
1295 1170 1374 1212 est,
1424 1170 1470 1201 ut
1500 1161 1739 1202 duodecim.
1802 1164 1880 1202 Hic
1912 1165 2026 1204 enim

66 1250 275 1277 numerus
305 1251 448 1291 neque
477 1251 554 1291 per
585 1236 916 1292 duplicationem
944 1253 968 1279 a
999 1239 1169 1279 duobus
1198 1249 1315 1280 ortus
1336 1249 1417 1291 est,
1463 1255 1604 1296 neque
1635 1240 1861 1282 dimidium
1891 1243 2034 1297 impar

67 1317 218 1368 habet,
260 1317 332 1358 sed
364 1332 387 1358 a
424 1318 588 1358 senario
624 1333 810 1359 ¹numero
846 1334 923 1374 per
961 1321 1294 1376 duplicationem
1325 1320 1525 1373 increvit,
1585 1321 1654 1362 ille
1687 1332 1830 1363 autem
1868 1337 1946 1378 par
1975 1338 2029 1363 ex

64 1398 325 1453 imparibus,
364 1397 406 1438 id
437 1407 496 1438 est
526 1398 675 1449 ternis,
715 1407 786 1439 est.

613 1577 691 1617 DE
736 1575 1153 1618 INCOMPOSITIS
1198 1578 1478 1620 NUMERIS.

232 1684 523 1724 Transeamus
555 1697 669 1723 nunc
700 1682 754 1724 ad
784 1697 988 1724 numeros
1014 1683 1335 1739 incompositos,
1379 1700 1487 1740 quos
1519 1686 1643 1726 cuam
1678 1687 1838 1741 priinos
1870 1704 2024 1729 secun—

64 1765 225 1819 dosque
259 1765 481 1806 nominare
512 1765 727 1820 proposui.
797 1765 1070 1821 Incompositi
1110 1781 1186 1821 per
1217 1781 1261 1806 se
1295 1767 1467 1807 numeri
1497 1767 1603 1808 nulli
1636 1782 1759 1823 pares
1790 1780 1907 1821 sunt,
1950 1787 2026 1813 ex-

65 1845 212 1899 ceptiS,
260 1855 306 1885 ut
343 1860 473 1901 supra
518 1846 662 1900 posui,
709 1845 901 1899 duobus,
945 1847 1071 1887 ceteri
1111 1847 1365 1903 quicunque
1402 1863 1479 1903 per
1521 1864 1564 1890 se
1603 1850 1870 1906 incompositi
1911 1863 2025 1901 sunt,

63 1941 211 1968 omnes
248 1927 434 1981 impares
468 1936 586 1977 sunt,
638 1936 685 1967 ut
716 1928 816 1979 tria,
864 1927 1078 1983 quinque,
1121 1937 1305 1983 septem,
1358 1944 1539 1981 novem,
1587 1931 1819 1982 tredecim,
1859 1942 2026 1988 septen—

62 2008 222 2059 decim,
269 2007 551 2062 undeviginti,
597 2008 857 2063 similesque.
926 2009 1006 2049 Per
1044 2023 1087 2048 se
1126 2023 1228 2050 vero
1268 2009 1487 2064 compositi
1526 2011 1697 2051 numeri
1736 2020 1834 2052 sunt
1878 2026 2025 2052 omncs

62 2104 206 2144 pares,
239 2089 313 2144 qui
346 2089 412 2130 vel
445 2105 496 2129 ex
522 2089 697 2143 paribus
735 2089 804 2130 vel
840 2104 890 2130 ex
922 2090 1161 2145 imparibus
1190 2100 1300 2131 sunt.
1352 2092 1465 2131 Nam
1498 2101 1537 2133 et
1569 2102 1755 2147 quatuor
1780 2103 1908 2148 atque
1932 2104 2025 2135 octo

63 2170 344 2225 duplicatione
393 2172 618 2222 metimur,
665 2186 854 2226 quorum
901 2172 1005 2212 alter
1043 2186 1251 2212 numerus
1297 2171 1337 2210 in
1383 2171 1522 2223 binos,
1578 2172 1682 2214 alter
1719 2175 1762 2214 in
1794 2185 2023 2229 quaternos

61 2250 311 2305 replicatur3
356 2262 395 2294 et
424 2252 538 2293 idem
570 2252 710 2294 facere
754 2253 796 2294 in
839 2269 913 2294 sex
952 2263 1024 2293 aut
1057 2252 1205 2293 decem
1237 2250 1360 2291 facile
1392 2260 1470 2301 est,
1515 2265 1653 2305 quum
1690 2252 1760 2292 ille
1789 2253 1831 2293 in
1868 2263 2022 2303 ternos,

60 2330 130 2370 hic
160 2330 201 2370 in
238 2330 388 2383 quinos
427 2332 677 2374 resolvatur.
747 2333 919 2374 Praeter
955 2333 1033 2373 hos
1075 2332 1197 2373 multi
1235 2332 1422 2387 impares
1451 2347 1528 2388 per
1565 2348 1609 2373 se
1651 2334 1869 2388 compositi
1899 2343 2021 2385 sunt,

60 2474 164 2494 rerum
198 2461 298 2503 magis
333 2473 427 2504 quam
460 2463 627 2495 verborum
661 2477 756 2497 eausa
782 2477 841 2510 per
874 2464 1013 2496 medium
1137 2475 1237 2507 supra
1257 2462 1364 2509 posui]
1390 2465 1503 2507 Margo
1524 2464 1680 2497 Gratiana
1705 2466 1856 2506 exposui,
1879 2465 2018 2497 fortasse

60 2525 146 2570 quod
162 2524 278 2556 dieitur
294 2534 406 2554 aevum
427 2528 474 2554 tot
494 2525 726 2567 exemplaribus
744 2527 925 2569 divulgatus
944 2532 1010 2567 est3
1061 2525 1186 2557 melius.

60 2600 156 2633 quare
180 2588 212 2619 iu
233 2587 360 2629 vulgata
385 2587 522 2619 lectione
546 2589 701 2632 acquievi.
1134 2587 1260 2634 novem]
1270 2588 1349 2621 Sine
1365 2589 1461 2622 dubio
1474 2588 1644 2632 legendum
1658 2588 1817 2628 undecim,
1830 2588 1943 2632 lero
1956 2589 2015 2621 n'.

2064 1690 2151 1730 772
