2310 2860
109 727 192 783 126

236 210 316 253 178

791 206 991 251 Martiani
1029 205 1229 263 Capellae
1266 206 1339 248 lib.
1371 206 1427 250 ΙΙ.
1465 210 1498 262 §.
1524 209 1618 252 125.

1054 313 1245 356 Foedere
1273 313 1405 369 jungi.

887 395 1051 438 Scande
1082 395 1187 435 coeli
1215 394 1376 451 templa
1406 395 1524 451 virgo

882 476 1023 532 Digna
1053 484 1166 517 tanto
1197 475 1389 517 foedere:

887 559 954 601 Te
983 574 1102 600 socer
1132 558 1277 599 subire
1307 558 1418 600 celsa

883 640 1020 683 Poscit
1049 649 1161 683 astra
1188 639 1364 696 Jupiter.

398 719 564 765 Deinde
593 719 768 765 Thalia:

878 803 1008 846 Beata
1037 804 1157 860 virgo
1187 804 1310 845 tantis

877 883 1003 936 Quae
1032 884 1223 927 siderum
1254 886 1419 927 choreis

878 963 1147 1007 Thalamum
1178 967 1291 1023 capis
1319 966 1529 1024 jugalem,

872 1044 937 1087 'Ac
969 1047 1029 1087 sic
1057 1046 1226 1089 favente
1257 1045 1422 1088 mundo

868 1124 1021 1168 Nurus
1052 1126 1219 1168 adderis
1250 1125 1456 1167 Tonanti:

869 1206 931 1248 Ac
963 1208 1086 1262 cujus
1118 1223 1207 1250 esse
1237 1207 1327 1250 divi

282 1311 394 1360 junqi]
420 1309 603 1348 Verborum
628 1312 737 1360 itaque
766 1312 902 1360 ordojin
925 1315 987 1348 hoe
1007 1316 1170 1361 Euterpes

214 1375 352 1408 carmine
369 1375 415 1409 sie
432 1376 651 1409 restituendus
672 1387 745 1408 esse
765 1375 907 1408 videtur:
926 1377 1063 1419 »Virgol
1087 1390 1169 1421 quae

212 1439 346 1484 potuisti
374 1440 503 1484 praetia
534 1439 631 1472 sortis
658 1440 761 1484 perite
795 1440 949 1473 scandere
983 1441 1109 1474 eoelum
1135 1447 1169 1474 et

208 1502 292 1536 serre
327 1502 476 1546 dogmata
516 1513 607 1535 sacra
647 1502 762 1544 castis,
806 1503 923 1548 quibus
960 1510 1061 1536 semet
1092 1516 1167 1537 nos-

210 1577 299 1608 cere,
328 1566 511 1613 quibusque
533 1566 678 1599 videntes
702 1565 824 1599 lumine
849 1567 936 1599 claro
961 1579 1092 1601 cernere
1114 1580 1167 1601 va-

208 1628 299 1661 luere
336 1628 466 1661 numina
493 1627 552 1660 fati
582 1633 615 1659 et
648 1627 757 1660 vultus
791 1627 985 1661 Geniorum:
1019 1640 1167 1673 quaeque

207 1695 331 1723 mentes
352 1688 501 1722 Platonis
524 1689 792 1734 Pythagoraeque
821 1689 926 1722 sidera
953 1700 1025 1721 csse
1049 1690 1166 1723 dedisti

205 1752 397 1797 (docuisti):
425 1763 572 1797 quaeque
602 1751 731 1794 jussisti
771 1752 908 1785 caducos
947 1753 1164 1798 mortalesque

204 1815 291 1847 nube
316 1819 440 1847 remota
468 1825 599 1847 cernere
628 1813 749 1846 lumina
776 1814 877 1855 c0e115
910 1814 984 1856 jure
1018 1821 1164 1849 senatum

204 1877 362 1911 Tonantis
387 1877 524 1918 scande,
555 1888 651 1921 quam
679 1888 776 1909 unam
800 1876 893 1910 decet
915 1878 1009 1921 jungi
1033 1879 1162 1912 foedere

201 1937 388 1974 Mercuriali
413 1938 488 1983 (hoe
509 1942 575 1970 est:
591 1937 753 1972 Mercurio
775 1938 940 1983 nubere).‹«

280 1998 407 2045 Thalia]
434 2000 575 2033 Metrtun
602 1998 637 2031 in
656 2000 719 2032 hoe
739 2000 878 2032 carmine
902 2000 1029 2043 glossae
1048 2002 1161 2036 Mona-

201 2073 314 2095 censes
336 2061 390 2108 (B.
406 2061 461 2105 E.)
483 2066 516 2094 ct
538 2060 739 2093 Basileensis
771 2061 943 2095 observant
973 2075 1045 2096 esse
1071 2064 1160 2096 Jam-

200 2125 307 2160 hicum
331 2123 605 2159 Anacreonticum
637 2130 672 2157 et
703 2131 852 2157 constare
884 2125 1019 2159 dimetro
1045 2127 1160 2160 catale-

202 2188 284 2222 ctico
306 2193 340 2221 et
357 2187 500 2233 recipere
517 2187 688 2232 aliquando
706 2187 740 2220 in
754 2188 911 2233 principio
926 2188 1161 2234 Anapacstum.

201 2250 264 2282 Est
293 2249 424 2282 omnino
452 2248 724 2281 Anacreonticum
753 2249 820 2281 sive
849 2249 1032 2283 ‹Jamhicum
1061 2252 1159 2284 dime-

201 2319 286 2346 trum
303 2312 490 2345 catalectum
505 2324 577 2344 cum
600 2311 746 2344 anacrusi
769 2312 928 2347 interdum
946 2316 1157 2358 anapaestiea.

201 2377 253 2410 De
276 2374 470 2421 praestantia
500 2375 595 2417 hujus
623 2375 737 2407 Musae
765 2375 890 2408 Seneca
915 2377 972 2421 (de
994 2379 1098 2411 benef.
1124 2380 1159 2420 1,

202 2443 236 2475 5.
258 2453 289 2485 p.
305 2440 379 2472 2G5
401 2438 506 2484 Lips.)
531 2438 658 2472 scribit:
689 2439 791 2471 »Ecce
816 2441 929 2473 Thalia
953 2442 1039 2485 apud
1059 2443 1158 2476 Hesi-

1220 1317 1296 1362 phia
1326 1315 1441 1360 (orph.
1467 1315 1574 1359 hymn.
1601 1313 1665 1357 59,
1694 1316 1731 1350 5.
1754 1320 1787 1348 et
1812 1316 1877 1356 75,
1902 1316 1936 1348 8.
1961 1315 2094 1349 Pladar.
2120 1314 2174 1348 Ol.

1222 1377 1286 1417 14,
1312 1377 1370 1408 21.
1397 1377 1559 1408 Plutarch.
1586 1376 1625 1409 de
1647 1376 1765 1421 philos.
1787 1376 1905 1420 disput.
1929 1388 1960 1421 p.
1984 1378 2066 1409 778.
2090 1376 2175 1410 Pau·

1220 1437 1326 1470 sanias
1348 1438 1386 1479 9,
1417 1439 1483 1477 55,
1519 1437 1563 1481 1).
1601 1437 1692 1480 Quin
1716 1438 1756 1469 ab
1778 1437 1923 1470 Homero
1946 1437 2041 1470 etiam
2063 1437 2174 1471 Nerei-

1219 1498 1295 1531 dum
1318 1510 1381 1530 una
1406 1498 1539 1530 Thaliae
1569 1498 1698 1532 nomine
1724 1499 1922 1544 appellatur,
1969 1499 2056 1545 quod
2083 1511 2174 1545 repe-

1217 1567 1290 1594 ttmt
1312 1562 1494 1604 Virgilius,
1534 1561 1692 1603 Ovidius,
1732 1562 1916 1595 Macrobius
1958 1569 1991 1596 ct
2014 1564 2172 1608 Hyginus.

1217 1625 1363 1659 Thaliam
1379 1625 1506 1656 Musam
1525 1624 1708 1656 comoediae
1728 1625 1909 1669 praesidem
1931 1625 2093 1659 declarant
2106 1639 2172 1660 mo·

1216 1693 1366 1720 numenta
1389 1687 1644 1720 Herculanensia
1669 1686 1705 1734 (2
1727 1688 1789 1721 tab.
1812 1688 1867 1732 5),
1901 1689 2090 1723 scholiastes
2105 1691 2170 1732 Luf

1215 1751 1313 1792 ciani,
1348 1751 1637 1795 epigrammataque
1659 1757 1724 1783 tam
1752 1751 1876 1785 Graeca
1899 1753 1931 1797 (1
1945 1776 1954 1794 ‚
1977 1755 2036 1795 (³7,
2063 1755 2109 1788 '75
2129 1755 2170 1788 de

1213 1814 1336 1859 Bosch)
1355 1827 1450 1858 quam
1466 1815 1580 1847 Latina
1599 1815 1652 1859 (1,
1677 1816 1734 1847 75.
1766 1828 1797 1861 p.
1819 1817 1863 1848 51
1891 1815 2034 1861 Burm.);
2059 1817 2168 1851 Auso-

1213 1877 1286 1909 nius
1312 1875 1423 1920 (ldyll.
1449 1876 1515 1918 20,
1541 1875 1584 1921 5)
1610 1877 1738 1911 Musam
1772 1889 1838 1910 non
1874 1877 1978 1910 solum
2004 1880 2168 1921 comicam‚

1213 1939 1271 1970 sed
1303 1938 1453 1970 lascivam
1476 1949 1604 1982 quoque
1633 1937 1782 1983 appellat.
1817 1939 2025 1985 Quapropter
2051 1941 2090 1974 de
2113 1954 2168 1987 pe-

1213 2002 1325 2035 culiari
1350 2002 1419 2044 ejus
1448 2007 1514 2034 arte
1546 2007 1658 2034 noster
1686 2002 1765 2035 nihil
1790 2003 1852 2036 hoe
1875 2003 1948 2036 loco
1974 2006 2081 2047 affert,
2109 2006 2168 2039 scd

1213 2077 1282 2097 cam
1304 2068 1427 2095 tantum
1442 2063 1565 2096 inducit
1581 2063 1730 2096 laudibus
1749 2064 1957 2098 extollentem
1971 2067 2166 2101 Mercurium

1212 2134 1244 2160 ct
1268 2126 1491 2169 Philologiam.
1538 2127 1695 2160 Martialis
1720 2129 1802 2161 hanc
1823 2130 1950 2163 Musam
1975 2142 2068 2162 suam
2089 2130 2166 2163 dicit

1211 2191 1322 2236 (epigr.
1347 2191 1409 2231 10,
1443 2191 1506 2231 19,
1535 2190 1588 2235 5),
1611 2192 1732 2235 pariter
1758 2197 1855 2236 atquc
1881 2191 2018 2224 Ovidius
2048 2193 2161 2237 (amor.

1210 2255 1251 2294 5,
1278 2253 1315 2293 1,
1339 2251 1375 2294 6)
1401 2251 1535 2294 Elegiae
1554 2252 1682 2284 nomine
1708 2265 1777 2284 cam
1802 2252 1976 2297 appellans.
2035 2262 2041 2267 “

1282 2326 1386 2347 nutus
1409 2314 1557 2361 adderis]
1589 2315 1699 2347 Habet
1721 2316 1804 2348 lianc
1821 2315 2000 2350 ‘dictionem
2024 2328 2042 2350 ο
2065 2316 2162 2353 Statii

1207 2368 1340 2412 (Achill.
1363 2379 1401 2419 1,
1431 2377 1517 2421 653)
1538 2390 1652 2410 versu:

1256 2462 1304 2469 .-
1318 2462 1366 2468 -
1385 2441 1494 2485 »Quid
1513 2442 1610 2487 defles
1632 2454 1749 2487 maqno
1770 2453 1871 2475 nurus
1894 2443 2000 2477 addita
2014 2452 2112 2489 ponto
2120 2448 2151 2478 7«

201 2505 299 2538 odum
325 2501 442 2537 Charis
471 2506 537 2542 est,
575 2501 659 2545 apud
688 2502 866 2536 Homerum
892 2505 1014 2539 Musam
1053 2505 1154 2551 Apud
1204 2505 1245 2538 ad
1271 2516 1366 2550 quem
1391 2504 1560 2537 Barthium
1581 2506 1691 2538 confer
1716 2505 1768 2551 (T.
1788 2506 1847 2539 III.
1875 2519 1909 2552 p.
1931 2508 2050 2553 1704).

197 2567 289 2601 illum
315 2566 411 2600 Musa
435 2563 563 2610 quidem
592 2561 733 2599 Θάλεια
766 2567 901 2610 (Theog.
928 2568 1008 2613 77),
1037 2569 1153 2603 Charis

1276 2580 1316 2602 ac
1341 2566 1445 2614 enjus]
1471 2569 1523 2601 Ac
1539 2580 1598 2613 pro
1616 2575 1651 2602 at
1656 2592 1670 2609 ,
1693 2570 1780 2614 quod
1799 2570 1833 2602 in
1853 2570 1948 2603 editis
1969 2578 2036 2614 cst,
2063 2585 2155 2620 supe-

202 2636 306 2664 autcm
323 2625 446 2674 Θαλὶη
469 2625 570 2673 (908)
595 2627 758 2671 scribiturg
785 2630 842 2664 scd
863 2631 963 2665 variat
986 2634 1149 2677 orthogra-
1200 2630 1341 2666 ditarunt
1359 2632 1485 2666 codices
1503 2632 1714 2675 Drcsdensis‚
1742 2633 2025 2678 Darmstattcnsis‚
2055 2636 2153 2671 Guel-
