2310 2860
721 185 919 228 Martiani
951 185 1152 243 Capellae
1179 184 1254 227 lib.
1275 183 1350 226 III.
1379 186 1411 237 §.
1433 183 1534 226 225.

2019 183 2106 227 257

143 294 363 353 quoddam
402 310 455 337 ex
493 294 722 352 compactis
765 293 1076 336 annexionibus
1111 292 1350 344 ferculum,
1397 290 1516 348 quod
1545 291 1632 333 levi
1661 293 1846 334 exterius
1877 291 2102 349 elephanto

141 376 417 434 praenitebat.
475 376 603 418 Unde
638 376 758 418 velut
790 374 989 417 medendi
1021 373 1166 416 sollers
1206 374 1407 429 magistra
1447 372 1738 415 curandorum
1774 374 2005 416 vulnerum
2036 375 2102 416 in·
2131 371 2223 417 224

140 456 272 512 signia
314 455 570 512 proferebat.

650 457 765 498 Nam
810 471 862 497 ex
907 454 1058 496 eodem
1100 455 1317 511 scalprum
1367 456 1507 512 primo
1554 455 1740 497 vibranti
1785 455 2102 498 demonstrabat

141 538 358 590 acumine,
397 552 486 594 quo
515 537 683 579 dicebat
712 536 959 578 circumcidi
988 534 1220 576 infantibus
1256 536 1356 577 vitia
1385 550 1506 591 posse
1548 536 1815 591 linguarum,
1859 537 2104 593 dehincque

142 618 297 675 nigello
342 618 534 675 quodam
577 618 779 675 pulvere,
826 617 903 673 qui
933 632 984 660 ex
1016 618 1163 662 favilla
1193 619 1407 661 confectus
1441 618 1511 662 vel
1546 619 1659 674 sepia
1691 628 1944 674 putaretur,
1989 619 2105 661 illato

140 739 257 774 dicitur
284 740 368 785 (Cic.
396 753 455 786 pro
485 741 553 775 Mil.
576 753 604 774 e.
634 739 711 787 10),
732 752 808 774 mox
836 746 941 774 autem
963 741 997 774 in
1022 741 1100 774 urbe

143 815 285 848 quoque,
309 803 413 845 initio,
436 809 472 836 ut
494 803 638 845 videtur,
664 816 683 836 a
706 803 943 837 delicatioribus
965 803 1100 836 homini-

142 867 204 900 hus
229 868 335 909 facto,
363 868 490 912 qualem
508 868 665 901 Martialis
689 869 742 913 (2,
768 868 829 912 57)
852 867 979 913 »Alpha
999 881 1100 913 penu-

142 931 300 963 latorum«
332 932 488 976 appellat;
521 932 578 964 sed
605 933 758 977 paulatim
780 933 861 965 adeo
886 932 1101 974 invaluerunt,

142 1001 178 1027 nt
196 1000 341 1038 togarum
360 996 426 1028 sere
449 996 482 1027 in
502 996 609 1028 locum
625 997 851 1038 succederent,
880 997 964 1028 unde
984 998 1102 1029 factum

141 1064 207 1100 est,
241 1065 276 1090 ut
304 1065 416 1091 noster
440 1061 627 1103 penulatam
652 1066 831 1104 opponeret
857 1062 1027 1104 palliatae,
1065 1066 1102 1092 ut

141 1120 339 1164 antiquiores
357 1127 510 1165 togatam.
539 1121 613 1164 Qua
634 1121 674 1154 dc
691 1133 726 1154 re.
744 1123 812 1164 jam
829 1123 987 1167 queritur,
1014 1122 1099 1166 quis—

141 1183 215 1230 quis
233 1183 394 1227 dialogum
415 1185 454 1216 de
471 1185 651 1217 oratoribus
675 1186 803 1230 scripsit
825 1186 865 1230 (e.
882 1185 962 1229 59)=
984 1198 1100 1230 »quan-

141 1251 210 1280 tum
236 1247 425 1280 humilitatis
463 1253 613 1292 putamus
641 1248 843 1292 eloquentiae
876 1248 1022 1280 attulisse
1048 1261 1101 1292 pe·

141 1308 238 1340 nulus
269 1309 357 1349 illas,
392 1309 507 1352 quibus
543 1310 687 1342 adstricti
711 1316 742 1342 et
767 1310 855 1342 velut
885 1310 1002 1342 inclusi
1028 1322 1101 1343 cum

138 1369 303 1412 judicibus
329 1370 551 1402 fabulamur‘Z«
583 1376 616 1403 ct
638 1371 713 1403 lieet
744 1378 873 1404 »eontra
899 1372 1101 1404 consuetudi-

141 1445 232 1466 nem«
251 1433 454 1478 Lampridius
476 1434 561 1467 dicat
583 1434 797 1469 Commodum
820 1437 1007 1480 »penulatos
1031 1436 1101 1478 jus-

143 1498 225 1530 sisse
252 1503 466 1542 spectatores,
500 1510 566 1530 non
593 1505 737 1541 togatos,
773 1499 813 1531 ad
845 1512 961 1532 munus
986 1511 1102 1532 eonve-

142 1561 230 1593 nire«
254 1560 307 1606 (in
330 1561 395 1594 vita
422 1561 548 1594 Comm.
574 1574 600 1594 e.
624 1563 701 1606 16),
734 1574 773 1595 eo
803 1569 909 1596 tamen
933 1563 1002 1608 ipsa
1025 1575 1101 1596 eon·

143 1622 281 1656 suetudo
306 1622 481 1667 processit,
506 1628 542 1654 ut
562 1623 738 1656 Gratianus
761 1630 794 1656 et
815 1625 1019 1657 Theodosius
1044 1625 1101 1656 im-

142 1692 307 1732 peratores
327 1686 504 1719 Senatores
518 1687 671 1729 juberent
690 1688 884 1732 »chlamydis
905 1694 1025 1720 terrore
1048 1688 1102 1719 de·

143 1749 250 1794 posito
274 1751 383 1797 quieta
404 1749 591 1781 colohorum
614 1761 651 1782 ae
675 1751 870 1793 penularum
896 1750 1028 1783 induere
1050 1761 1103 1782 ve-

144 1813 311 1846 stimentau
343 1813 434 1857 (cod.
462 1813 626 1845 Theodos.
648 1813 670 1845 l.
694 1814 757 1855 14,
784 1814 832 1845 tit.
859 1816 922 1856 10,
949 1827 975 1847 c.
996 1816 1034 1855 13
1066 1814 1104 1851 Τ,

143 1875 188 1917 V,
215 1889 247 1920 p.
267 1877 342 1909 252
363 1877 481 1909 Ritter.
505 1888 579 1910 eum
595 1882 662 1908 not.
683 1876 899 1920 Gothosredi).
926 1878 1106 1919 Diligenter

144 1940 178 1972 in
200 1941 284 1972 hanc
313 1951 380 1972 rem
412 1940 579 1983 inquisivit
614 1940 781 1971 Ferrarius
805 1940 864 1984 (de
891 1952 927 1973 re
956 1940 1107 1973 vestiaria

144 2001 183 2036 T.
205 2002 254 2043 Π,
281 2014 312 2046 p.
335 2003 383 2034 88
408 2000 531 2045 sequ.),
560 2013 657 2045 quem
679 2001 762 2034 vide.

219 2064 379 2110 gestabat]
406 2065 459 2096 Ex
483 2064 524 2096 iis
548 2077 629 2109 quac
650 2078 736 2098 nunc
761 2071 940 2110 sequuntur
964 2070 1106 2110 apparet,

145 2128 394 2163 Grammaticam
413 2140 431 2159 a
445 2134 557 2160 nostro
574 2127 690 2160 medici
704 2129 815 2161 habitu
834 2129 954 2165 induci.
980 2130 1107 2163 Pariter

145 2190 308 2223 Lueianus
332 2190 451 2235 (epigr.
472 2190 532 2222 22.
551 2190 588 2221 T.
610 2189 653 2223 X.
678 2202 709 2233 p.
727 2190 775 2222 45
794 2189 899 2234 Bip.):

202 2248 342 2287 »Ἴλαθι
362 2248 606 2299 γραμματικὴ
629 2249 816 2299 φυσίζοε,
839 2250 953 2288 ἵλαθι
969 2249 1107 2295 μοῦσα,

197 2310 408 2361 Φάρμακον
433 2310 640 2360 εὑρομένηα
657 2332 705 2338 -
722 2332 771 2337 —

223 2377 403 2423 elephanto]
430 2378 549 2410 Totum
572 2390 629 2422 pro
653 2384 758 2422 parte:
779 2379 935 2411 ehurnum
956 2376 1108 2419 intelligit

150 2440 245 2484 (conf.
265 2439 303 2472 C.
325 2440 381 2473 Fr.
405 2439 582 2473 Hermann.
609 2440 649 2471 ad
669 2440 802 2473 Lucian.
831 2441 870 2472 de
897 2441 1009 2472 histor.
1047 2451 1106 2472 scr.

150 2517 181 2549 p.
197 2502 293 2546 504).
320 2501 354 2534 Α
374 2502 512 2544 Virgilio
533 2503 652 2545 (georg.
671 2506 706 2544 5,
734 2505 796 2548 26)
816 2506 937 2537 solidus
960 2505 1107 2548 elephan-

152 2573 204 2598 tus
233 2564 358 2599 dicitur.
406 2564 577 2596 Ferculum
612 2570 717 2597 autem
749 2567 811 2599 hoe
845 2567 911 2598 sive
944 2572 1109 2609 gestamen

151 2629 256 2673 ipsum
291 2629 415 2660 thecam
445 2626 645 2660 calamariam
674 2629 725 2660 vel
753 2629 962 2674 graphiariam
991 2628 1110 2671 signifi-

1151 753 1222 775 care
1257 742 1398 784 videtur,
1435 753 1531 786 quam
1563 747 1726 786 nuncupat
1758 740 1934 774 Suetonius
1963 740 2016 784 (in
2042 739 2106 772 vita

1151 805 1281 839 Claudii
1307 818 1334 839 e.
1353 805 1427 850 55).

1224 866 1418 913 proferebat]
1446 866 1501 900 Ad
1529 866 1633 899 omnia
1655 866 1727 906 illa,
1750 865 1866 910 quibus
1894 864 2108 898 Grammatica

1151 945 1209 964 usa
1234 945 1306 965 esse
1330 933 1477 975 lingitur,
1507 932 1676 964 Johannes
1703 930 1953 964 Sarisberiensis
1982 929 2108 974 (metal-

1154 998 1192 1038 1,
1216 997 1274 1028 21.
1302 1009 1335 1041 p.
1356 996 1442 1039 778)
1472 997 1551 1029 haec
1576 996 1739 1027 observat:
1772 994 1968 1028 »Martianus
1995 992 2108 1025 Gram-

1150 1058 1298 1091 maticam
1314 1058 1436 1090 inducit
1451 1070 1522 1090 cum
1544 1058 1669 1102 scalpro
1686 1062 1718 1088 et
1737 1056 1839 1089 ferula
1853 1062 1885 1088 et
1900 1054 2111 1098 unguentaria

1151 1120 1269 1165 pyxide
1306 1120 1512 1152 medicorum.
1561 1120 1696 1163 Scalpro
1736 1119 1894 1163 siquidem
1933 1117 1998 1150 oris
2037 1116 2113 1148 vitia

1151 1188 1281 1228 purgat,
1314 1187 1346 1214 ct
1380 1182 1547 1214 infantium
1572 1182 1715 1223 linguaS,
1744 1181 1800 1225 qui
1825 1180 1865 1212 ad
1887 1185 1986 1211 artem
2009 1177 2111 1222 philo-

1153 1247 1301 1291 sophiae,
1329 1259 1366 1279 ea
1384 1246 1616 1291 praelactante,
1643 1246 1780 1286 cibante,
1803 1250 1836 1277 et
1857 1244 2011 1284 ducente,
2037 1241 2113 1273 ituri

1152 1317 1245 1351 sunt,
1271 1311 1369 1351 radit,
1396 1311 1472 1342 dum
1498 1310 1616 1342 crudit:
1639 1315 1671 1342 ct
1693 1322 1733 1342 ne
1758 1308 1954 1341 barbarismo
1981 1311 2036 1338 aut·
2062 1316 2113 1337 so-

1150 1373 1306 1405 loecismo
1326 1372 1521 1412 balbutiant,
1548 1373 1582 1403 in
1606 1383 1752 1404 sermone
1775 1371 1963 1414 performat:
1981 1378 2113 1412 pecean-

1150 1441 1201 1469 tes
1231 1442 1336 1467 autem
1363 1435 1499 1477 castigat
1518 1435 1646 1478 ferula5
1679 1440 1710 1465 et
1735 1440 1900 1477 unque-nto
1936 1430 2115 1463 honestatis

1152 1506 1185 1532 et
1213 1499 1377 1540 utilitatis,
1412 1511 1493 1543 quae
1524 1510 1564 1530 cx
1588 1510 1625 1530 ea
1648 1497 1811 1542 provenit,
1841 1495 2029 1540 patientium
2057 1494 2112 1525 mi-

1152 1563 1232 1605 tigat
1251 1575 1398 1607 poenam.
1424 1563 1555 1594 Manum
1582 1572 1710 1605 quoque
1738 1561 1778 1591 ad
1801 1565 1887 1591 reete
1910 1557 2114 1590 scribendum

1152 1626 1259 1658 reddit
1274 1626 1445 1665 idoneam,
1470 1625 1555 1656 acuit
1577 1629 1610 1656 et
1632 1625 1746 1664 visum,
1772 1629 1807 1654 ut
1825 1622 1854 1654 ei
1871 1628 1977 1665 partes
2003 1621 2115 1653 literae

1153 1689 1319 1722 densiores
1355 1693 1411 1720 aut
1442 1687 1550 1720 velum
1583 1686 1802 1731 multiplieiter
1833 1685 2030 1717 elaboratum
2060 1684 2115 1716 oh-

1156 1757 1240 1784 stare
1260 1763 1325 1783 non
1348 1749 1460 1796 possit.
1486 1748 1604 1794 Aperit
1625 1760 1735 1789 aures,
1764 1759 1843 1791 quas
1868 1752 1932 1778 tam
1951 1746 2115 1788 gravibus,

1156 1826 1252 1858 quam
1271 1813 1383 1853 acutis,
1407 1812 1503 1843 immo
1521 1817 1553 1843 et
1571 1810 1694 1844 eunctis
1718 1809 1850 1841 vocibus
1869 1808 1975 1839 reddit
1993 1819 2115 1839 accom-

1155 1878 1324 1911 modatas.«
1342 1877 1393 1908 De
1410 1875 1543 1917 singulis
1556 1880 1720 1918 praeterea
1741 1873 1921 1905 conseratur
1938 1876 2116 1903 monstrum

1156 1938 1366 1978 eruditionis,
1395 1936 1512 1968 Jacohi
1535 1935 1714 1968 Martorclli
1738 1935 1819 1965 liber
1844 1935 1883 1966 dc
1910 1932 1998 1975 regia
2026 1933 2116 1964 theca

1157 2001 1325 2036 calamaria
1348 1999 1499 2045 (Neapoli
1521 2000 1628 2031 1756.
1649 1998 1699 2042 4).

1230 2060 1367 2107 niqello]
1400 2062 1476 2093 Iloe
1509 2066 1560 2092 est
1589 2071 1696 2092 »mero
1727 2059 1892 2093 incausto«
1923 2058 2118 2103 (encausto)

1156 2126 1306 2161 VULCAN.
1328 2143 1378 2148 —
1415 2125 1607 2157 Ineaustum
1635 2124 1818 2158 'Vulcanius
1855 2116 1960 2155 dicere
1992 2122 2116 2154 videtur

1158 2193 1393 2227 atramentum,
1419 2187 1506 2230 quod
1529 2186 1624 2217 etiam
1645 2198 1730 2217 nunc
1751 2185 1841 2217 Italis
1865 2190 1916 2216 est
1935 2185 2114 2216 inelaioslro.

1232 2247 1333 2293 sepia]
1359 2246 1414 2279 Ad
1442 2248 1609 2279 atramenti
1632 2248 1746 2279 alludit
1767 2247 1942 2279 materiam.
1953 2246 2113 2279 03013-

1157 2309 1291 2343 Persius
1317 2311 1372 2353 (5,
1403 2310 1478 2352 15)=

1215 2365 1341 2417 »Iviqra
1363 2373 1450 2420 quod
1473 2372 1582 2416 infitsa
1605 2379 1758 2405 vanescat
1781 2372 1869 2416 sepia
1889 2370 2040 2413 lympha.-

1160 2437 1282 2470 Conscr
1309 2436 1450 2467 Plinium
1483 2437 1536 2480 (i),
1568 2437 1633 2477 26,
1659 2437 1720 2469 45.
1749 2437 1812 2475 M,
1836 2436 1875 2474 5,
1902 2434 1934 2464 2.
1962 2432 2030 2471 52,
2057 2430 2114 2465 10⁵

1160 2501 1219 2535 52.
1247 2501 1314 2540 55,
1337 2500 1380 2539 (i,
1406 2499 1489 2543 25),
1519 2499 1730 2532 Aristotelem
1753 2498 1836 2541 (hist.
1862 2494 1987 2527 animal.
2007 2495 2039 2534 1,
2065 2492 2114 2536 4).

1160 2570 1193 2597 et
1214 2562 1397 2596 Ausonium
1419 2563 1524 2607 (epist.
1544 2565 1585 2603 4,
1613 2563 1686 2605 74).

1224 2626 1380 2658 »ὗΙεΙοηίε
1406 2626 1511 2657 albam
1535 2625 1656 2667 filiam,

1649 2686 1696 2718 55
