2310 2860
657 159 857 202 Martiani
889 160 1088 217 Capellae
1117 162 1190 203 lib.
1216 161 1295 204 IX,
1334 165 1365 216 ᾗ.
1388 163 1486 205 951.

924 330 1002 370 DE
1043 330 1154 370 SON
1160 329 1221 370 IS.

267 435 415 477 Tonus
454 435 579 491 igitur
609 435 723 477 idem
762 435 1022 491 plerumque
1065 435 1302 491 appellatur
1341 444 1380 476 et
1415 451 1554 478 sonus.

95 532 170 572 per
206 516 390 571 singulos
427 531 620 572 quosque
664 531 713 558 ac
752 532 828 572 per
873 532 1022 558 omnes
1060 526 1202 572 tropos
1244 530 1427 558 numero
1473 518 1774 574 duodeviginti.

94 644 132 677 Si
157 645 350 686 conjecturis
374 646 469 689 paulo
498 646 734 686 audacioribus,
763 652 799 677 ut
823 646 856 677 in
878 645 968 685 aliis,
1002 645 1047 677 ita

92 709 126 740 in
158 711 220 742 lioc
256 716 384 742 auctore
412 711 518 751 locus,
559 711 710 753 legendas
735 716 768 742 ct
791 710 1045 754 transponendus

93 783 188 802 noces
204 772 265 803 lioc
283 772 378 803 modo
397 772 589 804 censuerim:
615 768 1043 818 »προςλαμβανόμενος,

93 832 177 875 apud
204 833 368 865 Romanos
406 844 482 865 vero
513 834 596 865 idem
631 834 746 865 dicitur
774 835 971 880 acquisitus:
996 845 1046 864 sc-

90 896 213 927 cundus
236 892 367 941 ὑπάτη
388 893 550 931 ὑπάτων
561 925 571 939 ,
600 898 662 930 hoe
682 902 732 928 est
751 898 938 940 principalis
956 898 1046 940 prin-

89 958 258 1000 cipalimn,
289 970 350 1001 qua
369 959 479 989 cadem
502 970 579 990 voce
596 958 642 990 uti
664 970 806 990 summus
827 958 958 1002 Jupiter
980 965 1042 989 sta-

88 1018 177 1050 tuit.«
217 1019 347 1063 Jupiter
373 1020 457 1051 enim
481 1016 634 1059 ὑπάτος
662 1016 826 1054 ὑπάτων
846 1020 1042 1064 appellatur,

87 1082 224 1126 ideoque
258 1081 481 1128 ἐμφατικῶς
507 1083 641 1126 Capella
666 1095 824 1115 sunnnum
852 1083 972 1114 addidit
999 1083 1042 1114 ei·

87 1157 150 1188 que
173 1146 289 1188 hypate
306 1145 374 1188 ipsa
393 1157 481 1177 saera
503 1150 583 1176 teste
597 1139 736 1176 Bo'etlnio
760 1146 815 1177 lib.
835 1146 861 1185 1,
884 1158 952 1189 cap.
969 1145 1041 1177 XX.

86 1206 192 1238 Simili
217 1206 256 1238 dc
274 1206 397 1238 ratione
418 1206 548 1250 Jupiter
572 1207 666 1238 etiam
690 1203 924 1251 άγιεμέμνων
948 1219 1041 1238 voea-

86 1273 138 1298 tus
167 1272 232 1306 est,
261 1267 348 1310 quod
369 1280 482 1311 nempe
502 1267 726 1309 Agamemnon
743 1269 838 1311 ⁴‚apud
863 1269 1040 1299 Homerum

85 1325 238 1366 ὕπατος
263 1324 469 1374 κρειόντων
495 1328 625 1360 dicatur.
647 1328 752 1361 Gnor.
772 1347 820 1352 —
852 1330 944 1361 Ilaec
970 1330 1040 1360 bar-

87 1391 164 1421 bara
191 1395 280 1430 sunt,
309 1390 453 1433 adeoque
470 1391 692 1434 expungenda.
720 1390 849 1421 Etenim
867 1390 965 1431 ratio,
986 1402 1043 1422 cur

87 1451 184 1483 diesis
207 1452 263 1483 illa
287 1452 436 1483 hemiolia
457 1458 604 1493 vocetur,
628 1465 669 1484 ex
684 1452 882 1485 Aristoxeno
906 1453 1040 1496 aliisque

85 1521 136 1547 cst
166 1515 355 1556 clarissima,
387 1516 474 1559 quod
495 1516 642 1548 videlicet
665 1516 863 1549 haeerdicsis
884 1516 925 1547 sit
942 1516 1038 1547 hemi-

85 1577 149 1608 olia
174 1578 300 1609 dieseos
326 1578 546 1619 enarmoniae3
573 1584 608 1609 ut
631 1590 783 1610 numerus
804 1578 1039 1621 quatum-semis

83 1644 133 1670 est
161 1639 330 1670 hemiolius
365 1640 488 1670 numeri
514 1640 653 1671 ternarii.
701 1640 739 1672 Si
761 1639 927 1670 retinenda
957 1639 1038 1679 sint,

84 1702 164 1733 lianc
193 1701 436 1745 explicationem
476 1701 673 1732 adferemus:
703 1701 893 1733 vocabulum
926 1701 1038 1731 modus

82 1762 133 1794 hic
169 1762 254 1794 idem
285 1762 441 1804 significat
471 1763 558 1806 quod
585 1763 778 1801 modulatio,
803 1768 838 1793 ut
863 1767 895 1793 et
917 1775 948 1805 p.
966 1763 1037 1793 180

82 1836 111 1856 v.
135 1825 181 1856 21
210 1825 253 1869 (p.
268 1827 341 1858 516
367 1825 437 1869 Gr.)
453 1839 486 1870 p.
505 1827 575 1858 185
598 1838 628 1858 v.
647 1826 695 1857 23
712 1826 756 1869 (p.
774 1826 847 1857 519
869 1824 957 1867 Gr.);
985 1824 1038 1856 de-

83 1888 158 1919 iude
186 1899 244 1931 pro
266 1889 452 1920 harmoniae
471 1890 585 1920 divisio
608 1888 779 1930 legendum
797 1889 835 1919 ab
852 1889 1038 1920 harmoniae

83 1950 260 1989 divisione,
287 1957 319 1981 et
340 1951 521 1982 hemiolium
543 1961 601 1994 pro
623 1950 732 1994 inepto
755 1950 897 1981 lzemiolis
915 1949 1037 1994 (quem-

82 2014 252 2045 admodum
299 2014 395 2045 etiam
437 2014 564 2056 glossae
602 2014 762 2045 interdum
796 2020 1038 2058 superoctavam

80 2075 236 2107 rationem
274 2075 421 2120 imperite
457 2081 574 2108 vocant
610 2075 765 2107 rationem
804 2076 937 2120 epoqdoi
978 2088 1036 2120 pro

81 2138 284 2183 cpoqdoam),
321 2145 356 2171 ut
380 2139 432 2172 hie
465 2151 581 2172 sensus
610 2139 715 2171 bonus
738 2152 775 2172 ac
798 2151 893 2171 verus
921 2152 960 2171 ex
989 2140 1036 2171 in-

81 2199 164 2244 eptis
192 2201 298 2232 verbis
322 2202 506 2244 colligatur:
534 2207 586 2233 net
609 2206 742 2233 vocatur
765 2201 823 2246 (sc.
844 2201 901 2232 illa
924 2201 1034 2244 diesis)

81 2261 246 2303 hemiolia,
270 2263 309 2294 ab
334 2264 517 2295 harmoniae
539 2263 715 2304 divisione5
742 2263 892 2307 quoniam
914 2263 1033 2295 hemio-

80 2324 155 2356 liam
177 2325 426 2357 modulationem
443 2327 691 2370 complectitur.«
724 2327 824 2370 Quod
846 2327 874 2358 si
897 2327 1033 2359 vocabu-

81 2386 146 2416 lum
186 2386 297 2417 modus
332 2397 391 2430 pro
424 2388 609 2419 ‹liastemale
638 2388 844 2432 accipiamus,
882 2394 918 2420 ut
949 2387 1034 2420 idem

80 2451 253 2491 usurpatur
275 2459 307 2491 p.
326 2448 396 2480 186
422 2460 451 2480 v.
474 2449 538 2488 20,
559 2449 670 2481 ultima
694 2451 808 2483 eodem
833 2462 930 2483 sensu
946 2451 1032 2493 lege-

81 2520 165 2540 mus:
199 2509 399 2543 »hemiolium
430 2509 583 2542 diastema
613 2511 859 2555 complectitur.«
888 2513 1030 2547 Manum.

81 2571 141 2603 Sat
158 2571 251 2604 credo
271 2582 429 2617 superque
448 2583 532 2606 nuuc
550 2572 649 2619 lsiach
664 2574 927 2617 conjecturarum,
953 2575 1031 2610 certi

1624 437 1793 480 Verum
1827 441 1918 481 soni
1952 450 2050 482 sunt

1846 521 2049 571 Quorum

1097 643 1191 683 nihil,
1228 656 1332 688 neque
1363 645 1535 688 quidquam
1568 646 1690 678 variant
1721 647 1863 689 codices,
1904 656 1939 681 ut
1964 651 2048 683 Mar-

1097 706 1174 739 tiaui
1196 708 1302 751 potius
1328 721 1422 752 quam
1450 709 1649 741 librariorum
1674 722 1798 742 errores
1831 724 1902 744 esse
1927 720 2048 757 putem.

1173 770 1210 800 (le
1232 769 1338 815 sonis]
1371 771 1467 802 Hauc
1491 771 1730 814 inscriptionem
1759 773 1932 805 Meihomio
1958 788 2048 819 prae-

1096 838 1192 864 eunte
1223 834 1348 877 recepi,
1378 835 1527 878 quoniam
1554 835 1622 878 ipse
1654 847 1768 867 sensus
1791 836 1942 878 jubebat3
1980 840 2047 870 vul·

1097 900 1199 936 gatam
1223 895 1262 926 de
1283 897 1382 937 tropis
1414 908 1472 926 suo
1500 896 1572 927 loco
1606 901 1639 927 et
1662 897 1771 928 ordine
1797 897 1877 930 infra
1897 898 1940 942 (ᾗ.
1960 900 2047 942 953)

1094 958 1209 1001 posui3
1231 957 1307 989 ficet
1324 958 1407 989 enim
1424 958 1584 990 Aristides
1603 960 1841 1002 Quinetilianus
1861 963 1909 1005 (5,
1927 975 1958 1005 p.
1977 963 2048 994 156

1093 1020 1205 1064 meib.)
1222 1027 1327 1064 tropos
1341 1022 1470 1052 eosdem
1483 1028 1574 1054 tonos
1592 1023 1698 1055 vocari
1715 1024 1837 1063 doceat,
1858 1024 1930 1056 inde
1942 1030 2047 1057 tamen

1094 1094 1159 1114 non
1175 1082 1331 1126 sequitur,
1356 1089 1446 1114 tonos
1460 1083 1553 1114 etiam
1573 1090 1678 1127 tropos
1694 1085 1846 1128 appellari
1865 1097 1971 1129 posse.

1168 1149 1264 1174 tonus
1288 1145 1388 1186 iyilm·
1411 1143 1504 1187 idem]
1532 1145 1606 1175 Hoc
1631 1151 1751 1176 eertum
1776 1152 1825 1177 est
1847 1159 1886 1177 ex
1902 1146 2048 1179 AristIde

2080 437 2162 478 951

1094 1211 1205 1236 nostro
1231 1218 1262 1249 p.
1281 1207 1328 1236 22
1354 1219 1382 1236 v.
1399 1207 1463 1245 28,
1490 1206 1625 1238 Euclide
1651 1220 1684 1251 p.
1703 1209 1748 1239 19
1768 1220 1796 1239 v.
1814 1210 1848 1240 G.
1879 1209 1960 1241 Inde
1985 1212 2048 1245 ἐπ’·
2073 1252 2076 1254 v

1092 1264 1259 1307 rckvovog
1289 1264 1388 1313 λύρα
1423 1269 1602 1310 dicebatur,
1636 1282 1718 1314 quac
1750 1276 1873 1315 septem
1903 1272 2048 1304 diversos

1093 1342 1191 1362 sonos
1216 1331 1364 1364 habebat.
1395 1332 1506 1375 Inepte
1529 1338 1633 1364 autem
1657 1346 1686 1377 p.
1704 1335 1775 1365 180
1792 1346 1821 1366 v.
1838 1335 1886 1367 26
1910 1335 1955 1379 (p.
1972 1337 2048 1368 516

1093 1391 1171 1434 Gr.)
1199 1391 1316 1435 iuquit:
1339 1404 1428 1422 »nam
1452 1404 1565 1424 sonum
1594 1394 1627 1424 id
1652 1400 1702 1425 est
1732 1401 1841 1426 tonum
1863 1397 2046 1438 productio-

1091 1467 1163 1486 nem
1181 1455 1327 1495 vocavi«;
1352 1466 1458 1498 neque
1480 1456 1563 1487 enim
1582 1462 1677 1488 tonus
1702 1457 1746 1488 ibi
1765 1459 1916 1501 appellari
1937 1466 2047 1503 potest

1090 1517 1259 1560 productio
1281 1521 1438 1559 quatenus
1454 1528 1553 1548 sonus
1571 1522 1631 1557 est,
1652 1518 1709 1549 sed
1728 1524 1885 1561 quatenus
1909 1521 2045 1563 spatium

1091 1589 1163 1608 eum
1191 1577 1332 1618 legitima
1360 1577 1552 1619 quantitate,
1588 1578 1675 1621 quod
1698 1579 1823 1610 duobus
1852 1581 1940 1612 sonis
1970 1593 2045 1613 con-

1089 1640 1225 1680 tinetur,
1254 1646 1288 1671 ut
1313 1641 1630 1682 supra.Mffluoa1.—
1660 1642 1793 1674 Rectius
1818 1649 1922 1675 tamen
1946 1656 2046 1677 sonus

1090 1697 1299 1747 (φθόγγος)
1315 1706 1346 1732 et
1362 1707 1456 1732 tomes
1471 1696 1612 1745 (τό-νος)
1633 1701 1879 1746 distinguuntur,
1904 1705 1936 1736 id
1958 1707 2045 1749 quod

1088 1764 1303 1796 Nicomachus
1323 1765 1368 1807 (p.
1386 1765 1403 1795 1
1432 1769 1464 1794 ct
1487 1764 1509 1794 2
1526 1764 1690 1808 Meihom.)
1712 1766 1829 1800 docuit.

1165 1825 1402 1870 duodeviginti]
1438 1826 1599 1859 ,accurate
1630 1829 1708 1861 hace
1743 1830 1846 1861 omnia
1874 1832 2045 1875 explicavit

1088 1889 1272 1921 Boeelzhius
1305 1890 1356 1933 (in
1385 1890 1538 1921 Creuzcri
1562 1891 1644 1923 stud.
1674 1892 1710 1923 T.
1733 1893 1798 1934 m,
1823 1907 1855 1937 p.
1874 1896 1921 1926 62
1951 1908 2043 1939 sequ.

1088 1958 1120 1984 et
1145 1953 1183 1984 de
1209 1958 1300 1985 metr.
1326 1952 1420 1983 Pind.
1446 1965 1476 1996 p.
1496 1953 1569 1985 208
1591 1954 1711 1998 sequ.),
1742 1963 1937 2001 quapropter
1962 1960 2042 1990 anti-

1089 2016 1218 2060 quiores
1243 2021 1389 2049 auctores
1408 2028 1592 2049 enumerare
1616 2020 1819 2061 supersedeo.
1848 2021 2041 2066 Quanquam

1088 2080 1128 2111 dc
1152 2091 1284 2111 numero
1304 2079 1515 2123 discrepantia
1537 2086 1601 2121 est,
1626 2093 1724 2125 quum
1745 2082 1897 2126 paulatim
1918 2091 2041 2117 tantum

1088 2143 1160 2174 soni
1195 2143 1236 2174 ad
1267 2148 1386 2174 tantam
1410 2143 1649 2187 amplitudinem
1671 2146 1882 2187 accreverint,
1921 2153 1956 2179 ut
1987 2148 2041 2179 alii

1086 2206 1195 2249 plures
1216 2205 1269 2237 alii
1288 2206 1455 2249 pauciores
1478 2213 1660 2248 numerent,
1685 2220 1748 2252 qua
1766 2209 1805 2240 tle
1828 2221 1862 2240 re
1880 2210 1952 2242 vide
1973 2210 2038 2243 Cu-

1084 2279 1196 2311 perum
1216 2266 1263 2310 (in
1286 2268 1395 2310 apotl).
1425 2267 1559 2300 Homer.
1595 2280 1627 2312 p.
1642 2269 1714 2311 52).
1754 2268 1840 2301 Sunt
1869 2270 1948 2301 adeo
1983 2271 2040 2314 qui

1085 2327 1322 2369 duodetriginta
1343 2332 1498 2369 statuant,
1526 2335 1562 2360 nt
1582 2335 1693 2360 auctor
1713 2330 1839 2362 tabulae
1856 2343 1949 2375 quam
1968 2344 2039 2376 spc-

1084 2388 1207 2420 eiminis
1224 2400 1319 2420 eausa
1338 2400 1378 2419 cx
1396 2389 1505 2421 codiee
1518 2390 1705 2421 Monacensi
1719 2389 1772 2434 (C.
1789 2391 1844 2422 sol.
1860 2392 1946 2435 220)
1965 2405 2037 2424 cum

1083 2450 1230 2481 omnihus
1245 2449 1405 2481 erroribus
1427 2450 1679 2495 orthographicis
1697 2450 1750 2484 hic
1764 2452 1905 2494 subjeei3
1932 2455 1989 2486 sed
2003 2455 2037 2486 hi

1082 2512 1176 2545 trium
1205 2524 1357 2554 generum
1388 2512 1525 2545 chordas
1550 2513 1585 2548 in
1605 2525 1702 2548 unum
1729 2514 1943 2560 conjungunt,
1972 2529 2036 2562 qua

1081 2576 1120 2610 de
1145 2587 1179 2610 re
1203 2575 1268 2611 dixi
1289 2576 1369 2609 insi-a
1390 2575 1432 2621 (ξ.
1453 2577 1550 2620 940).
