2310 2860
212 165 302 208 652

758 161 957 203 Martiani
988 159 1188 216 Capellae
1215 158 1288 200 lib.
1319 157 1438 200 VIII.
1471 159 1502 210 §-
1526 157 1627 199 805.

218 273 274 312 sic
307 269 475 310 Phoebo
507 267 669 307 diutule
695 267 822 308 aliam
847 265 1051 307 dotalium
1082 264 1359 305 intromittere
1396 273 1662 315 remorante,
1700 278 1754 304 ne
1784 264 1934 318 prioris
1965 264 2161 321 proserae

99 351 188 392 sot
220 347 438 390 admiratio
467 346 704 398 laberetur,
744 361 914 387 sacrum
954 344 1181 401 paululum
1219 344 1296 385 fuit
1322 345 1698 400 reverendumque
1729 345 1953 386 silentium.
1997 347 2161 387 Silenus

216 429 392 476 interea,
433 435 478 466 ut
508 427 631 466 Evan
662 436 910 467 consecutus
941 440 1051 481 pone
1083 425 1218 465 vietus
1252 434 1379 480 atque
1414 424 1581 465 acclinis
1613 423 1825 474 adstabat,
1863 438 1937 464 seu
1970 439 2161 466 marcore

213 500 426 546 confectus
467 507 631 557 aetatis,
674 507 763 547 sive
813 506 937 547 anxia
976 507 1084 547 inter
1122 505 1267 546 doctae
1310 507 1422 547 vocis
1462 506 1671 547 miracula
1712 506 1938 546 intentione
1969 520 2163 561 compre-

215 587 392 636 hensus,
426 601 477 627 an
510 587 608 627 ah'as
631 588 792 642 poculis
814 597 983 642 turgens
1008 597 1109 628 tunc
1141 586 1266 626 etiam
1299 586 1496 642 nuptialis
1524 587 1679 641 gratiae
1709 587 1880 627 nomine
1911 586 2163 642 prolectatus

215 668 454 709 inundantis
485 684 527 708 se
562 669 704 708 temeti
738 669 946 709 infusione
979 669 1217 723 proluerat,
1255 668 1342 720 jam
1374 668 1538 708 dudum
1572 668 1738 709 laxatus
1769 668 1811 708 in
1842 683 2024 719 somnos,
2055 668 2161 709 forte

217 758 386 804 repente
413 749 619 788 blandum
650 758 824 789 stertens
851 764 979 790 ranae
1010 749 1194 790 sonitum
1226 748 1484 788 desorbentis
1519 749 1741 804 increpuit,

289 895 336 925 sic
351 892 490 936 Phoebo]
519 892 573 924 Sic
595 893 627 923 in
646 893 779 936 apodosi
797 893 848 925 vel
872 893 954 936 apud
976 893 1165 926 Ciceronem

216 954 350 996 legimus
368 955 419 997 (ad
443 954 559 985 divers.
578 955 637 992 15,
664 954 736 996 70)2
763 954 853 998 »quia
876 966 941 986 non
964 960 1013 986 est
1031 955 1166 986 obscura

216 1023 270 1048 tua
301 1017 335 1048 in
365 1029 414 1048 mc
446 1017 686 1057 benevolentia,
719 1019 765 1049 sic
792 1017 830 1059 fit
861 1023 896 1048 ut
918 1018 1009 1049 multi
1035 1029 1093 1061 per
1116 1028 1165 1048 me

215 1080 273 1112 tihi
296 1080 396 1112 velim
418 1080 656 1111 commendari.«

288 1154 447 1199 proferne]
465 1156 650 1196 Legendum
666 1162 742 1198 puto
757 1167 902 1198 propere,
923 1155 973 1187 cui
992 1156 1166 1198 respondet

216 1218 338 1249 diutule
357 1223 588 1255 commorante,
615 1217 675 1247 nisi
693 1217 773 1247 forte
789 1216 919 1259 profem
939 1228 956 1247 a
974 1216 1166 1259 proferendo

217 1282 283 1312 sive
304 1280 515 1326 sr'poqje'paemf
534 1280 663 1311 dicatur.
677 1279 837 1311 Guor.-—
862 1280 1008 1311 mutandi
1037 1290 1165 1310 eausam

216 1355 281 1374 11011
299 1344 410 1383 mico,
437 1344 512 1374 lieet
537 1344 616 1373 adeo
643 1343 733 1373 unica
756 1354 818 1373 vox
842 1342 898 1381 sit,
931 1342 1015 1372 utin
1035 1341 1164 1372 Foreel-

216 1406 272 1437 liui
297 1406 399 1437 lexico
428 1417 467 1436 ne
501 1405 605 1436 locum
632 1405 758 1448 quidem
781 1404 944 1435 invenerit.
979 1403 1165 1435 Seliellerus

217 1468 352 1512 recepit,
387 1468 443 1499 sed
473 1468 580 1499 neseio
611 1480 673 1510 quo
700 1473 884 1509 argumento
910 1467 1001 1498 deam
1029 1467 1166 1510 aliquam

216 1532 356 1572 ignotam
387 1531 483 1571 dixit,
511 1542 605 1574 quam
636 1530 877 1561 Arithmetieam
904 1541 974 1561 esse
1003 1529 1075 1561 luce
1104 1528 1166 1561 cla-

216 1593 280 1624 rius
308 1598 366 1623 est.

288 1651 466 1697 paululum]
495 1651 551 1683 Sffe
574 1651 700 1684 codices
715 1650 988 1682 Reiehenauensis
1009 1656 1040 1682 et
1053 1651 1166 1681 Darm-

218 1717 380 1748 statteusis
415 1728 472 1759 pro
505 1716 636 1758 paulum
659 1715 692 1746 in
714 1714 824 1755 editis,
852 1714 938 1758 quod
960 1714 1009 1745 hie
1035 1714 1163 1745 auribus

219 1778 321 1808 minus
350 1783 398 1808 est
427 1782 599 1819 acceptum.

291 1867 335 1885 ιιη
360 1852 457 1897 alias]
484 1854 581 1884 Forte
606 1864 644 1883 an
666 1852 794 1883 melius:
821 1863 879 1884 »an
910 1858 945 1883 ut
971 1852 1048 1883 alias
1068 1864 1085 1883 a
1107 1863 1163 1896 po-

219 1918 297 1951 culis
323 1924 479 1958 turgenS.‹·
514 1917 670 1958 Virgilius
690 1916 801 1948 eodem
826 1916 919 1947 modo
948 1916 986 1948 (10
1009 1916 1138 1948 eodem:

276 1996 454 2027 »Hesterno
478 1994 608 2037 inflatus
633 2006 730 2025 venas
756 2000 791 2025 ut
815 2006 938 2037 semper
960 1994 1108 2025 ‹Iacchm

221 2070 378 2102 Guom—
408 2068 542 2099 Ovidius
570 2069 653 2109 (met.
683 2070 743 2107 ll,
783 2068 844 2110 90)
869 2068 1015 2100 Silenum
1049 2068 1167 2112 pariter

221 2138 315 2174 atque
345 2136 454 2162 noster
482 2129 620 2172 appellat
653 2130 858 2160 »titubantem
883 2129 1038 2172 annisque
1064 2141 1165 2160 mero·

222 2205 321 2238 que«,
363 2192 490 2235 alioque
523 2190 594 2222 loeo
627 2190 719 2233 (met.
743 2191 783 2231 4,
810 2191 876 2234 26)
902 2191 989 2223 hisee
1015 2203 1088 2222 eum
1112 2190 1165 2222 dc-

222 2257 331 2291 seribit
353 2255 511 2288 versibus:

279 2321 426 2366 »Quique
449 2329 549 2362 senen·
570 2315 677 2359 ferula
706 2316 878 2347 titubantes
907 2316 1014 2347 ebrius
1037 2321 1128 2346 artus

271 2383 417 2416 Sustinet
442 2387 471 2412 ct
495 2380 602 2423 pundo
626 2390 691 2409 non
722 2377 850 2419 sortiter
870 2378 980 2409 haeret
1003 2378 1129 2411 asello.«

225 2458 330 2492 Grotii
362 2462 541 2489 correctura
574 2466 654 2499 opus
688 2465 753 2485 non
781 2465 850 2484 esse
883 2459 997 2497 sponte
1031 2457 1170 2497 apparet.

222 2522 273 2553 Dc
297 2521 351 2551 illo
386 2518 556 2562 particulae
589 2529 632 2548 (ιη
655 2528 714 2547 11511
737 2521 809 2558 post
831 2517 897 2546 sive
923 2516 1031 2547 eoul'er
1051 2515 1170 2546 similli-

225 2597 309 2616 mum
329 2584 433 2616 locum
456 2581 557 2614 Taciti
576 2582 660 2624 (jaan.
674 2580 735 2621 14,
765 2578 840 2622 59);
862 2579 1031 2611 »Plautum
1053 2591 1090 2611 ea
1107 2591 1171 2610 non

1802 748 1902 798 Quo
1935 758 2094 790 terrore
2126 759 2165 790 et

1216 904 1360 932 movere,
1389 894 1456 923 siue
1476 892 1595 923 nullam
1613 904 1704 935 opem
1720 892 1908 936 providebat
1925 893 2052 924 inermis
2069 899 2162 937 atque

1217 956 1324 996 exsul,
1352 968 1408 987 seu
1440 955 1543 986 taedio
1577 955 1741 996 ambiguae
1775 956 1861 998 spei,
1888 969 1931 987 an
1959 968 2063 988 amore
2090 968 2163 988 con-

1211 1020 1299 1061 jugis
1326 1025 1357 1050 et
1378 1019 1588 1058 liberorum«,
1616 1019 1706 1061 plura
1734 1019 1821 1050 dabit
1841 1019 2091 1064 Oudendorpius
2112 1020 2163 1063 (ad

1216 1082 1371 1126 Appuleji
1400 1088 1472 1112 met.
1493 1082 1530 1121 5,
1556 1094 1586 1125 p.
1603 1081 1700 1125 575).

1288 1155 1464 1200 proluet-al]
1492 1156 1646 1196 Virgilius
1675 1154 1770 1198 (Aen.
1796 1157 1827 1195 1,
1852 1156 1951 1198 758)=

1367 1236 1414 1240 ——
1433 1236 1479 1240 -—
1503 1219 1573 1248 »ille
1598 1219 1731 1261 impiger
1751 1219 1858 1249 hausit

1265 1278 1473 1321 Spumantem
1496 1285 1642 1321 pateram
1667 1284 1697 1309 el
1722 1279 1816 1321 pleno
1847 1290 1881 1309 se
1904 1279 2024 1322 proluit
2047 1292 2164 1319 auro«,-

1217 1353 1371 1384 Horatius
1400 1351 1481 1394 (Sat.
1499 1352 1538 1389 2,
1567 1352 1608 1391 4,
1636 1351 1715 1394 27):

1368 1431 1415 1436 -—-
1436 1431 1483 1435 —
1502 1414 1585 1444 »leni
1602 1413 1790 1456 praecordia
1813 1413 1913 1445 mulso

1267 1476 1433 1508 Prolueris
1455 1477 1567 1507 melius
1574 1489 1606 1516 «ς

1217 1551 1350 1583 Persius
1374 1551 1511 1594 (prolog.
1538 1550 1587 1592 1):

1270 1615 1357 1645 »R‘ec
1382 1613 1473 1655 fonte
1497 1614 1585 1643 labra
1609 1611 1715 1655 prolui
1742 1612 1935 1651 caballinou5

1215 1685 1412 1718 Prudentius
1434 1686 1478 1727 (in
1503 1684 1683 1727 Symmaeh.
1708 1685 1744 1723 l,
1771 1683 1870 1725 12ss):

1272 1750 1398 1795 »Atque
1420 1748 1533 1778 avidus
1555 1748 1625 1778 viui
1644 1747 1741 1777 multo
1762 1757 1795 1776 se
1819 1745 1938 1789 proluit
1960 1746 2107 1778 haustum

1291 1822 1455 1868 blandum]
1484 1823 1522 1854 Iu
1541 1822 1611 1855 MS.
1629 1823 1782 1866 9hzndum
1807 1822 1880 1862 suit,
1908 1828 2019 1867 postea
2044 1835 2167 1856 correc-

1217 1894 1282 1919 tum
1303 1893 1351 1919 est
1368 1887 1525 1919 clamlmn.
1553 1886 1760 1918 Clarissimus
1780 1891 1883 1916 autem
1898 1886 2025 1927 juvenis
2046 1887 2099 1919 Fr.
2114 1887 2168 1919 Ti-

1214 1952 1359 1993 liobroga
1384 1951 1417 1982 in
1446 1949 1539 1990 MS„
1576 1962 1639 1993 quo
1665 1949 1719 1980 ille
1747 1960 1824 1980 usus
1851 1954 1901 1980 est
1928 1949 1960 1981 in
1985 1950 2168 1991 Germania,

1217 2016 1271 2059 qui
1289 2016 1474 2059 plerumque
1492 2026 1563 2045 cum
1582 2025 1651 2045 meo
1671 2018 1836 2053 consonat,
1859 2018 1994 2044 testatur
2007 2014 2166 2046 invenisse

1217 2080 1375 2121 elanflum.
1421 2077 1507 2109 Sane
1538 2077 1569 2107 in
1599 2076 1767 2108 Glossario
1794 2076 1894 2106 veteri
1919 2076 2010 2116 lego:
2035 2076 2166 2116 »elangu

1218 2148 1250 2174 ct
1275 2142 1420 2181 clangor,
1447 2133 1554 2184 ἦχος
1578 2139 1827 2183 ὄαλπιγγοςΛ
1864 2137 1919 2168 An
1941 2138 1985 2168 ibi
2019 2139 2168 2182 clangunt

1217 2202 1387 2243 legendum
1425 2201 1466 2231 sit
1504 2199 1634 2238 neseio,
1672 2200 1734 2229 hoc
1769 2198 1835 2229 seio
1859 2198 1904 2228 ita
1934 2198 2033 2242 accipi
2059 2211 2167 2243 posse,

1219 2261 1484 2308 quemadmodum
1517 2262 1671 2292 tonitrum
1696 2264 1728 2302 et
1754 2259 1876 2289 ionio-u
1905 2258 2054 2299 dicimus,
2085 2266 2118 2292 et
2141 2261 2168 2291 si

1219 2338 1281 2371 qua
1302 2323 1598 2355 similia.Gno‘r.—
1617 2320 1755 2353 Codices
1777 2321 1869 2351 etiam
1889 2322 2093 2354 Monacensis
2111 2323 2168 2366 (C)

1220 2395 1255 2421 et
1277 2386 1538 2420 Darmstattensis
1565 2385 1719 2429 qlcmdum
1749 2384 1916 2424 exhibent,
1951 2386 2037 2429 quod
2063 2391 2168 2417 tamen

1221 2464 1317 2496 quum
1344 2462 1440 2481 sensu
1467 2453 1590 2487 eareat,
1615 2448 1773 2489 nilgatam
1793 2448 1929 2479 retinere
1954 2449 2052 2480 satius
2081 2449 2168 2489 duxi,

1221 2528 1283 2559 qua
1303 2515 1396 2556 jocus
1429 2511 1577 2544 Μαι-1111111
1601 2510 1728 2552 iugenio
1752 2510 1877 2554 locique
1906 2511 2013 2543 colore
2035 2523 2099 2544 non
2123 2512 2167 2543 in-

1222 2579 1335 2620 dignus
1357 2576 1544 2609 continetur.
