2310 2860
93 485 178 526 961

214 220 302 262 748
777 211 975 254 Martiani
1007 209 1205 266 Capellae
1234 208 1308 252 lib.
1333 208 1411 249 IX.
1442 210 1472 260 §-
1494 208 1594 249 960.

533 322 640 362 sicut
683 319 878 375 superius
935 331 1108 372 quoque
1162 318 1317 356 notavi.
1400 315 1570 357 Verum
1621 315 1779 357 horum
1827 325 2036 358 extremos
2081 317 2158 358 sibi

217 325 474 373 custodiunt,

216 405 418 461 aptandos
461 417 549 443 esse
585 416 671 442 non
710 399 892 440 dubium
932 406 1003 437 est.
1067 394 1411 435 Tetrachordum
1451 396 1610 451 quippe
1649 399 1709 436 e'st
1739 405 1923 450 quatuor
1953 410 2157 436 sonorum

212 486 254 526 in
298 483 445 524 ordine
484 481 718 537 positorum
767 490 1000 532 congruens
1038 473 1210 528 fidaque
1256 475 1491 515 concordia.
1560 476 1667 516 Sunt
1716 484 1858 516 autem
1895 474 2159 516 tetrachorda

213 563 529 619 principalium,
560 560 816 609 mediarum,
845 559 1183 611 conjunctarum,
1212 566 1520 610 separatarum,
1551 556 1862 597 excellentium.
1895 557 1948 596 Et
1972 556 2161 610 primum

213 643 557 693 tetrachordum,
599 640 715 696 quod
747 649 806 680 est
835 639 1027 694 graviuS,
1065 637 1209 692 incipit
1240 651 1259 677 a
1293 637 1512 692 principali
1544 637 1840 692 principalium
1874 646 1912 677 ct
1942 637 2090 677 desinit
2119 637 2162 677 in

211 725 491 783 principalem
531 722 786 764 mediarum.
845 720 1014 762 Verum
1056 717 1352 774 principalium
1387 728 1426 759 et
1457 718 1697 760 mediarum
1730 726 1994 769 connexum,
2046 717 2163 773 quod

211 807 535 861 conjunctarum
560 812 751 854 vocatur,
783 802 859 843 erit
887 800 1201 841 tetrachordum
1231 815 1253 840 a
1280 799 1418 840 media
1447 799 1488 840 in
1515 810 1636 841 neten
1663 800 1986 854 conjunctarum
2012 813 2163 854 usque.

210 889 353 943 Atque
391 887 443 928 ab
483 886 547 926 his
588 885 774 927 divisum
820 884 1030 938 longeque
1068 882 1320 932 discretum,
1369 880 1486 935 quod
1518 890 1577 921 est
1608 890 1832 934 quartum,
1871 880 2104 921 divisarum
2139 894 2163 920 a

209 969 434 1012 submedia
463 970 505 1009 in
536 977 661 1009 neten
690 976 984 1023 separatarum
1023 980 1161 1019 usque
1201 962 1483 1017 conjungitur.
1547 962 1676 1011 Quod
1715 971 1854 1003 autem
1895 976 1946 1001 ex
1985 960 2161 1002 diversis

210 1049 486 1104 conjunctum
517 1057 597 1100 est,
633 1048 677 1089 in
708 1047 940 1088 acutiorem
974 1060 1127 1087 sonum
1161 1053 1200 1085 et
1231 1043 1428 1099 quintum
1463 1042 1759 1083 excellentium
1792 1042 2018 1098 profertur.
2079 1040 2161 1082 Sed

208 1130 262 1173 de
292 1130 570 1173 tetrachordis
601 1130 696 1171 satis
726 1128 901 1170 dictum.
956 1128 1084 1169 Nunc
1117 1126 1169 1168 de
1202 1124 1496 1182 pentachordis
1529 1124 1765 1166 videamus.

283 1263 408 1308 notavi]
422 1263 500 1303 Alii,
519 1262 634 1295 Grotio
652 1267 734 1293 teste
752 1262 784 1293 in
799 1262 959 1303 margine,
978 1274 1044 1293 non
1062 1261 1161 1297 tacui,

210 1328 362 1360 affectate.
390 1326 542 1357 Ceterum
564 1324 636 1356 vide
663 1323 858 1367 superiorem
881 1323 985 1354 locum
1006 1321 1048 1365 (§.
1064 1320 1160 1363 955)-

283 1391 344 1422 sibi
368 1389 523 1431 aptandos
548 1386 636 1431 esse]
671 1387 745 1418 Iloc
777 1392 825 1417 est
855 1391 1068 1417 consonantes
1095 1384 1162 1414 sive

210 1447 452 1497 συμφώνους
473 1450 554 1480 inter
575 1460 609 1479 se
631 1460 702 1478 esse
728 1453 891 1490 oportere5
919 1447 980 1477 nisi
1008 1446 1051 1476 ita
1071 1445 1162 1476 intel-

207 1513 307 1555 ligere
331 1517 486 1557 praestat,
516 1511 656 1554 quinque
675 1510 874 1540 tetrachorda
899 1509 941 1539 ita
962 1520 995 1539 se
1016 1507 1161 1550 excipere

206 1581 244 1607 ut
273 1575 402 1606 alterius
424 1573 559 1617 primum
587 1572 716 1603 alterius
739 1572 780 1603 sit
801 1577 992 1611 extremum,
1017 1570 1102 1613 quod
1123 1582 1162 1601 ex

206 1643 296 1682 parte
321 1642 442 1668 tantum
467 1647 577 1666 verum
602 1640 660 1665 est.

284 1695 538 1741 tetrachordum]
566 1697 615 1727 De
639 1694 850 1726 tetrachordis
874 1693 1055 1724 conseratur
1076 1692 1160 1724 Boe-

209 1762 319 1793 clzhius
342 1761 387 1804 (in
416 1758 569 1791 Creuzeri
593 1757 675 1788 stud.
702 1757 739 1788 T.
764 1756 829 1795 ΙΙΙ,
858 1769 888 1799 p.
906 1754 977 1798 Gt).

282 1818 528 1865 principalimn]
554 1820 605 1850 De
634 1818 791 1862 quinque,
826 1830 906 1861 quae
933 1817 983 1848 hie
1008 1816 1161 1857 nominat,

207 1885 378 1928 generibus
409 1883 576 1915 Vitruvius
604 1882 656 1926 (5,
683 1883 723 1922 43
757 1895 786 1924 p.
808 1883 877 1913 158
909 1881 996 1924 Rip.)
1029 1880 1074 1911 sic
1098 1879 1161 1911 dis-

209 1947 301 1978 serit:
327 1944 558 1977 »Tetrachorda
590 1950 694 1974 autem
728 1949 803 1974 sunt
832 1942 990 1986 quinque,
1025 1942 1161 1986 primum

208 2009 450 2053 yravissimum,
474 2006 560 2049 quod
579 2005 702 2037 Graece
726 2003 841 2035 dieitur
861 2001 1033 2038 ὕπατονι
1049 2015 1161 2035 secun-

210 2071 286 2102 dum
313 2070 516 2107 mediamna,
547 2068 633 2111 quod
663 2067 840 2111 appellatur
869 2065 1002 2111 μέσους
1033 2067 1161 2097 tertium

209 2135 434 2178 conjunctum,
474 2131 560 2175 quod
587 2129 834 2175 συνημμένον
861 2131 990 2162 dicitur:
1015 2136 1162 2173 quartum

208 2196 426 2240 disjunctum,
455 2192 542 2236 quod
562 2190 834 2236 διεζευγμένον
854 2192 1050 2232 [ιοιῃίιιειῒιινς
1070 2192 1161 2235 quin-

208 2265 293 2299 tum,
317 2257 403 2302 qnod
426 2261 475 2288 est
499 2257 734 2295 acutissimmn,
760 2255 882 2287 Graece
904 2250 1162 2301 ὐπέρβόλαιον

210 2320 352 2352 diffluum«

287 2377 485 2423 connexum]
512 2378 576 2409 llic
600 2377 757 2418 integrum
781 2378 1014 2409 tetrachordum
1033 2376 1161 2417 excidit,

212 2442 299 2488 quod
318 2446 431 2473 neutro
458 2439 602 2471 codicum
636 2437 760 2469 restitui
784 2438 887 2469 miror.
943 2438 1076 2470 Grotius
1104 2450 1161 2469 seu

212 2506 320 2551 potius
341 2504 441 2548 ipsius
465 2503 644 2544 adjutoreS‚
669 2501 729 2533 viri
752 2501 881 2541 summi,
904 2501 1058 2542 Scaliger,
1080 2501 1160 2534 Vul-

214 2569 334 2608 canius,
351 2580 410 2599 nee
426 2567 584 2598 tantillum
598 2565 765 2598 emendare
782 2570 963 2608 potuerunt.
988 2564 1160 2596 Reseriboz

221 2631 424 2664 ‚Secundum
446 2642 463 2662 a
489 2629 662 2662 mediarum
685 2628 852 2674 principali
878 2628 917 2660 ad
945 2628 1080 2660 mediam
1107 2640 1160 2661 ex-

1211 1257 1360 1289 tenditur.
1396 1257 1518 1289 Verum
1543 1255 1764 1299 principalium
1783 1260 1816 1286 et
1842 1254 2017 1286 mediarum
2038 1254 2096 1299 (se.
2117 1260 2161 1286 tc-

1211 1319 1401 1361 tracliordis)
1425 1331 1631 1351 connexum.«
1648 1320 1788 1350 Mnmon.

1288 1385 1323 1414 in
1345 1381 1453 1426 neten]
1482 1382 1538 1414 Sic
1561 1383 1660 1425 probe
1680 1387 1813 1425 uterque
1835 1381 1987 1424 scriptus:
2007 1380 2110 1412 editus
2130 1381 2163 1412 in

1213 1445 1507 1476 nete.ano›1.—
1534 1442 1621 1474 Ante
1640 1443 1788 1475 Grotium
1814 1443 1889 1474 editi
1909 1443 1975 1484 jam
2002 1445 2036 1474 in
2061 1449 2164 1475 netem

1213 1507 1380 1538 habehant.
1414 1506 1536 1536 Eadem
1566 1517 1618 1536 res
1645 1505 1741 1548 paulo
1774 1510 1861 1548 post,
1890 1505 1944 1536 uhi
1969 1504 2102 1536 Grotius
2129 1506 2164 1536 ἰη,

1212 1576 1285 1601 nete
1307 1575 1549 1612 separatarum,
1578 1569 1751 1600 anteriores
1776 1570 1810 1599 in
1833 1575 1955 1608 netem,
1982 1569 2109 1600 codices
2131 1574 2164 1600 et

1211 1631 1418 1664 Meihomiani
1443 1636 1474 1662 et
1500 1630 1602 1662 nostri
1622 1630 1826 1663 Monacensis
1845 1630 1900 1674 (C)
1929 1635 1961 1661 et
1983 1631 2160 1662 Darmstat-

1211 1692 1312 1724 tensis
1336 1697 1422 1723 reete
1448 1694 1483 1723 in
1505 1697 1610 1723 neten.

1282 1751 1397 1799 usque]
1425 1753 1499 1784 lloe
1517 1764 1533 1783 e
1552 1752 1661 1783 codice
1679 1752 1866 1784 Monacensi
1881 1752 1936 1796 (C)
1952 1752 2069 1793 addidi,
2090 1753 2163 1797 quia

1212 1816 1377 1848 clariorem
1392 1816 1581 1847 sententiam
1597 1815 1713 1849 reddit.
1735 1816 1842 1847 Facile
1861 1821 1965 1848 autem
1982 1828 1999 1847 a
2015 1816 2163 1861 sequenti

1212 1884 1309 1925 alque
1334 1877 1452 1909 hauriri
1473 1882 1610 1921 poterat.

1286 1939 1469 1985 submedia]
1497 1941 1582 1972 Nota
1613 1940 1699 1984 quod
1726 1940 1914 1972 vocabulum
1939 1938 2161 1987 παράμεόος

1211 2010 1314 2036 vertat
1342 2005 1515 2036 submedia.
1543 2005 1747 2037 anosr.—
1784 2004 1870 2036 Male
1897 2005 2030 2037 Grotius
2053 2005 2161 2038 divisis

1211 2067 1317 2099 verbis
1338 2068 1396 2098 sub
1418 2067 1522 2097 media
1552 2065 1661 2097 edidit.

1276 2130 1425 2174 quinium
1438 2123 1675 2170 excellentium]
1688 2126 1809 2157 Pax-ens
1827 2138 1916 2157 meus
1929 2126 2159 2169 velletanuod

1212 2196 1317 2222 autem
1342 2202 1382 2222 ex
1406 2190 1539 2221 diversis
1565 2190 1768 2230 conjunctum
1797 2195 1846 2220 cst
1872 2196 1903 2220 et
1930 2190 2091 2231 quintum,
2127 2190 2161 2221 iu

1212 2254 1386 2285 acutiorem
1411 2265 1524 2284 sonum
1545 2252 1767 2284 excellentium
1784 2251 1950 2295 profertur.
1959 2267 1970 2280 α
2005 2253 2161 2295 Quintum

1211 2316 1296 2348 enim
1319 2317 1362 2347 ait
1387 2328 1451 2347 non
1473 2317 1512 2347 ad
1539 2326 1636 2346 sonos
1655 2314 1711 2345 sed
1736 2314 1775 2345 ad
1800 2315 1999 2347 tetrachorda
2023 2317 2158 2348 referen-

1212 2378 1295 2410 dum.
1328 2377 1372 2408 Et
1401 2389 1477 2408 sane
1504 2375 1726 2407 excellentium
1751 2376 1836 2406 modi
1860 2388 1924 2407 non
1950 2376 2058 2420 plures
2083 2390 2158 2421 qua-

1211 2446 1300 2480 tuor,
1332 2445 1367 2471 ut
1395 2446 1426 2471 et
1456 2439 1588 2470 aliorum
1613 2439 1893 2470 tetrachordorum.
1904 2440 2006 2472 Gnor.
2022 2459 2068 2464 —
2094 2440 2159 2472 Rc-

1213 2503 1334 2536 scribo:
1359 2507 1408 2532 »et
1430 2502 1575 2545 quintum
1601 2507 1664 2543 est,
1700 2508 1732 2533 et
1755 2514 1773 2534 a
1795 2508 1868 2534 nete
1887 2509 2102 2546 separatarum
2126 2503 2160 2535 in

1211 2570 1307 2597 neten
1343 2563 1567 2595 excellentium
1603 2563 1791 2608 profertum«
1844 2564 1963 2597 Parum
1996 2564 2047 2597 hic
2080 2565 2160 2598 vidit

1211 2637 1326 2672 parens
1347 2624 1461 2658 Grotii.
1475 2625 1622 2672 Mummi.-
