2310 2860
232 161 254 200 1
264 159 316 200 12

826 160 1025 202 Martiani
1060 159 1261 216 Capellae
1298 159 1371 201 lib.
1396 160 1429 202 I.
1475 162 1592 212 §.62

235 264 410 321 quidem
443 265 715 307 diversicolor
746 266 977 317 ambiebat,
1023 280 1135 321 quae
1166 280 1280 306 nunc
1309 266 1549 322 perfulgido
1580 268 1875 325 resplendebat
1903 270 2028 323 orbe,
2066 284 2180 312 nune

237 346 497 386 vanescentis
529 347 685 400 gratiae
714 356 885 388 tenuata
917 347 1096 388 varietas
1126 347 1183 388 ita
1213 348 1379 403 penitus
1410 348 1680 404 obliquabat,
1726 361 1932 408 tanquam
1965 353 2069 394 nihil
2099 352 2180 394 ha-

145 425 204 466 68
232 425 389 466 buisset
420 434 513 465 ante
545 425 817 468 discolorum.
873 429 948 469 His
978 428 1104 483 igitur
1135 429 1393 471 indumentis
1425 439 1607 486 uterque
1636 447 1787 489 regum
1818 434 2015 476 decenter
2045 434 2181 477 ornati

235 516 328 547 ante
370 521 611 548 consessum
644 508 685 549 in
717 519 913 565 suggestu
951 510 1114 551 sidereo
1146 511 1326 566 positam
1359 510 1579 565 quandam
1609 511 1834 567 sphaeram
1868 514 2073 556 caelatam
2103 528 2182 556 va-

233 587 379 632 rietate
400 587 623 644 multiplici
647 591 965 646 conspicantur,
999 607 1110 647 quae
1143 592 1200 633 ita
1230 607 1283 632 ex
1305 591 1504 632 omnibus
1535 601 1755 647 compacta
1784 592 1922 634 fuerat
1951 594 2182 644 elementis,

233 678 281 709 nt
320 669 424 710 nihil
464 670 645 722 abesset,
692 672 904 728 quidquid
951 675 1001 715 ab
1041 674 1159 716 omni
1201 673 1387 715 ereditur
1427 681 1580 713 natura
1619 671 1834 714 contineri.
1893 674 1984 715 Illic
2013 675 2183 716 coelum

234 763 382 800 omne,
422 754 513 802 a'er,
551 752 677 804 freta,
717 753 1023 811 diversitasque
1053 755 1237 806 telluris,
1278 755 1549 809 claustraque
1579 753 1750 795 fuerant
1787 763 1982 796 tartarea.
2038 755 2181 797 Urbes

234 830 387 881 etiam,
432 834 636 888 compita,
686 846 1027 893 cunctorumque
1066 837 1224 894 speeies
1279 834 1582 885 animantium,
1631 843 1717 875 tam
1757 835 1799 875 in
1845 836 2002 891 specie,
2051 850 2184 890 quam

232 913 275 952 in
314 927 466 967 genere
516 917 820 958 numerandae.

913 919 1037 968 Quae
1081 918 1258 974 quidem
1297 915 1480 971 sphaera
1522 915 1661 970 imago
1703 915 1916 970 quaedam
1960 915 2186 958 videbatur

233 992 416 1049 ideaque
446 995 610 1036 mundi.
670 997 720 1038 In
751 998 858 1050 hac,
897 999 1004 1054 quid
1035 1000 1195 1050 cuncti,
1244 997 1349 1053 quid
1376 979 1529 1052 sifiguli
1559 997 1779 1038 nationum
1813 997 2006 1038 omnium
2038 996 2187 1053 populi

233 1075 489 1130 quotidianis
521 1078 706 1119 motibus
739 1081 941 1135 agitarent
970 1081 1077 1137 pede
1107 1083 1191 1133 ire,
1223 1081 1433 1122 formante
1461 1078 1634 1134 speculo
1664 1079 1894 1120 relucebat.
1956 1079 2022 1120 Ibi
2053 1093 2186 1134 quem

233 1207 315 1240 Nam
339 1220 402 1252 quo
426 1209 556 1240 inferior
578 1216 647 1246 aer,
677 1223 716 1241 eo
739 1212 913 1242 ohscurior.
939 1212 1030 1243 Voce
1053 1210 1185 1254 nigredo

233 1269 316 1302 infra
332 1270 447 1301 iterum
464 1271 562 1301 utitur
582 1270 623 1314 (ξ.
643 1270 726 1314 157)
741 1271 816 1303 licet
834 1272 966 1303 barbara
990 1273 1030 1303 sit
1041 1273 1184 1317 (Sciopp.

232 1345 279 1377 pr.
302 1333 380 1377 phil.
400 1346 430 1376 p.
452 1335 499 1365 56
522 1333 644 1377 Hcrz.).

305 1393 401 1439 zona]
428 1395 667 1426 Inconstantem
697 1395 794 1427 medii
823 1396 903 1428 aeris
933 1403 1078 1428 naturam
1103 1408 1184 1429 zona

232 1457 413 1489 describere
440 1456 582 1495 videtur,
624 1468 687 1499 qna
719 1457 814 1489 modo
848 1458 1052 1502 perlucidus,
1088 1459 1183 1491 modo

231 1518 360 1550 nubilus
385 1523 443 1548 cst.

307 1579 501 1627 obliquabat]
529 1581 727 1623 Bongarsius
751 1583 880 1626 quidem
904 1596 976 1615 cum
1001 1583 1183 1615 Basilcensi

233 1643 287 1674 dat
306 1644 491 1686 ableqabat,
520 1643 786 1674 Darmstattcnsis
811 1646 987 1688 abliglubat,
1014 1645 1184 1686 Ilugianus

233 1705 392 1747 aleqabat,
411 1703 682 1746 Guelferbytanus
704 1710 786 1737 teste
805 1706 917 1738 Cortio
936 1713 969 1738 et
982 1707 1182 1748 Bodlejanus

232 1764 352 1809 primus
377 1766 554 1808 obli'yr1bat5
592 1766 649 1797 scd
677 1767 838 1809 vulgatam
864 1768 981 1800 retinui
1002 1755 1182 1810 lectionem,

233 1828 391 1872 siquidem
412 1829 542 1860 verbum
567 1831 730 1877 obliquare
758 1843 888 1863 sensum
909 1833 1005 1864 hahet
1029 1833 1182 1873 variandi,

232 1889 287 1933 qui
305 1890 432 1921 omnino
452 1896 544 1934 aptus
568 1892 642 1923 huic
665 1892 737 1924 loco
760 1899 817 1924 cst.

306 1950 508 1997 discolarum]
535 1952 610 1984 Non
635 1954 734 1985 semel
751 1955 811 1987 liae
834 1955 983 1998 adjectivi
1000 1958 1101 1988 forma
1122 1956 1181 1988 nti·

230 2021 283 2047 tur
305 2022 416 2048 noster
438 2015 479 2059 (ξ.
502 2017 560 2048 71.
588 2017 675 2061 528)
702 2024 735 2049 et
756 2025 883 2064 praeter
905 2032 977 2052 enm
999 2019 1182 2065 Appulejus

233 2077 325 2109 etiam
351 2083 383 2108 et
404 2078 609 2110 Prudentius.

305 2147 440 2188 uterque
455 2141 579 2187 regum]
599 2141 730 2174 Omissa
750 2144 833 2187 apud
853 2143 1003 2177 Grotium
1016 2147 1096 2178 haec
1113 2158 1180 2178 ver—

233 2200 273 2233 ba
295 2214 311 2233 e
339 2204 500 2235 codicibus
523 2204 701 2236 Drcsdcnsi
723 2211 754 2236 ct
775 2205 925 2248 Hugiano
953 2208 1107 2252 supplevi.

307 2265 427 2297 coelum
445 2264 548 2311 omne]
570 2265 626 2298 Sic
643 2267 837 2311 transposita
854 2275 928 2301 sunt
942 2271 1038 2302 verba
1057 2270 1091 2302 in
1117 2270 1181 2302 Ba-

235 2326 375 2368 ssseemi,
391 2328 663 2370 Reichcnauensi‚
682 2330 869 2364 Britannico
881 2355 891 2374 9
916 2332 1182 2376 cantabrigiensi,

235 2396 267 2422 et
289 2391 439 2432 llugiano
464 2393 581 2425 codice.

309 2455 571 2502 cunctormnquc]
609 2457 746 2489 Codices
777 2459 1070 2501 Cantabrigiensis,
1111 2459 1182 2491 Bri-

235 2518 391 2559 tannicus,
415 2519 596 2560 Hugianus,
617 2520 785 2553 Leidensis
799 2522 962 2565 (Oudend.
979 2524 1019 2555 ad
1030 2522 1184 2568 Appulej.

236 2581 272 2612 T.
297 2582 320 2612 1.
349 2595 378 2626 p.
403 2584 482 2615 132.
516 2583 688 2615 Burmann.
715 2585 754 2616 ad
778 2585 944 2619 Claudian.
975 2599 1006 2630 p.
1026 2587 1186 2628 1048,·v.

1236 1208 1298 1251 71)
1323 1207 1442 1251 pariter
1467 1213 1563 1250 atque
1587 1207 1761 1238 anteriores
1787 1207 1943 1240 editiones
1967 1209 2086 1241 habent
2110 1221 2187 1241 cnun-

1235 1276 1443 1316 ciarumque3
1475 1269 1532 1300 scd
1552 1274 1694 1312 praestat
1712 1268 1868 1300 Grotiana
1887 1270 2004 1313 lectio,
2030 1270 2188 1315 siquidem

1234 1343 1300 1362 non
1323 1331 1362 1361 de
1387 1329 1498 1361 bestiis
1524 1329 1601 1360 solis
1622 1335 1733 1360 noster
1761 1330 1852 1373 loqui
1879 1331 2015 1362 videtur.

1310 1391 1460 1440 ideaque]
1486 1392 1604 1424 Nullus
1628 1393 1751 1433 dubito,
1777 1392 1855 1436 quin
1875 1393 1915 1425 ad
1935 1394 2084 1426 Platonis
2101 1395 2189 1427 ideas

1234 1462 1346 1489 noster
1372 1456 1569 1500 respexerit,
1609 1455 1721 1499 quales
1746 1456 1780 1488 in
1808 1457 1957 1489 Phaedro
1989 1458 2190 1502 potissimum

1235 1519 1278 1563 (p.
1299 1518 1372 1550 246
1394 1516 1520 1561 Steph.)
1549 1517 1719 1560 descripsit
1741 1517 1796 1548 ille
1824 1530 1891 1549 non
1913 1518 2113 1561 intelligendi
2139 1531 2188 1551 so-

1233 1583 1320 1622 lum,
1348 1581 1405 1612 scd
1432 1580 1527 1611 ctiam
1552 1580 1679 1612 dicendi
1709 1581 1914 1622 gravissimus
1938 1589 2050 1614 auctor
2071 1590 2103 1615 et
2125 1595 2189 1615 ma-

1234 1645 1332 1686 gister
1355 1643 1437 1688 (Cic.
1466 1649 1582 1675 orator.
1608 1643 1663 1686 5)3
1698 1644 1837 1675 colorem
1863 1650 1970 1677 tamen
1992 1647 2123 1679 (luxisse
2143 1646 2190 1678 vi*

1235 1706 1328 1738 detur
1352 1717 1369 1736 e
1395 1706 1501 1748 clypeo
1524 1704 1598 1742 illo,
1640 1716 1734 1748 quem
1759 1705 1922 1737 Homerus
1945 1708 2038 1739 finxit
2064 1720 2082 1739 a
2108 1707 2189 1740 Vul-

1235 1781 1317 1802 cano
1344 1769 1532 1799 fabricatum
1554 1768 1657 1811 (Iliad.
1678 1768 1811 1808 XVIII,
1836 1769 1912 1801 478
1936 1770 2048 1813 sequ.)-

1303 1833 1382 1876 pede
1406 1830 1466 1877 ire]
1499 1832 1608 1862 Locus
1644 1837 1864 1863 monstrosus:
1895 1834 1999 1865 faveat
2030 1833 2191 1866 Hercules

1232 1902 1447 1928 monstrorum
1468 1893 1690 1928 Ami-rancus.
1723 1895 1812 1937 Lege
1850 1896 1968 1940 »pedae
1989 1897 2192 1929 reformantis

1233 1958 1393 2002 speculem
1447 1956 1529 1988 Nam
1560 1968 1596 1988 re
1623 1957 1717 1988 ctiam
1751 1957 1785 1988 in
1815 1956 1891 1992 MS.
1924 1958 1997 1990 voci
2019 1958 2192 2002 formantis

1233 2022 1392 2053 adhaeret.
1419 2019 1544 2053 Sensus
1562 2020 1630 2053 hie:
1655 2020 1891 2061 »Relueebant,
1917 2021 2038 2066 inquit,
2059 2023 2093 2054 in
2119 2033 2190 2066 spe-

1233 2083 1304 2116 culo
1335 2081 1426 2126 quasi
1448 2081 1656 2123 vestigioriun
1681 2082 1733 2126 (id
1763 2082 1847 2113 enim
1870 2083 1952 2125 peda
1970 2088 2053 2114 teste
2077 2083 2191 2126 Festo)

1231 2158 1338 2179 veram
1360 2146 1494 2177 formam
1517 2145 1751 2178 referentium«
1782 2145 1880 2176 Forte
1905 2146 1984 2183 haee
2001 2145 2112 2178 eadem
2127 2157 2190 2178 vox

1232 2207 1386 2242 Petronio
1408 2205 1623 2247 restituenda,
1648 2206 1702 2238 ubi
1726 2205 1822 2246 vulgo
1849 2205 1983 2246 legitur:

1284 2289 1332 2294 -
1349 2268 1540 2312 ”manifesta
1558 2271 1652 2312 prius
1675 2269 1812 2312 vestiqt'a
1836 2268 1912 2300 lusit
1923 2291 1935 2307 ‚

1283 2334 1481 2380 Deceplique
1505 2333 1618 2375 pedes«

1231 2398 1264 2448 (f.
1290 2397 1420 2440 inquam
1453 2394 1574 2439 pedas).
1605 2394 1709 2427 Gno'r.
1731 2412 1778 2417 —
1813 2394 1885 2426 Hae
1911 2393 2094 2436 conjecture
2129 2391 2189 2424 fre-

1232 2465 1284 2491 tus
1314 2458 1456 2492 Goezius
1490 2457 1640 2489 Martiani
1670 2463 1793 2488 textum
1823 2456 2005 2488 foedissime
2039 2455 2189 2500 eorrupit.

1235 2522 1391 2567 Quamvis
1411 2520 1495 2551 enim
1512 2520 1604 2552 locus
1624 2520 1779 2552 obscurus
1804 2520 1856 2560 sit,
1878 2526 1984 2552 tamen
2010 2519 2038 2550 si
2056 2519 2096 2551 ad
2115 2529 2189 2550 con-

1231 2586 1374 2630 jecturas
1400 2583 1647 2627 confugiendum
1677 2588 1725 2616 est
1734 2606 1744 2625 ⁷
1770 2594 1835 2616 uon
1862 2581 2188 2621 solam-Gratianum,
