2310 2860
242 171 322 204 ΧΠ

245 276 495 330 scriptorem
521 273 771 314 contulisset.
817 272 909 314 Nec
932 273 1020 328 ipse
1044 269 1271 320 renuebat,
1303 281 1390 323 quo
1417 268 1557 309 minus
1577 268 1649 310 hic
1669 270 1753 310 illic
1777 268 1939 325 aliquid
1962 269 2198 312 reciderem

249 357 321 399 vel
354 355 699 411 praetermissum
730 354 999 409 supplerem,
1043 350 1328 403 meminique,
1376 363 1512 403 quum
1553 350 1781 390 novissime
1819 349 1872 390 ad
1909 364 1984 390 nos
2025 350 2198 399 viseret,

248 436 453 489 insignem
507 432 713 484 ejusmodi
765 433 1066 481 mutationem,
1132 443 1265 484 quam
1306 428 1350 468 in
1393 428 1623 483 specimine
1675 429 1931 484 typothetico
1982 429 2199 481 fecissem,

250 513 375 555 valde
414 513 491 567 ipsi
532 513 726 567 probari,
772 513 889 567 quod
932 522 1073 552 tamen
1120 522 1257 563 quum
1298 507 1433 548 donec
1472 508 1561 563 ipse
1601 509 1765 550 viveret
1793 510 1901 551 inter
1931 510 2200 566 corrigendas

250 603 413 634 tantum
447 592 636 647 plagulas
669 607 691 632 a
722 591 987 647 typographo
1021 589 1236 630 madentes
1265 588 1357 631 fieri
1387 600 1544 645 posset,
1582 591 1624 631 in
1656 590 1824 631 duobus
1848 592 2061 646 prioribus
2083 592 2200 633 libris

250 674 422 730 parcius
453 672 613 713 sactum
646 682 725 723 est,
756 687 897 726 neque
928 670 1032 711 adeo
1060 685 1166 724 opus
1199 671 1352 710 eratin
1382 669 1468 721 his,
1501 685 1609 724 quos
1638 670 1723 724 jam
1758 680 1851 711 ante
1882 672 2042 726 aliquot
2072 687 2202 714 annos

249 755 411 809 integro
440 754 565 794 etiam
592 753 740 793 mentis
772 752 917 807 vigore
948 751 1223 802 elaborasset,
1255 764 1535 804 quorumque
1565 750 1607 789 in
1640 760 1888 805 argumento
1913 753 2200 809 mythologico

252 843 292 874 et
321 832 566 887 astrologico
605 846 661 872 ex
699 831 834 872 multo
868 830 965 870 inde
1000 839 1192 885 tempore
1231 830 1468 871 accuratius
1500 839 1691 872 versatus
1726 840 1851 883 esset;
1896 832 2031 872 multo
2068 834 2201 888 magis

252 915 538 956 necessarium
579 922 667 954 erat
701 914 742 953 in
786 912 960 967 reliquis
1000 921 1183 966 septem,
1229 925 1336 965 quos
1371 924 1509 965 quum
1547 911 1635 966 ipse
1665 911 1760 951 ideo
1794 921 1957 952 tantum
1989 913 2202 968 prioribus

256 995 535 1050 adjunxisset,
579 1003 626 1034 ut
671 994 879 1048 integrum
926 992 1190 1033 Martianum
1237 991 1401 1042 ederet,
1452 1006 1539 1032 non
1585 991 1703 1046 quod
1750 1005 1901 1032 eorum
1946 993 2203 1047 argumentis

253 1077 443 1118 multum
467 1076 748 1117 delectaretur
771 1075 840 1116 vel
870 1074 1112 1114 liberalium
1146 1073 1302 1114 artium
1334 1072 1552 1113 historiam
1583 1072 1697 1127 apud
1729 1072 1924 1126 antiquos
1946 1072 2042 1113 data
2072 1087 2203 1128 opera

252 1158 531 1212 cognovisset,
580 1156 648 1197 vel
689 1170 783 1196 eam
822 1156 877 1196 ob
917 1169 1089 1195 causam
1129 1154 1265 1195 multo
1306 1154 1471 1194 minore
1511 1168 1613 1194 cura
1653 1162 1917 1194 tractaverat.
1984 1154 2084 1194 Non
2121 1153 2204 1195 hoc

251 1236 364 1288 dico,
412 1236 516 1277 nihil
554 1236 785 1277 industriae
823 1236 1042 1291 Koppium
1081 1236 1133 1276 ad
1174 1236 1250 1276 hos
1291 1250 1466 1290 quoque
1496 1234 1626 1275 libros
1659 1233 1928 1274 illustrandos
1959 1234 2205 1286 contulisse;

251 1330 380 1356 nemo
421 1330 491 1356 me
534 1316 688 1371 magis,
743 1316 818 1371 qui
867 1316 998 1371 ipsius
1042 1315 1218 1356 schedas
1267 1315 1495 1355 identidem
1541 1315 1738 1365 tractavi,
1789 1314 2082 1355 incredibilem
2122 1314 2205 1356 viri

251 1395 442 1436 laborem
489 1395 691 1436 admirari
732 1405 886 1451 potest,
939 1397 1014 1451 qui
1054 1397 1094 1437 in
1136 1406 1249 1437 tanto
1293 1397 1434 1437 aetatis
1473 1394 1661 1435 culmine
1698 1394 1980 1447 jejunissimos
2018 1404 2058 1436 et
2086 1394 2205 1450 frigi-

251 1476 443 1518 dissimos
485 1486 701 1526 auctores,
747 1491 944 1530 quosque
989 1486 1110 1517 antea
1150 1476 1225 1516 vix
1265 1475 1396 1515 fando
1436 1483 1594 1523 nosset,
1635 1474 1956 1526 grammaticos,
1999 1473 2205 1526 rhetores,

251 1556 458 1606 musicos,
497 1555 781 1596 arithmeticos
815 1556 1085 1606 lectitaverit,
1130 1555 1407 1610 excerpserit,
1446 1564 1485 1594 et
1525 1568 1622 1594 cum
1655 1555 1860 1609 scriptore
1900 1569 1977 1595 suo
2009 1555 2066 1597 ita
2101 1570 2205 1597 con.-

251 1636 407 1686 tulerit,
437 1644 486 1675 ut
508 1635 891 1690 spinosissimarum
918 1635 1237 1690 disciplinarum
1262 1635 1443 1675 rationes
1467 1643 1578 1674 recte
1597 1647 1696 1673 eum
1722 1634 1958 1689 percepisse
1982 1644 2183 1691 appareat
2192 1651 2205 1689 ;

251 1731 406 1757 verum
448 1716 553 1756 haec
592 1716 734 1756 omnia
774 1725 938 1756 enotata
979 1716 1118 1770 potius
1163 1729 1295 1768 quam
1335 1713 1492 1768 digesta
1530 1722 1649 1753 erant
1685 1713 1925 1768 limamque
1962 1724 2202 1757 extremam

252 1797 559 1848 desiderabant,
591 1811 677 1852 qua
701 1796 789 1838 sola
815 1797 858 1837 in
882 1806 994 1837 tanta
1021 1804 1371 1851 argumentorum
1399 1794 1587 1834 ariditate
1612 1793 1934 1848 elegantioribus
1959 1795 2206 1838 hominibus

256 1876 546 1918 commendari
582 1886 794 1932 poteraut;
849 1892 936 1932 qua
972 1876 1025 1917 de
1064 1891 1110 1917 re
1150 1875 1223 1916 etsi
1263 1876 1431 1930 saepius
1470 1874 1692 1929 Koppium
1729 1875 2011 1926 monuissem,
2060 1884 2205 1918 tamen

253 1967 466 2012 postremo
497 1955 632 1997 taedio
663 1957 723 1997 rei
759 1966 904 2011 captus
943 1956 1119 1997 schedas
1166 1970 1263 1996 suas
1308 1954 1456 2010 quales
1499 1962 1618 1995 erant
1656 1953 1774 2008 prelo
1808 1955 2073 1996 committere
2103 1970 2204 1998 con-

255 2039 454 2079 stituerat.
522 2037 794 2092 Quapropter
832 2037 914 2077 dici
952 2051 1037 2077 non
1081 2046 1236 2091 potest,
1288 2045 1449 2092 quanta
1487 2050 1558 2076 me
1599 2035 1817 2090 voluptate
1861 2035 2070 2087 affeceris,
2125 2037 2205 2079 Vir

255 2117 558 2168 Illustrissime,
590 2118 706 2172 quod
737 2133 881 2159 socero
906 2118 1005 2159 Tuo
1032 2118 1315 2158 funestissimo
1341 2130 1443 2157 casu
1471 2115 1592 2156 nobis
1618 2125 1784 2170 erepte,
1816 2130 1952 2169 quum
1975 2116 2031 2157 -ad
2053 2117 2206 2159 Tuum

257 2199 479 2240 arbitrium
511 2199 645 2238 omni-s
677 2198 808 2252 hujus
838 2199 991 2254 negotii
1021 2213 1112 2239 sors
1142 2198 1349 2247 rediisset,
1379 2210 1464 2236 non
1494 2195 1622 2236 modo
1648 2195 1699 2236 ad
1729 2194 1858 2236 finem
1892 2196 1998 2237 illud
2028 2198 2205 2253 perduci

255 2278 500 2335 permisisti,
533 2278 605 2318 sed
630 2279 754 2319 etiam
779 2279 886 2319 mihi
911 2293 1005 2320 eam
1030 2281 1198 2321 ven-iam
1224 2277 1392 2328 dedisti,
1423 2286 1471 2317 ut
1494 2276 1744 2317 immortalis
1769 2276 1849 2316 viri
1873 2287 2204 2320 monumentum

256 2361 298 2400 in
328 2373 422 2399 cam
454 2357 635 2397 formam
669 2357 926 2411 redigerem,
974 2372 1085 2412 quae
1117 2357 1221 2398 tanti
1251 2355 1431 2397 nominis
1462 2357 1676 2396 memoria
1712 2370 1799 2396 non
1831 2371 2004 2410 prorsus
2033 2357 2204 2413 indigna

258 2450 382 2491 esset,
437 2452 523 2493 quo
568 2437 675 2477 facto
716 2437 789 2477 etsi
833 2438 1021 2478 multum
1062 2437 1168 2478 mihi
1210 2436 1366 2477 laboris
1406 2450 1676 2477 accessurum
1718 2451 1806 2475 esse
1850 2436 2073 2488 videbam,
2114 2438 2205 2493 ipsa

256 2530 398 2561 tamen
428 2519 581 2574 pietaS,
632 2530 717 2570 qua
756 2515 944 2557 defuncti
983 2530 1129 2559 manes
1173 2516 1481 2573 prosequebar,
1527 2515 1611 2557 tale
1641 2515 1828 2557 officium
1859 2515 2091 2560 detrectare
2118 2532 2203 2559 non
