2310 2860
698 169 897 212 Martiani
936 168 1134 226 Capellae
1171 167 1244 211 lib.
1270 166 1303 209 I.
1343 167 1463 220 §.92

501 277 652 329 Qualis
682 278 732 319 sit
761 291 968 319 numerus
1000 275 1229 317 marmoris
1256 274 1503 333 haustibus,

499 359 554 401 Et
584 369 764 415 quantos
794 359 931 414 rapiat
960 358 1151 413 margine
1182 355 1397 407 cardines,

500 439 713 495 Quaeque
744 439 953 480 elementa
984 439 1082 494 liget
1111 438 1278 479 dissona
1311 437 1459 489 nexio,

498 522 667 577 Perque
697 522 814 563 hune
844 521 934 576 ipse
965 529 1084 576 pater
1114 517 1287 560 foedera
1317 517 1459 558 saucio
1485 542 1534 549 —

498 602 580 644 Sed
611 602 752 644 forsan
785 602 916 658 pietas
946 601 1034 643 sola
1061 609 1298 651 recenseat,

499 685 624 735 Quae
655 698 808 740 parens
841 682 1026 739 probitas
1059 697 1241 723 munera
1272 681 1469 738 pensitet3

502 765 590 816 Qui
620 765 780 808 Phoebi
812 764 1057 806 antevolans
1088 778 1214 820 saepe
1243 763 1457 819 jugalibus

495 845 546 887 Iu
576 855 734 888 sortem
766 845 918 887 famuli
948 861 1090 888 nonne
1120 844 1357 888 relabitur?

495 927 577 969 Hie
607 941 784 984 quoque
814 928 873 968 sic
903 927 1064 983 patruis
1093 926 1224 967 servit
1253 926 1512 976 honoribus,

495 1008 556 1049 Ut
585 1007 769 1049 dubium
801 1007 1027 1064 proprium
1060 1006 1156 1061 quis
1188 1021 1311 1062 mage
1343 1006 1537 1048 vindicet.

490 1088 624 1130 Illum
655 1089 871 1130 connubio
903 1088 980 1130 rite
1010 1087 1197 1142 jugarier

492 1169 683 1211 Suadent
713 1169 899 1211 emeritis
928 1168 1040 1210 secla
1070 1168 1314 1221 laboribus,

490 1251 546 1292 Et
575 1251 710 1292 robur
742 1251 934 1292 thalamo
966 1250 1125 1306 flagitat
1155 1250 1363 1292 additum.

169 1345 349 1392 mammis]
373 1346 424 1379 lta
442 1352 553 1379 noster
574 1359 669 1392 saepe
691 1347 732 1392 (ξ.
752 1349 837 1381 584.
855 1349 939 1381 659.
960 1347 1048 1391 908)

95 1421 153 1454 pro
183 1422 271 1442 »aare
302 1422 381 1442 voce
410 1423 550 1443 nnat-mor
583 1412 683 1442 utitur
713 1411 833 1454 pariter
863 1417 959 1455 atque
995 1411 1049 1442 alii

93 1477 207 1515 poetae
230 1472 329 1516 (conf.
354 1471 467 1505 Sedul.
496 1473 533 1512 1,
567 1472 638 1504 124
663 1471 772 1516 ibique
801 1484 819 1504 a
843 1472 919 1504 viris
945 1472 1049 1505 doctis

92 1534 226 1578 notata).

166 1596 346 1644 haustibus]
381 1598 491 1640 Fingit
524 1598 608 1630 enim
643 1610 731 1630 mare
762 1597 888 1630 haurire
924 1610 1048 1641 aquam.

90 1658 216 1693 Sensus
241 1671 313 1692 esse
340 1660 482 1692 videturz
511 1660 645 1703 »quibus
675 1659 802 1701 legibus
824 1659 875 1690 vel
906 1671 970 1702 qua
997 1670 1045 1690 ra-

90 1721 177 1754 tione
201 1722 280 1753 fiant
305 1722 411 1753 fluxus
435 1727 468 1753 et
494 1722 666 1753 refluxus.-

164 1791 195 1817 et
218 1783 367 1834 quantos]
394 1785 546 1817 Profecto
576 1784 744 1817 intellectu
769 1783 973 1816 difficillimus
996 1788 1047 1815 est

90 1846 141 1879 hie
163 1858 294 1888 versus,
323 1853 517 1892 quapropter
544 1858 655 1878 omnes
679 1846 774 1878 etiam
802 1846 854 1878 hic
878 1845 974 1876 silent
998 1845 1045 1877 in-

90 1914 256 1952 terpretes.
280 1908 442 1953 Equidem
463 1907 626 1950 intelligo:
655 1913 811 1950 »quantos
835 1907 925 1938 sinus
951 1906 1046 1939 faciat

89 1983 203 2002 maren
235 1971 274 2003 In
288 1970 554 2015 praecedentibus
571 1969 657 2001 enim
676 1969 871 2001 disseruerat
885 1969 925 2000 de
943 1980 1045 2012 aquae

88 2034 282 2080 quantitate,
318 2046 414 2079 quam
441 2034 546 2080 eapiat
572 2045 676 2066 mare:
697 2033 732 2065 in
759 2034 822 2065 hoc
853 2045 949 2065 versu
973 2033 1044 2075 ejus

87 2096 292 2141 persequitur
318 2095 515 2142 irruptiones
542 2096 577 2128 in
603 2101 730 2128 terram.
771 2095 928 2128 Cardines
959 2095 1044 2128 euim

88 2170 183 2203 saepe
203 2169 264 2204 pro
291 2158 383 2191 ostiis
408 2158 487 2202 poni
513 2170 607 2190 nemo
629 2158 775 2200 ignorat3
810 2163 843 2190 et
868 2158 909 2190 ad
931 2170 1043 2191 vocem

88 2224 264 2267 marqinaem
295 2222 474 2267 supplenda
504 2234 568 2255 vox
595 2227 646 2254 est
670 2228 844 2262 ten-amm,
865 2223 1042 2256 secundum

86 2286 168 2319 illud
195 2285 306 2320 Ovidii
328 2286 416 2332 (met.
442 2289 484 2328 l,
513 2286 572 2331 15)

139 2364 477 2378 ——————
483 2361 542 2382 nec
561 2350 694 2381 brachia
718 2349 813 2394 longo

136 2411 281 2454 Margine
308 2417 464 2445 terrarum
487 2419 679 2456 porrexerat
699 2414 922 2457 Amphitrites

159 2487 280 2522 perque
298 2474 396 2521 hunc]
427 2475 595 2519 Intelligo:
624 2482 676 2510 »et
701 2489 760 2522 per
786 2489 909 2522 quemm
952 2476 1038 2509 Mer-

88 2536 194 2568 curius
211 2536 296 2570 enim
314 2549 442 2582 praeco,
467 2538 519 2569 vel
537 2539 646 2582 potius
666 2539 794 2580 fetialis,
820 2535 957 2586 κῆρυξ,
975 2544 1035 2580 est,

86 2611 144 2643 per
164 2611 258 2648 quem
278 2599 407 2647 Jupiter
430 2601 561 2635 foedera
587 2603 690 2636 sancit
711 2603 902 2636 mortalium.

1172 1359 1292 1391 parens
1314 1345 1470 1392 probitas]
1498 1346 1665 1387 Probitas,
1694 1358 1776 1390 quae
1797 1353 1906 1391 paret,
1932 1347 2058 1391 poctice

1099 1420 1158 1453 pro
1180 1409 1301 1453 probo,
1328 1409 1384 1453 qui
1410 1409 1496 1442 dicto
1522 1409 1655 1441 audieus
1678 1415 1747 1449 est,
1773 1414 1810 1441 ut
1837 1421 1963 1454 semper
1991 1416 2059 1442 erat

1098 1470 1289 1503 Mercurius.

1170 1532 1301 1579 famuli]
1328 1533 1495 1576 Intellige=
1514 1533 1569 1578 qui
1584 1533 1729 1579 quamvis
1749 1532 1862 1567 Solem
1885 1534 2056 1580 aliquando

1098 1598 1284 1636 antecedat,
1322 1609 1448 1640 semper
1481 1603 1587 1628 tamen
1619 1597 1652 1628 in
1682 1603 1802 1630 sortem
1834 1598 1943 1630 famuli
1974 1599 2057 1630 redit

1097 1656 1139 1702 (ξ.
1153 1657 1227 1701 25).
1252 1656 1364 1701 Atque
1386 1657 1482 1689 simili
1501 1657 1624 1689 ratione
1644 1658 1739 1689 «Iovis
1756 1659 1931 1690 honoribus
1949 1659 2057 1701 servit,

1097 1733 1179 1767 quae
1201 1721 1268 1764 fida
1295 1720 1366 1762 ejus
1391 1721 1534 1752 recursio
1559 1726 1623 1760 est,
1656 1720 1696 1752 de
1727 1733 1790 1765 qna
1815 1733 1920 1766 supra.

1170 1779 1310 1828 patruis]
1345 1781 1402 1815 Sic
1430 1788 1517 1814 recte
1547 1781 1682 1815 Grotius
1711 1795 1770 1827 pro
1795 1786 1937 1827 patrius,
1969 1784 2056 1828 quod

1095 1845 1129 1877 in
1153 1845 1367 1877 anterioribus
1391 1849 1469 1876 erat.
1494 1843 1702 1886 Adjectivum
1721 1850 1782 1886 est,
1808 1851 1843 1877 ut
1874 1846 1959 1890 apud
1985 1846 2054 1878 llo-

1094 1907 1209 1939 ratium
1238 1905 1302 1953 (od.
1325 1908 1360 1939 5.
1386 1905 1445 1950 12>
1473 1912 1627 1950 »patruae
1654 1906 1788 1940 verbera
1812 1907 1978 1950 linguae«,
2006 1920 2053 1940 re-

1093 1972 1261 2005 ferendum
1293 1976 1399 2003 autem
1430 1970 1471 2002 ad
1495 1970 1687 2012 Plutonem,
1717 1971 1768 2004 cui
1800 1972 1920 2017 pariter
1958 1978 2053 2016 atque

1093 2036 1157 2081 ipsi
1179 2035 1257 2067 ‚Iovi
1278 2034 1460 2067 Mercurius
1482 2036 1590 2067 servit.

1166 2098 1304 2130 suadent
1328 2095 1483 2143 emeritis]
1509 2096 1559 2129 Ita
1582 2107 1642 2142 pro
1667 2095 1825 2129 Gratiano
1849 2097 2053 2129 „suadentem

1092 2160 1232 2192 meritis«
1249 2159 1368 2192 rectius
1386 2159 1514 2192 codices
1535 2159 1749 2191 Monacenses
1768 2158 1887 2203 (RD.)
1906 2165 1938 2191 et
1953 2160 2052 2191 Dres-

1093 2224 1211 2256 densis.
1251 2222 1383 2256 Corruit
1413 2223 1512 2265 igitur
1544 2228 1576 2254 ct
1604 2222 1745 2255 Vonckii
1782 2223 1827 2267 (in
1860 2235 1949 2267 spec.
1980 2223 2051 2257 crit.

1091 2299 1122 2331 p.
1145 2284 1208 2329 81)
1231 2284 1405 2326 correct-in,
1435 2296 1498 2329 qua
1519 2285 1691 2316 sudantem
1712 2284 1820 2327 legere
1839 2284 1944 2327 jubet.
1970 2284 2051 2318 Scu-

1093 2361 1148 2381 sus
1169 2354 1236 2381 est:
1258 2348 1423 2381 »Suadent
1440 2349 1548 2381 secula
1565 2348 1746 2394 (tempora),
1773 2354 1944 2394 postquam
1966 2358 2048 2379 eme-

1090 2412 1143 2444 riti
1166 2416 1240 2443 sunt
1262 2411 1390 2442 labores
1416 2410 1612 2455 (Mei·eurii)=
1643 2416 1724 2451 cet„

1165 2471 1317 2518 thalamo]
1348 2473 1517 2504 Thalamos
1542 2471 1699 2518 praebent
1722 2476 1786 2503 tam
1811 2469 1951 2515 quinque
1975 2469 2049 2504 libri

1087 2535 1197 2580 scripti
1221 2534 1399 2566 Leidenses
1424 2533 1588 2579 (Oudend.
1609 2534 1649 2566 ad
1673 2532 1826 2578 Appulej.
1849 2532 1874 2563 Ι.
1897 2545 1928 2576 p.
1948 2532 2048 2574 584),

1086 2610 1182 2646 qu‘am
1198 2599 1406 2641 Dresdensis,
1433 2597 1639 2635 Monacensis
1660 2596 1733 2640 (C),
1760 2594 2045 2637 cantabrigiensis,
