2310 2860
769 182 968 225 Martiani
1005 181 1204 238 Capellae
1242 182 1315 225 lib.
1338 181 1390 224 11.
1428 181 1581 235 §.193

2045 184 2134 229 241

173 288 443 333 adverterent
477 304 731 341 consonare,
782 289 1038 346 perfectione
1085 290 1300 332 absolutae
1341 289 1640 331 modulationis
1688 300 1780 347 post
1824 290 1991 334 labores
2037 307 2133 335 ma-

172 371 312 413 ximos
334 373 533 423 recreati,
563 372 794 427 paululum
821 373 1116 427 conquierunt.
1159 372 1255 427 Ipsa
1287 384 1464 425 quoquc
1485 370 1716 425 Philologia
1745 372 1891 414 lectica
1919 371 2130 427 desiliens,
2157 367 2249 412 200

173 467 313 510 quum
350 455 581 495 immensos
609 454 781 494 luminis
811 468 983 507 campos
1013 452 1324 506 aethereaeque
1355 451 1666 505 tranquillitatis
1704 467 1836 493 verna
1861 453 2133 508 conspiceret,

173 548 221 576 ac
244 548 359 575 nunc
384 544 444 576 tot
473 534 732 576 diversitates
763 543 954 575 cerneret
992 533 1241 588 formasque
1265 532 1551 584 decanorum,
1585 543 1686 574 tunc
1715 535 1921 590 octoginta
1946 545 2133 590 quatuor

171 614 345 670 liturgos
383 615 500 656 coelo
539 616 767 656 miraretur
808 623 962 655 astare:
997 615 1246 670 videretque
1280 623 1501 669 praetcrea
1539 614 1741 670 fulgentes
1781 616 2035 659 crebrorum
2074 617 2132 658 si-

170 695 325 737 derum
369 696 513 752 globos
557 706 598 737 et
635 695 894 736 circulorum
938 695 1096 736 alterna
1143 695 1370 751 illigatione
1404 704 1617 748 texturas3

173 776 382 817 ambitum
433 781 614 828 coercet,
659 776 857 817 ultimam
901 776 1129 831 sphaeram
1172 777 1290 817 miris
1329 776 1521 832 raptibus
1565 776 1799 826 incitatam,
1842 777 2050 832 polosque
2093 785 2133 817 et

171 873 298 900 axem
330 874 383 899 ex
422 859 525 899 coeli
559 858 802 899 summitate
842 857 1059 899 vibratum
1102 857 1362 916 profundant
1399 867 1659 899 transmeare
1693 867 1874 908 terram,
1916 867 2044 912 atque
2075 856 2130 898 ab

169 941 260 996 ipso
295 949 426 981 totam
459 940 563 980 coeli
594 940 754 981 molem
786 939 1120 994 machinamque
1144 940 1357 993 torqueri3
1397 941 1500 980 tanti
1535 940 1671 995 operis
1693 949 1923 994 tantaeque
1956 939 2129 981 rationis
2158 941 2248 984 202

170 1028 337 1075 patrem
371 1018 592 1074 deumque
626 1034 804 1059 noscens
853 1020 905 1059 ab
940 1019 1030 1074 ipsa
1066 1019 1190 1059 ctiam
1241 1019 1423 1060 deorum
1458 1020 1602 1060 notitia
1634 1019 1871 1071 secessisse,
1917 1019 2124 1074 quoniam

171 1099 536 1141 extramundauas
585 1099 825 1140 latitudines
871 1113 973 1139 eum
1006 1099 1330 1145 transscendisse
1369 1110 1644 1157 cognoverat,
1696 1100 1891 1157 empyrio
1935 1098 2128 1155 quodam

170 1233 384 1276 (abrigiensis,
403 1234 585 1276 Bongarsii‚
604 1234 701 1276 igitur
721 1234 860 1279 plurimi.
887 1236 1010 1268 Tamen
1030 1235 1125 1267 etiam

171 1298 296 1343 defessa
318 1298 446 1330 defendi
465 1310 523 1342 per
544 1299 734 1342 hypallagen
755 1305 872 1342 potest.

243 1359 408 1405 desiliens]
425 1361 499 1392 Iloc
517 1374 534 1393 e
552 1361 714 1393 codicibus
734 1361 907 1402 Gmtiano,
931 1362 1124 1402 Basileeusi,

169 1423 438 1465 Darmstattensi,
467 1424 670 1464 Britannico,
696 1424 890 1466 Bodlejano,
916 1430 948 1456 ct
976 1425 1124 1457 Guelfer-

170 1487 289 1530 bytano
321 1485 472 1517 substitui
492 1498 550 1530 pro
573 1486 752 1525 dissiliens,
789 1486 878 1529 quod
900 1486 982 1518 male
1008 1498 1043 1518 se
1069 1488 1122 1518 ha-

169 1547 225 1580 bet
251 1548 285 1579 in
310 1547 412 1579 editis.

242 1606 433 1653 immensos]
464 1607 680 1650 Philologiam
706 1614 863 1640 astrorum
888 1608 1123 1640 multitudinem

168 1673 375 1705 admirantem
400 1673 514 1704 codem
531 1673 597 1704 sere
622 1672 718 1704 modo
739 1678 849 1704 noster
874 1672 1033 1715 depinxit,
1058 1684 1122 1715 quo

167 1737 319 1774 Lucanus
340 1737 380 1769 de
400 1736 559 1781 Pompejo
583 1736 656 1768 divo
684 1737 768 1768 facto
791 1737 844 1781 (9,
871 1736 930 1779 11)
952 1737 1124 1768 cecinerat:

218 1817 266 1824 --
282 1817 330 1824 --
352 1800 442 1831 »Illic
461 1805 632 1845 postquam
657 1810 692 1830 se
715 1799 834 1830 lmnine
857 1810 934 1830 vero

218 1863 386 1906 Implevit,
414 1864 585 1910 stellasque
604 1874 705 1906 vaqas
729 1864 865 1894 miratus
893 1868 924 1893 et
944 1867 1036 1893 astra

215 1926 301 1958 Fixa
321 1927 402 1969 polis
420 1927 522 1965 vidit,
557 1932 680 1973 quanta
703 1927 761 1957 sub
784 1931 875 1958 nnete
888 1926 1013 1969 jaceret

218 1990 341 2022 Nostra
366 1991 442 2022 dies.
450 2004 462 2018 «ε
485 2009 533 2015 —-
552 2007 601 2012 --

241 2051 455 2098 decanorum]
483 2053 568 2085 Vide
594 2064 674 2096 quac
702 2051 741 2083 de
763 2052 803 2083 iis
827 2063 1001 2095 eorumque
1023 2049 1123 2083 nomi-

166 2116 262 2149 nibus
285 2116 494 2161 Aegyptiacis
528 2116 561 2147 in
593 2115 837 2159 palaeographia
857 2115 966 2147 critica
989 2116 1040 2159 (T.
1062 2114 1122 2147 111.

168 2179 196 2224 ξ.
215 2181 302 2215 520.
334 2181 420 2213 528.
455 2181 539 2213 550.
564 2179 652 2223 552)
682 2179 860 2224 disputavi3
897 2179 1014 2223 quibus
1040 2179 1122 2210 adde

168 2241 352 2275 Hermetem
379 2243 446 2287 (ap.
468 2241 561 2274 Stob.
585 2241 620 2273 in
647 2240 747 2283 eclog.
778 2242 815 2282 1,
842 2240 907 2282 22,
933 2242 966 2273 9.
997 2253 1028 2285 p.
1046 2241 1121 2273 469

168 2303 290 2349 licen).

245 2367 391 2413 liturqos]
423 2364 697 2414 Λειτουργούς.
740 2368 879 2402 Ministri
904 2374 978 2399 sunt
1003 2367 1123 2412 publici

171 2430 297 2463 Graeco
322 2432 489 2465 vocabulo.
510 2432 615 2464 Gnor.
635 2451 683 2458 ·—
709 2433 810 2465 Plura
837 2432 925 2464 dabit
944 2431 1122 2464 Salmasius

170 2493 223 2539 (de
247 2506 318 2525 ann.
345 2494 478 2526 climaet.
507 2507 538 2538 p.
561 2495 643 2529 522.
668 2496 765 2540 ¹786).
811 2495 964 2528 Absurda
998 2496 1025 2527 si
1060 2508 1122 2539 qna

171 2556 232 2587 alia
247 2556 287 2587 ad
302 2557 386 2587 bunc
400 2555 549 2587 Martiani
568 2555 675 2588 locum
693 2557 726 2589 in
743 2558 851 2590 codiee
866 2557 1054 2591 Monacensi
1067 2556 1122 2601 (E)

172 2618 288 2662 legitur
307 2617 429 2662 glossa:
451 2617 562 2662 »qnasi
584 2617 713 2660 letargi,
746 2619 944 2652 resolutores
962 2619 1115 2652 laborisl«

1252 1239 1353 1280 ipsam
1378 1234 1472 1282 vero]
1506 1235 1670 1267 Describit
1697 1239 1773 1279 post
1794 1232 1904 1266 coelos
1929 1233 2130 1277 planetarum

1177 1304 1208 1330 ct
1233 1295 1444 1333 ἀπλανέων
1462 1304 1619 1330 astrorum
1636 1297 1771 1342 primum
1788 1296 1906 1328 mobile
1931 1307 2002 1327 cum
2027 1294 2131 1339 primo

1171 1368 1304 1394 motorc.
1319 1363 1423 1395 Gno'r.
1442 1380 1490 1386 —
1517 1363 1642 1407 Supplc
1659 1375 1700 1394 ex
1722 1360 1983 1394 antecedentibus
2012 1370 2132 1406 »quum

1175 1425 1316 1455 videret«
1355 1430 1387 1455 et
1419 1425 1502 1456 refer
1536 1426 1698 1455 vibratum
1724 1423 1764 1455 ad
1789 1435 1900 1464 axem,
1933 1422 1974 1454 ad
1997 1432 2133 1466 eumque

1175 1486 1286 1526 etiam,
1313 1485 1398 1529 quod
1421 1485 1582 1528 sequitur,
1611 1486 1651 1516 ab
1671 1487 1746 1528 ipso.

1249 1548 1395 1594 noscens]
1425 1549 1559 1581 Grotius
1583 1561 1641 1593 pro
1666 1561 1723 1589 eo,
1753 1548 1840 1593 quod
1870 1547 1904 1579 in
1928 1546 2018 1578 libris
2042 1546 2130 1588 lege»

1174 1611 1285 1651 batur,
1312 1624 1378 1642 non
1396 1613 1501 1643 sciens
1521 1611 1634 1654 reponi
1655 1610 1756 1642 voluit
1777 1622 1845 1641 non
1866 1611 2025 1648 nesciens,
2049 1619 2130 1651 quae

1173 1679 1280 1704 tamen
1299 1672 1479 1704 emendatio
1499 1672 1680 1704 necessaria
1697 1683 1764 1703 non
1781 1676 1840 1712 est,
1861 1676 2033 1716 postquam
2051 1670 2130 1701 Cor-

1173 1735 1238 1766 tius
1261 1735 1294 1766 in
1322 1734 1576 1778 Guelferbytano
1599 1733 1677 1776 legit
1699 1744 1844 1765 noscens.

1244 1797 1424 1844 secessisse]
1451 1797 1651 1831 Vossianus:
1678 1809 1732 1829 »se
1754 1796 1929 1836 cessisse«,
1952 1806 2019 1827 non
2038 1792 2130 1825 male.

1170 1861 1348 1904 Vulgatum
1378 1868 1485 1894 tamen
1520 1864 1688 1894 secessisse
1720 1861 1803 1893 tueri
1835 1865 1948 1905 posset
1977 1860 2130 1902 frequens

1170 1926 1370 1970 pronominis
1391 1938 1426 1958 se
1448 1926 1586 1970 ellipsis,
1618 1926 1709 1968 cujus
1734 1925 1881 1968 exempla
1907 1923 1980 1955 dedi
2005 1922 2044 1953 ad
2070 1921 2129 1954 Se-

1175 1987 1240 2018 dul.
1262 1988 1303 2028 4,
1332 1989 1390 2019 80.
1405 1987 1528 2026 Anam.
1542 1987 1646 2032 (misc.
1674 1999 1707 2031 p.
1728 1986 1824 2031 214).
1840 2006 1886 2010 —
1912 1986 1982 2017 Cur
2005 1983 2128 2016 deside-

1172 2057 1223 2084 ret
1245 2050 1293 2082 vir
1313 2050 1426 2084 doctus
1454 2063 1632 2096 pronomen
1651 2063 1702 2092 se,
1726 2061 1858 2094 prorsus
1881 2049 2005 2090 ignoro.
2032 2047 2128 2079 Certe

1173 2115 1349 2148 Martianus
1373 2116 1450 2147 nihil
1477 2116 1563 2147 aliud
1585 2127 1681 2159 quam
1704 2112 1990 2146 Neo-Platonicam
2013 2109 2128 2142 doctri-

1173 2189 1246 2208 nam
1271 2188 1432 2221 exponere
1458 2177 1580 2217 voluit,
1604 2188 1666 2221 qua
1690 2181 1784 2219 paler
1808 2175 1860 2206 ille
1885 2175 2014 2217 ignotus
2043 2182 2126 2202 sum-

1172 2252 1244 2272 mus
1262 2240 1341 2272 dens
1365 2246 1414 2272 cst
1445 2240 1618 2285 (palaeogr.
1652 2240 1722 2273 crit.
1752 2239 1811 2271 111.
1840 2235 1996 2282 §.12G)‚
2032 2244 2126 2278 quem

1173 2302 1253 2334 adeo
1287 2302 1430 2344 ignotum
1458 2313 1532 2334 esse
1558 2301 1653 2342 dicit,
1687 2307 1724 2332 ut
1747 2301 1786 2332 ab
1816 2300 1886 2343 ipsa
1910 2299 2040 2331 deorum
2067 2305 2126 2326 no·

1172 2366 1241 2398 titia
1257 2368 1441 2406 secesserit3
1467 2366 1547 2398 adeo
1564 2371 1599 2397 ut
1617 2365 1660 2397 dii
1681 2365 1744 2409 ipsi
1765 2376 1837 2396 eum
1857 2374 1923 2395 non
1946 2361 2126 2392 noscerent-

1174 2428 1330 2460 conferre
1351 2428 1427 2460 nect
1450 2428 1667 2460 samua-imm
1688 2428 1740 2471 (ae
1768 2430 1859 2469 myst.
1878 2424 1913 2463 8,
1937 2422 1970 2452 2·
1995 2431 2025 2464 Ρ·
2051 2417 2122 2451 ¹5⁸

1173 2491 1268 2536 Cat).

1248 2550 1454 2600 latitizclines]
1489 2554 1624 2588 Grotius
1651 2553 1778 2598 quidem
1807 2545 2019 2581 beatitudines
2028 2558 2042 2586 ,-
2067 2543 2124 2592 sed

1172 2617 1317 2661 Ilugiani
1340 2618 1460 2652 codicis
1484 2618 1655 2652 lectionem
1676 2626 1714 2646 eo
1738 2611 1888 2645 libentius
1913 2608 2036 2655 recepi,
2059 2619 2124 2654 qno

1679 2675 1729 2708 :51

1677 696 1811 752 ipsam
1844 712 1971 749 vero,
2018 711 2132 752 quae
2162 699 2249 741 201
