2310 2860
260 221 290 261 6
868 218 1067 281 Martiani
1108 217 1307 274 Capellae
1345 217 1417 260 lib.
1440 217 1471 260 I.
1510 220 1540 270 ᾗ.
1567 220 1602 260 1.

658 327 742 367 Seu
773 327 1083 381 consanguineo
1109 325 1257 367 Gratia
1286 324 1395 366 trina
1425 323 1561 366 dedit:

542 407 819 449 Couuubium
849 408 1002 450 divum
1034 419 1292 461 componens
1325 403 1542 461 Calliopea

335 515 520 562 verniferis]
548 515 587 548 In
596 517 681 548 Msto
693 517 775 548 libro
797 517 915 549 offendi
928 517 1096 560 vemzifieis.
1113 513 1212 557 Quod

262 592 338 612 sanc
358 592 467 610 verum
490 584 547 610 est.
599 578 682 610 Nam
714 591 811 610 verna
832 580 936 611 facere
958 579 1039 611 ostia
1065 578 1213 609 videntur

262 643 395 675 additae.
426 642 459 674 Is
476 653 546 673 mos
566 641 674 672 multis
693 654 711 673 a
725 642 818 673 nobis
836 648 869 673 et
891 642 960 673 aliis
981 641 1056 673 alibi
1077 640 1211 672 traditus

261 712 320 738 cst.
337 707 452 737 ΒΛιιτιι
469 703 512 751 (p.
527 703 623 751 961).
635 724 685 730 —
707 705 782 737 Non
791 706 963 747 Bongarsii
985 711 1124 744 tantum,
1155 704 1212 735 scd

260 768 371 800 vossii
394 767 489 798 ctiam
501 767 611 804 ‚codex
627 766 795 810 (Arntzen.
813 767 901 799 misc.
919 780 948 811 p.
969 765 1053 812 197)
1065 790 1074 806 ,
1099 767 1211 798 Barm-

261 829 424 861 stattcnsis
439 834 470 860 et
488 835 554 860 tres
569 841 586 860 e
600 829 850 861 Monacensihus
868 827 919 874 (C.
930 829 970 860 D.
980 826 1033 874 E)
1053 829 1213 871 ver-nifieis

261 892 389 936 quidem
407 892 542 930 habent,
582 891 638 922 sed
663 891 695 922 iu
723 890 792 921 aliis
818 891 946 932 vulgata
975 890 1070 923 lectio
1096 896 1211 931 exstat,

260 966 354 998 quam
378 953 513 992 retinui,
541 953 698 995 siquidem
722 952 882 984 Graccum
904 948 1145 999 ἑαροτρεφής
1175 965 1213 984 ca

260 1017 457 1061 exprimitur,
483 1022 514 1047 ct
537 1022 646 1047 noster
662 1016 723 1047 alio
745 1016 817 1048 loco
840 1015 882 1062 (ξ.
899 1015 984 1062 570)
1003 1017 1097 1048 simili
1113 1018 1213 1058 ligura

266 1081 483 1112 ..wrnicomac
515 1080 635 1111 olixne«
667 1080 772 1111 utitur.
824 1081 994 1113 Yernifera
1022 1081 1213 1122 adjectivum

260 1149 328 1180 cst,
371 1142 489 1186 pariter
515 1148 610 1185 atque
639 1147 742 1179 serta,
779 1148 811 1173 et
831 1143 1066 1173 substantivum
1094 1155 1211 1174 corona

259 1216 317 1248 per
336 1203 464 1247 ellipsin
491 1203 652 1234 omissum.

334 1266 460 1312 limina]
494 1267 619 1297 Limina
647 1266 773 1310 sponsi,
812 1266 928 1310 quibus
956 1279 1040 1298 nova
1067 1267 1211 1308 ingrede-

259 1337 347 1362 retur
371 1336 485 1374 nupta.
510 1330 604 1361 sertis
625 1330 730 1361 ornari
753 1330 847 1360 solita
870 1330 988 1369 fuisse,
1015 1336 1114 1361 testes
1139 1336 1213 1361 sunt

260 1393 409 1424 Catullus
438 1393 497 1438 (64
522 1391 617 1435 cpitln.
632 1391 724 1422 Pelei
740 1397 771 1422 ct
789 1392 881 1422 Thr-1.
903 1390 989 1436 ⁶284)
1022 1392 1061 1423 de
1081 1392 1212 1424 floribus

261 1468 396 1487 (ῚΙῘΙΡΠΡΗ

314 1517 403 1548 »llos
426 1516 620 1546 indistinctis
648 1515 760 1558 plexos
786 1515 860 1546 tulit
885 1516 952 1557 ipse
977 1516 1101 1546 corollis

311 1581 410 1623 (lucis
434 1580 596 1622 permulsa
620 1578 732 1609 domus
753 1578 900 1621 jucundo
921 1579 993 1609 risit
1021 1579 1142 1609 odorem

261 1648 355 1685 atque
393 1640 582 1679 Hierocles,
628 1638 682 1681 qui
718 1637 786 1684 (ap.
815 1638 993 1670 Stobacum
1025 1651 1117 1670 serm.
1155 1640 1213 1670 65.

260 1718 290 1749 p.
309 1705 382 1737 414
406 1702 518 1747 Gcsu.)
555 1698 716 1748 υθύριιις
735 1700 1074 1745 κατεστεμμέναιςα
1105 1701 1214 1733 scribit

268 1764 480 1812 »τύραννον
499 1761 584 1797 ἀντὶ
601 1759 788 1808 γυναικὸς
814 1760 1117 1808 ἑπειςάγουόινη(
1164 1764 1214 1795 De

263 1828 418 1869 ungendis
439 1826 586 1871 postibus
609 1825 682 1856 vide
707 1830 851 1855 nostrum
870 1825 950 1855 iufra
970 1824 1015 1869 (ἓ.
1033 1823 1129 1870 149).

336 1887 587 1934 consanqninco]
613 1888 854 1929 Consauguinei
874 1894 949 1920 sunt
973 1884 1213 1933 ὁμοπάτριοι,

264 1963 298 1987 ut
320 1955 468 1988 Charites
492 1959 524 1985 et
551 1953 777 1996 Hymenaeum
816 1952 981 1996 utriusque
1010 1952 1095 1983 enim
1126 1957 1218 1995 pater

265 2020 420 2051 Bacchus.
454 2017 522 2049 Alii
539 2022 646 2048 tamen
668 2015 788 2047 Gratiis
815 2021 938 2059 patrem
956 2016 1142 2047 adscrilnmt
1158 2015 1216 2046 Jo-

264 2095 343 2114 wem.
366 2083 416 2114 Dc
434 2087 531 2113 matre
550 2081 645 2112 etiam
662 2080 830 2121 discordia,
850 2080 920 2111 aliis
935 2079 1121 2120 Autonoen,
1147 2079 1217 2110 aliis

265 2144 519 2187 Eurymedusam
539 2142 736 2174 vocantibus,
754 2141 858 2174 Gno‘r.
880 2160 924 2166 —-
948 2142 1218 2184 Consanguineus

266 2207 395 2237 fratrem
419 2211 507 2236 notat
528 2217 568 2235 cx
588 2204 688 2235 altero
713 2209 880 2248 parentum
900 2204 980 2235 solo.
1015 2204 1099 2237 Vide
1118 2203 1218 2235 Ania-

267 2282 353 2310 uum,
376 2268 497 2300 Alarici
520 2267 747 2308 consiliarium,
774 2267 814 2299 ad
832 2268 1006 2299 sententias
1022 2268 1133 2308 Pauli,
1154 2268 1220 2300 Cu-

263 2331 383 2373 jacium
406 2330 529 2360 observ.
554 2329 637 2359 libro
662 2330 717 2360 11.
742 2341 810 2373 cap.
828 2330 886 2361 26.
929 2330 1054 2361 BAnTu.
1083 2328 1220 2375 (advers.

268 2406 298 2437 p.
316 2390 413 2437 961).
440 2409 484 2414 ——-
514 2389 591 2421 Alio
623 2390 717 2421 ctiam
745 2391 840 2421 modo
860 2391 1068 2434 Ilpucnaeus
1095 2391 1219 2423 Gratia-

270 2467 339 2485 rum
352 2451 609 2493 consanguincus
627 2451 688 2482 dici
703 2457 836 2495 poterat.
863 2452 896 2483 Is
915 2453 998 2484 enim
1020 2466 1117 2497 quum
1139 2454 1221 2485 Bac-

271 2518 320 2549 chi
344 2517 427 2548 filius
451 2520 555 2554 essct,
581 2515 792 2558 Bacchusque
816 2515 935 2558 pariter
961 2522 1055 2559 atque
1086 2517 1216 2549 Gratiae

271 2587 393 2625 patrem
410 2580 563 2611 haberent
576 2579 692 2610 Jovcm
710 2578 856 2625 (Cornut.
879 2579 918 2611 N.
947 2580 986 2611 D.
1012 2582 1065 2611 15.
1092 2594 1123 2625 p.
1137 2582 1217 2612 161.

274 2642 345 2674 Gal.
387 2640 562 2682 Theognid.
589 2646 723 2672 sentent.
749 2639 826 2686 15),
865 2642 976 2673 harum
1005 2642 1059 2682 illc
1087 2654 1220 2675 consan-

1264 513 1400 555 guineus
1418 513 1548 546 omnino
1576 520 1652 545 erat.
1696 513 1822 547 Sufficit
1852 516 1936 548 enim
1963 515 2117 558 sanguine
2136 527 2210 548 con-

1263 587 1365 607 nexos
1388 587 1480 616 esse,
1519 581 1554 607 ut
1575 576 1631 607 illo
1659 576 1786 608 nomine
1806 577 1950 620 insigniri
1973 578 2100 622 possint
2129 575 2208 623 (1.1

1263 638 1291 684 §.
1321 640 1441 684 penult.
1463 640 1502 672 de
1524 640 1590 671 suis
1610 646 1642 671 et
1660 629 1750 682 legit.
1772 641 1905 685 hered.).
1944 642 2072 674 Baccho
2086 642 2214 686 placere

1263 705 1395 735 choreas
1410 704 1583 749 Euripides
1605 704 1689 737 canit
1705 704 1789 749 apud
1803 704 1995 737 Strabonem
2013 704 2084 750 (10.
2097 718 2127 749 p.
2139 704 2214 737 470

1264 765 1428 813 Casaub.).

1340 830 1456 862 Gratia
1481 829 1581 876 trina]
1608 830 1681 862 Hoc
1704 835 1754 861 est
1783 832 1866 862 atr-ia
1887 830 2056 870 concessit,
2080 830 2223 869 vultums

1264 903 1374 922 vocem
1401 898 1433 923 et
1450 898 1583 933 gestum.
1591 907 1602 920 u
1651 892 1761 924 Gloss.
1779 904 1828 936 ap.
1845 892 1991 924 Vrbem.
2009 912 2057 917 ——
2072 892 2215 924 Gratiam

1264 954 1378 985 trinam
1394 954 1473 984 dixit
1486 959 1520 984 ut
1534 954 1615 985 infra
1623 953 1734 985 1⁴.le
1751 954 1880 987 »Suada
1895 955 2012 986 decens
2026 954 2109 986 trina
2122 953 2215 986 anxia

1264 1028 1336 1047 cum
1362 1016 1494 1047 Charite
1517 1022 1594 1047 est«
1628 1015 1718 1059 Quid
1741 1028 1806 1048 non
1824 1015 1986 1058 ungamini
2003 1015 2215 1058 glossatoresl

1265 1077 1369 1109 Gnor.
1386 1096 1433 1102 —
1447 1072 1642 1121 Neutiiluam
1671 1077 1716 1109 sic
1742 1077 1859 1119 legitur
1880 1078 1961 1109 infra
1978 1076 2019 1124 (§.
2036 1074 2137 1122 888),
2162 1076 2218 1109 uhi

1264 1139 1399 1171 Grotius
1423 1151 1536 1171 versus
1561 1139 1721 1178 confudit,
1749 1139 1907 1182 siquidem
1937 1140 2051 1171 »Flora
2073 1140 2210 1172 decens·

1263 1201 1400 1245 primum
1420 1201 1553 1242 legitur,
1584 1206 1615 1232 ct
1638 1200 1753 1232 deinde
1783 1201 1870 1233 »Nec
1890 1201 2017 1234 Suada«
2043 1206 2102 1232 cet.
2137 1201 2216 1232 Pcr-

1264 1275 1374 1307 peram
1390 1274 1518 1306 quoque
1543 1262 1645 1294 critici
1661 1261 1723 1308 (ap.
1737 1261 1943 1304 Fulgentiimi
1956 1275 1987 1308 p.
2005 1264 2050 1295 ’15
2072 1259 2215 1306 Munck.)

1265 1330 1372 1356 ternas
1394 1324 1552 1366 viragines
1575 1324 1609 1356 in
1631 1330 1680 1356 ter
1702 1330 1812 1356 ternas
1835 1325 1985 1355 mutaturi
2005 1329 2105 1363 erant,
2131 1323 2218 1367 quod

1264 1389 1407 1433 profecto
1435 1400 1500 1418 non
1522 1387 1688 1426 fecissent,
1723 1387 1751 1417 si
1773 1387 1893 1418 fontem
1920 1386 2164 1428 cognovissent,
2200 1397 2219 1417 e

1265 1464 1329 1494 quo
1355 1451 1545 1491 Fulgentius
1573 1452 1731 1481 hauserat.
1784 1450 1977 1484 Mattianum
2002 1450 2088 1482 enim
2116 1449 2216 1481 imita-

1266 1520 1356 1545 turus
1378 1519 1464 1552 erat,
1494 1513 1526 1543 id
1551 1513 1637 1556 quod
1661 1512 1750 1543 nullo
1777 1513 1906 1553 negotio
1929 1513 2133 1556 perspicient,
2164 1513 2219 1556 qui

1265 1582 1434 1618 utrumque
1448 1575 1556 1606 locum
1570 1574 1831 1618 comparaverint.
1852 1574 1920 1607 Sed
1934 1581 2044 1607 noster
2059 1576 2127 1619 ipse
2145 1582 2218 1607 ante

1265 1637 1378 1669 oculos
1408 1636 1557 1667 habuisse
1587 1635 1713 1667 videtur
1740 1636 1909 1668 Claudiani
1937 1637 2017 1669 illud
2053 1636 2107 1683 (in
2132 1637 2218 1669 laud.

1266 1701 1338 1735 Ser.
1359 1700 1438 1745 88):

1323 1765 1513 1806 »Ternaquc
1539 1769 1569 1794 te
1587 1764 1684 1794 nullis
1706 1765 1873 1796 innectens
1896 1765 2012 1796 Gratia
2035 1765 2212 1796 membris·

1266 1828 1423 1861 Similiter
1444 1826 1599 1859 Sidonius
1626 1826 1732 1871 (carm.
1759 1829 1815 1868 11,
1844 1829 1924 1860 115.
1949 1841 1980 1872 p.
1996 1830 2070 1860 567
2089 1826 2218 1872 Sim1.)=

1323 1893 1408 1924 ..Hie
1430 1891 1547 1934 triplex
1569 1903 1634 1922 uno
1654 1893 1825 1923 comitatur
1848 1892 1965 1924 Gratia
1985 1904 2110 1923 nexunt

1268 1966 1326 2000 pro
1358 1965 1421 2000 quo
1447 1953 1566 1984 nodum
1590 1952 1699 1996 posuit
1719 1953 1874 1984 Horatius
1903 1952 1968 1999 (od.
1982 1955 2018 1994 5,
2042 1954 2102 1994 21,
2122 1951 2196 1998 22).

1344 2012 1551 2059 connubium]
1578 2014 1705 2057 Ubique
1725 2014 1758 2047 in
1782 2015 1861 2046 Mss.
1879 2027 1937 2059 per
1953 2015 1983 2047 N
2002 2014 2138 2058 simplex
2166 2025 2220 2045 cx-

1269 2079 1423 2125 primitur.
1465 2078 1566 2110 Gol-:z-
1582 2095 1626 2102 —
1645 2077 1733 2109 Cave
1757 2078 1877 2110 credas.
1914 2078 2035 2111 Malum
2056 2076 2153 2118 igitur
2175 2072 2225 2108 sass

1270 2148 1374 2181 ctum,
1407 2140 1493 2183 quod
1516 2139 1659 2171 Goezius
1677 2139 1789 2171 salsam
1804 2140 1837 2171 in
1853 2139 2042 2183 quibusdam
2056 2137 2221 2170 codicibus

1269 2201 1431 2235 scribendi
1449 2201 1604 2232 rationem
1625 2200 1658 2232 in
1675 2206 1859 2232 contextum
1874 2200 2005 2244 recepit,
2031 2199 2128 2243 idque
2142 2211 2220 2232 con-

1271 2272 1319 2298 tra
1345 2277 1561 2303 communem,
1600 2276 1694 2307 quam
1718 2264 1897 2307 sequimur,
1926 2263 2106 2295 lectionem.

1347 2327 1521 2372 Calliopea]
1551 2328 1715 2359 Musarum
1741 2328 1818 2358 haee
1845 2327 1993 2370 princeps
2018 2332 2085 2365 est,
2127 2336 2222 2370 quam

1271 2391 1436 2423 Hesiodus
1457 2388 1575 2435 (theog.
1604 2386 1663 2433 79)
1679 2384 2000 2434 προφερεστάτην
2023 2384 2220 2437 ἁπασέων,

1271 2456 1367 2486 Plato
1384 2453 1533 2499 (ruat-dn
1556 2452 1672 2496 pesa
1687 2448 1812 2495 steph.)
1829 2446 2111 2497 πρεσβυτάτην,
2141 2450 2222 2481 anus

1267 2514 1447 2552 Άῖουῦὦν
1463 2511 1751 2559 προματαγὲτω]
1769 2510 1882 2558 (Mem.
1903 2513 1942 2543 de
1962 2512 2071 2544 l'acad.
2088 2511 2151 2543 >des
2176 2511 2222 2542 in·

1271 2591 1330 2613 ser.
1356 2580 1398 2611 Υ.
1419 2592 1449 2622 p.
1470 2576 1552 2621 185)
1581 2577 1736 2621 appellat,
1769 2576 1914 2620 aliusque
1943 2574 2074 2622 (anthol.
2102 2574 2159 2606 Gr.
2190 2575 2222 2613 1,

1273 2643 1333 2682 67,
1369 2640 1430 2685 29)
1461 2639 1523 2684 ipsi
1546 2638 1684 2671 Uraniae
1713 2637 1898 2682 auteponit,
1935 2637 2050 2681 cuique
2069 2636 2222 2670 Moschus
