2310 2860
707 166 906 208 Martiani
944 165 1142 222 Capellae
1181 166 1252 207 lib.
1278 167 1351 208 Vl.
1390 168 1421 219 ᾗ.
1443 167 1543 208 595.
2000 169 2093 213 499

136 273 395 330 quindecim,
420 274 460 315 in
490 274 703 315 Britannia
728 273 877 315 decem
905 283 943 314 et
965 282 1148 329 septem;
1180 273 1377 314 solstitiali
1412 290 1513 315 vero
1538 284 1728 331 tempore
1761 276 1863 317 coeli
1887 277 2088 318 verticem

135 358 205 398 Sol
237 357 428 398 invectus
472 356 681 410 subjectas
719 355 919 397 deorsum
967 364 1098 396 terras
1145 355 1338 410 perpetui
1381 354 1461 395 diei
1503 356 1810 398 continuatione
1859 358 2089 410 collustrat,

134 438 323 492 itemque
357 437 542 477 brumali
573 437 778 478 descensu
809 436 1105 476 semiannuam
1147 435 1244 475 facit
1282 435 1458 477 horrere
1489 446 1680 487 noctem,
1731 438 1844 492 quod
1875 438 1916 479 in
1949 439 2087 480 insula

134 517 277 571 Thyle
309 526 578 572 compertum
619 517 801 572 Pytheas
834 515 1106 556 Massiliensis
1140 516 1326 556 asseruit.
1387 517 1463 558 His
1500 526 1740 573 temporum
1774 518 2087 561 diversitatibus

134 605 364 648 assertum,
402 597 445 637 ni
486 597 631 647 fallor,
671 597 889 652 globosam
929 596 1193 638 rotunditatis
1240 597 1423 639 flexibus
1463 598 1705 640 habendam
1747 615 1833 641 esse
1874 601 2086 642 tellurem.

133 676 336 731 Sequitur
361 687 428 729 ut,
461 693 591 734 quem
625 679 775 719 mundi
809 679 952 719 locum
986 692 1176 733 quamve
1206 677 1484 731 granditatem
1515 680 1655 720 sortita
1682 681 1752 731 sit,
1786 681 2086 736 approbemus.
2119 679 2209 720 596

133 757 356 800 Circulum
394 760 569 815 quidem
604 770 741 802 terrae
771 760 960 802 ducentis
992 760 1300 815 quinquaginta
1331 759 1501 800 duobus
1532 760 1719 801 millibus
1750 761 2008 814 stadiorum,
2038 772 2084 804 ut

133 838 186 879 ab
208 840 487 883 Eratosthene
513 841 753 883 doctissimo
783 842 1035 897 gnomonica
1067 841 1365 898 supputatione
1397 840 1648 882 discussum.
1710 841 1882 898 Quippe
1913 843 2085 899 scaphia
2115 840 2201 882 597

133 919 334 963 dic-untur
373 922 556 963 rotunda
595 938 646 964 ex
687 938 784 964 aere
825 938 947 973 vasa,
1000 937 1112 978 quae
1151 922 1358 962 horarum
1400 921 1552 962 ductus
1591 923 1671 963 stili
1710 923 1750 963 in
1783 924 1924 965 medio
1956 923 2089 965 fundo

131 1002 194 1042 siti
234 1003 482 1057 proceritate
537 1003 846 1054 discriminant,
904 1003 979 1056 qui
1028 1003 1146 1043 stilus
1192 1018 1374 1057 gnomon
1419 1004 1679 1059 appellatur,
1744 1007 1865 1060 eujus
1906 1007 2088 1048 umbrae

131 1082 351 1135 prolixitas
389 1083 657 1137 aequinoctio
692 1084 823 1124 centri
855 1085 918 1124 sui
955 1084 1241 1125 aestimatione
1272 1085 1463 1126 dimensa
1497 1086 1620 1127 vicies
1653 1097 1804 1142 quater
1839 1088 2091 1143 complicata

129 1218 214 1250 tibus
251 1219 415 1252 codicibus
447 1221 721 1262 Reichenauensi,
756 1221 1023 1263 Darmstattcnsi,
1054 1227 1086 1254 et
1138 1223 1176 1254 Ρ.
1195 1222 1229 1262 2,
1251 1235 1281 1266 p.
1296 1222 1383 1266 298)
1410 1225 1519 1256 confer
1539 1224 1683 1268 inprimis
1703 1226 1921 1258 W'iltmlmum
1939 1226 2009 1269 (das
2032 1224 2093 1256 alte

129 1282 317 1315 monacensi
342 1290 478 1328 ustoque
502 1284 556 1328 (Α.
580 1285 639 1328 C),
664 1298 722 1329 pro
750 1292 886 1317 seratur.
1139 1284 1333 1316 Germanici:
1362 1298 1393 1329 p.
1415 1287 1489 1317 500
1521 1286 1645 1330 sequ.),
1696 1288 1916 1319 Brttclmcrum
1942 1288 1992 1332 (in
2018 1287 2092 1318 hist.

205 1344 402 1389 Britannia]
436 1346 520 1377 Vide
561 1346 707 1377 Tacitum
741 1346 792 1389 (in
824 1346 976 1388 Agricola
1006 1346 1086 1388 12):
1138 1347 1215 1388 reip.
1238 1347 1506 1387 Massiliensium,
1539 1348 1628 1379 Gott.
1661 1350 1777 1389 1826,
1808 1363 1838 1394 p.
1861 1351 1908 1382 64
1936 1349 2038 1394 sequ.)
2064 1356 2095 1381 et

139 1405 288 1437 »Dicrum
314 1406 415 1449 spatia
439 1407 520 1438 ultra
545 1407 647 1438 nostri
675 1407 761 1438 orbis
789 1419 987 1445 mensnram-j.
1024 1418 1087 1437 uox
1138 1409 1348 1440 Lclcwclium
1373 1410 1437 1452 (die
1463 1411 1721 1453 Entdeckungen
1746 1413 1802 1443 der
1828 1414 2006 1455 Carthager
2031 1413 2096 1444 und

132 1467 216 1498 clara
239 1473 270 1498 et
295 1474 435 1499 extrema
465 1469 649 1500 Britanniae
676 1474 765 1512 parte
793 1469 914 1508 breuis,
942 1474 975 1499 ut
994 1469 1087 1499 linem
1140 1470 1301 1502 Gricclien
1330 1471 1387 1501 auf
1405 1471 1475 1501 dem
1501 1471 1610 1504 atlant.
1633 1472 1760 1512 Oce-an,
1790 1486 1818 1516 p.
1842 1475 1889 1505 55
1910 1473 2022 1516 sequ).

132 1536 227 1573 atque
252 1530 377 1561 initium
396 1531 477 1562 lucis
507 1532 621 1573 exiguo
649 1532 828 1564 discrimine
854 1532 1079 1563 intui-noscas«
1216 1531 1379 1577 ducentis]
1416 1533 1623 1564 Conveniunt
1650 1546 1719 1565 cum
1748 1540 1859 1566 nostro
1891 1534 2009 1566 Strabo
2036 1534 2093 1577 (2.

205 1593 285 1623 coeli
308 1591 479 1638 verticem]
518 1593 652 1625 Grotius
689 1606 760 1624 cum
794 1594 890 1631 coeli5
928 1593 985 1624 scd
1017 1605 1088 1625 eum
1139 1608 1168 1638 p.
1193 1596 1260 1626 152
1289 1595 1393 1637 Cas),
1428 1595 1553 1626 Plinius
1584 1596 1640 1637 (2,
1668 1598 1725 1631 18.
1758 1597 1863 1640 112),
1896 1597 2095 1629 Censorinus

131 1653 244 1684 melius
275 1654 428 1685 omissum
457 1660 506 1685 cst
535 1655 566 1686 in
596 1655 844 1686 Darmstattensi
871 1655 990 1686 codiee.
1025 1655 1087 1686 Pa·
1139 1657 1193 1698 (dc
1214 1656 1263 1686 die
1283 1662 1345 1687 nat.
1365 1657 1427 1694 15,
1457 1654 1509 1697 2),
1533 1656 1700 1688 Vitrnxius
1728 1658 1781 1701 (1,
1808 1660 1848 1695 6,
1877 1672 1906 1702 p.
1924 1660 1972 1690 57
1991 1659 2095 1701 Bip.):‚

131 1717 208 1748 riter
233 1729 307 1749 mox
344 1730 402 1761 pro
430 1719 609 1750 laevorsum
637 1732 654 1751 e
681 1719 789 1751 codice
817 1719 1006 1751 Mouaeensi
1029 1717 1088 1762 (A)
1139 1720 1244 1751 minus
1277 1720 1454 1751 accuratior
1485 1732 1635 1751 numerus
1665 1721 1826 1761 250,000
1850 1728 1900 1753 est
1922 1723 2097 1754 seeundum

133 1780 246 1825 scripsi
269 1782 435 1822 deorsum,-
464 1783 551 1826 quod
576 1795 652 1814 vero
680 1783 777 1827 paulo
802 1782 934 1813 inferius
955 1782 987 1813 in
1008 1794 1087 1813 mar·
1139 1781 1336 1814 Mam-obium
1357 1781 1401 1823 (in
1421 1793 1522 1812 somn.
1546 1781 1600 1814 Se.
1619 1783 1659 1822 2,
1684 1782 1721 1825 6)
1745 1788 1776 1815 ct
1800 1783 2019 1824 Cleomssdem,
2042 1784 2097 1827 qui

133 1842 205 1884 gine
235 1843 357 1875 notavit
390 1843 524 1875 Grotius
559 1846 638 1876 ονίνί
667 1856 726 1888 pro
761 1845 892 1875 horrere
925 1844 963 1874 de
995 1849 1088 1875 nocte
1139 1846 1172 1889 (l.
1196 1846 1236 1884 2,
1264 1857 1294 1887 p.
1314 1845 1401 1883 1853
1428 1844 1500 1876 add.
1523 1845 1544 1876 l.
1567 1847 1603 1886 1,
1626 1858 1657 1889 p.
1678 1846 1766 1889 155)
1789 1847 1908 1890 pariter
1931 1853 1967 1879 nt
1988 1853 2098 1880 noster

133 1903 253 1935 dictum
278 1904 419 1948 recipere
442 1905 540 1936 nolui.
1138 1907 1385 1938 Eratosthenem
1411 1911 1572 1938 auctorem
1597 1907 1707 1939 laudat
1730 1907 1774 1952 (ἓ.
1793 1910 1864 1941 815
1892 1909 1982 1952 not).
2013 1910 2096 1942 Vide

212 1965 327 2012 Thyle]
355 1967 411 2000 Sic
435 1968 538 1999 nostri
563 1968 690 2000 codices
713 1968 831 2012 pariter
855 1974 890 1999 nt
916 1967 1019 1999 Taciti
1042 1968 1088 2011 (in
1137 1976 1242 2001 tamen
1270 1981 1351 2012 qnae
1378 1976 1487 2000 contra
1516 1971 1596 2002 hanc
1626 1971 1855 2003 dimensionem
1883 1973 2024 2017 disputat
2048 1973 2094 2004 vir

133 2029 287 2072 Agricola
310 2030 375 2074 10)
398 2036 430 2062 et
448 2031 548 2063 Plinii
565 2032 606 2074 (v.
629 2031 763 2063 Salmas,
782 2032 820 2063 ad
841 2031 944 2064 Solin.
962 2044 990 2075 p.
1000 2031 1088 2074 247)
1139 2033 1333 2065 clarissimus
1366 2032 1540 2065 D’Anxille
1569 2035 1620 2078 (in
1646 2035 1740 2067 Mem.
1765 2035 1803 2066 de
1832 2035 1942 2067 l'acad.
1973 2037 2010 2067 Τ.
2036 2037 2093 2068 26.

134 2106 232 2138 quum
262 2093 316 2126 alii
348 2095 472 2126 Thulen
496 2095 668 2139 appellent,
697 2101 728 2126 et
752 2095 866 2127 Graeci
884 2107 1028 2139 quoque,
1054 2099 1090 2126 ut
1138 2107 1168 2139 p.
1192 2094 1264 2137 95).
1300 2093 1483 2137 Appulejus
1508 2095 1560 2139 (de
1591 2096 1708 2127 mundo
1740 2109 1769 2140 p.
1791 2098 1863 2129 505
1890 2097 2004 2139 Ond.):
2030 2097 2095 2128 »Αἰ

134 2156 252 2187 Strabo
278 2161 374 2199 atque
396 2155 632 2198 Agatbemerus
651 2157 704 2200 (1,
731 2158 751 2188 7
770 2156 802 2188 in
821 2157 964 2189 Gronov.
982 2168 1087 2198 geogr.
1139 2157 1223 2189 enim
1244 2156 1339 2198 liujus
1360 2162 1474 2196 terrae,
1504 2169 1597 2200 quaxn
1617 2170 1676 2189 nos
1693 2158 1838 2199 colimus,
1865 2159 2000 2191 latitudo
2018 2171 2092 2203 qua-

136 2222 201 2248 ant.
221 2229 252 2260 p.
271 2217 354 2249 205.
376 2218 463 2261 214)
492 2214 646 2263 Θούλην
672 2218 822 2251 scribant.
1140 2220 1294 2262 draginta.
1309 2219 1475 2263 prolixitas
1487 2221 1687 2264 septuagianta
1696 2222 1791 2253 millia
1804 2223 2091 2254 stadiorumtenct.«

208 2279 363 2325 Pytheas]
388 2281 479 2314 Vixit
499 2282 582 2313 eirea
605 2294 721 2314 annum
740 2283 813 2314 284
834 2288 906 2314 ante
925 2282 1089 2315 Clu-istum
1214 2279 1358 2325 scaphia]
1379 2281 1470 2313 Hace
1489 2282 1528 2313 ab
1542 2282 1729 2314 Aristarcho
1750 2283 1858 2314 Samio
1877 2283 2004 2315 inventa
2022 2294 2092 2314 esse

138 2341 221 2395 (vid.
250 2342 422 2375 Mcmoires
449 2345 487 2376 de
518 2344 627 2377 l'acad.
657 2346 696 2378 T.
728 2347 790 2387 19,
821 2359 852 2390 p.
880 2347 950 2378 146
978 2346 1091 2390 sequ).
1141 2345 1239 2378 tradit
1262 2344 1430 2377 Vitruvius
1457 2345 1512 2389 (1,
1538 2347 1571 2378 6.
1599 2347 1638 2387 9,
1665 2347 1705 2386 93
1732 2346 1813 2377 cons.
1835 2345 1929 2378 Bald.
1948 2345 1988 2376 ad
2011 2345 2092 2378 Vitr.

138 2407 188 2436 De
215 2406 277 2437 fide
300 2406 370 2447 ejus
396 2405 469 2437 inde
492 2419 509 2437 a
535 2407 694 2441 Strabone
721 2410 774 2453 (1,
804 2422 833 2453 p.
850 2411 907 2442 65.
936 2411 993 2442 75.
1015 2409 1093 2441 102.
1144 2421 1175 2453 p.
1193 2405 1264 2450 81).
1291 2405 1390 2437 Plura
1416 2406 1504 2438 dabit
1529 2407 1697 2439 Mai-tinius
1719 2407 1752 2451 (l.
1776 2406 1796 2438 l.
1821 2419 1850 2450 p.
1868 2408 1925 2438 98.
1946 2406 2018 2450 99).

141 2469 222 2501 104.
248 2470 328 2501 llll.
354 2471 435 2501 115.
461 2470 543 2501 158.
563 2472 643 2503 190.
663 2473 752 2517 295)
770 2473 904 2505 multum
928 2474 961 2505 in
979 2480 1093 2505 utram-
1218 2467 1292 2513 siti]
1319 2469 1441 2513 Recepi
1468 2482 1484 2501 e
1514 2471 1678 2502 codicibus
1705 2469 1951 2503 Monacensibns
1979 2468 2033 2514 (Α.
2053 2469 2094 2513 C)

139 2543 202 2574 que
234 2536 356 2575 partem
391 2530 584 2575 disputatum
622 2538 688 2574 est3
730 2547 792 2578 qua
832 2536 871 2566 de
898 2547 932 2567 re
968 2542 1096 2580 practer
1147 2537 1180 2566 et
1201 2531 1451 2564 Darxnstattensi
1474 2543 1533 2576 pro
1554 2534 1607 2564 sui
1625 2532 1658 2563 in
1682 2530 1783 2562 editis.

139 2595 340 2626 Mannertinn
368 2593 414 2638 (in
439 2605 547 2637 geogr.
564 2594 596 2636 Ι,
628 2596 734 2641 p.72)
760 2603 791 2630 ct
811 2598 965 2631 Ukcrtum
997 2599 1047 2643 (T.
1064 2598 1095 2639 1,
1222 2593 1463 2641 aestimatione]
1489 2595 1574 2630 Male
1599 2595 1630 2626 in
1662 2593 1755 2626 editis
1784 2595 1999 2629 extimatione.
2031 2595 2096 2629 No-

1606 2653 1698 2688 65ss
