<?xml version="1.0" encoding="UTF-8"?>
<!DOCTYPE html PUBLIC "-//W3C//DTD XHTML 1.0 Transitional//EN"
    "http://www.w3.org/TR/xhtml1/DTD/xhtml1-transitional.dtd">
<html xmlns="http://www.w3.org/1999/xhtml" xml:lang="en" lang="en">
 <head>
  <title>
</title>
<meta http-equiv="Content-Type" content="text/html;charset=utf-8" />
  <meta name='ocr-system' content='tesseract 3.04.00' />
  <meta name='ocr-capabilities' content='ocr_page ocr_carea ocr_par ocr_line ocrx_word'/>
</head>
<body>
  <div class='ocr_page' id='page_1' title='image "./denuptiisphilolo00martuoft/denuptiisphilolo00martuoft_0462.png"; bbox 0 0 2310 2860; ppageno 0'>
   <div class='ocr_carea' id='block_1_1' title="bbox 192 166 1603 224">
    <p class='ocr_par' dir='ltr' id='par_1_1' title="bbox 192 166 1603 224">
     <span class='ocr_line' id='line_1_1' title="bbox 192 166 1603 224; baseline -0.004 -11"><span class='ocrx_word' id='word_1_1' title='bbox 192 171 284 213; x_wconf 71' lang='lat'><strong>45⁶2.</strong></span> <span class='ocrx_word' id='word_1_2' title='bbox 778 168 976 210; x_wconf 84' lang='lat' dir='ltr'><strong>Martiani</strong></span> <span class='ocrx_word' id='word_1_3' title='bbox 1014 166 1213 224; x_wconf 81' lang='lat' dir='ltr'>Capellae</span> <span class='ocrx_word' id='word_1_4' title='bbox 1248 166 1320 207; x_wconf 86' lang='lat' dir='ltr'><strong>lib.</strong></span> <span class='ocrx_word' id='word_1_5' title='bbox 1350 166 1405 208; x_wconf 92' lang='lat' dir='ltr'><strong>V.</strong></span> <span class='ocrx_word' id='word_1_6' title='bbox 1443 169 1475 218; x_wconf 84' lang='lat'><strong>§.</strong></span> <span class='ocrx_word' id='word_1_7' title='bbox 1501 166 1603 208; x_wconf 74' lang='lat'><strong>502.</strong></span> 
     </span>
    </p>
   </div>
   <div class='ocr_carea' id='block_1_2' title="bbox 190 271 2149 1458">
    <p class='ocr_par' dir='ltr' id='par_1_2' title="bbox 190 271 2149 1458">
     <span class='ocr_line' id='line_1_2' title="bbox 193 271 2142 342; baseline -0.002 -24"><span class='ocrx_word' id='word_1_8' title='bbox 193 292 319 319; x_wconf 84' lang='lat' dir='ltr'><strong>sonae</strong></span> <span class='ocrx_word' id='word_1_9' title='bbox 367 285 437 317; x_wconf 88' lang='lat' dir='ltr'><strong>aut</strong></span> <span class='ocrx_word' id='word_1_10' title='bbox 479 274 680 316; x_wconf 88' lang='lat' dir='ltr'><strong>auditoris</strong></span> <span class='ocrx_word' id='word_1_11' title='bbox 739 285 812 316; x_wconf 87' lang='lat' dir='ltr'><strong>aut</strong></span> <span class='ocrx_word' id='word_1_12' title='bbox 854 275 916 316; x_wconf 84' lang='lat' dir='ltr'><strong>rei</strong></span> <span class='ocrx_word' id='word_1_13' title='bbox 959 274 1026 315; x_wconf 84' lang='lat' dir='ltr'><strong>vel</strong></span> <span class='ocrx_word' id='word_1_14' title='bbox 1070 274 1200 329; x_wconf 88' lang='lat' dir='ltr'><strong>ipsius</strong></span> <span class='ocrx_word' id='word_1_15' title='bbox 1253 273 1429 315; x_wconf 88' lang='lat' dir='ltr'><strong>oratoris</strong></span> <span class='ocrx_word' id='word_1_16' title='bbox 1485 282 1557 314; x_wconf 88' lang='lat' dir='ltr'><strong>aut</strong></span> <span class='ocrx_word' id='word_1_17' title='bbox 1601 271 2142 342; x_wconf 33' lang='lat' dir='ltr'><strong>adversa1·ii.0.Auditoris</strong></span> 
     </span>
     <span class='ocr_line' id='line_1_3' title="bbox 192 353 2145 410; baseline -0.002 -11"><span class='ocrx_word' id='word_1_18' title='bbox 192 360 269 400; x_wconf 88' lang='lat' dir='ltr'><strong>sic:</strong></span> <span class='ocrx_word' id='word_1_19' title='bbox 301 356 515 410; x_wconf 80' lang='lat' dir='ltr'><strong>„Qualem</strong></span> <span class='ocrx_word' id='word_1_20' title='bbox 558 365 596 396; x_wconf 89' lang='lat' dir='ltr'><strong>te</strong></span> <span class='ocrx_word' id='word_1_21' title='bbox 639 357 727 410; x_wconf 87' lang='lat' dir='ltr'><strong>jam</strong></span> <span class='ocrx_word' id='word_1_22' title='bbox 779 364 897 397; x_wconf 90' lang='lat' dir='ltr'><strong>antea</strong></span> <span class='ocrx_word' id='word_1_23' title='bbox 937 354 1096 410; x_wconf 90' lang='lat' dir='ltr'><strong>populo</strong></span> <span class='ocrx_word' id='word_1_24' title='bbox 1142 355 1338 395; x_wconf 87' lang='lat' dir='ltr'><strong>Romano</strong></span> <span class='ocrx_word' id='word_1_25' title='bbox 1383 353 1631 409; x_wconf 78' lang='lat' dir='ltr'><strong>praebuisti,</strong></span> <span class='ocrx_word' id='word_1_26' title='bbox 1682 367 1820 407; x_wconf 90' lang='lat' dir='ltr'><strong>quum</strong></span> <span class='ocrx_word' id='word_1_27' title='bbox 1862 353 1964 394; x_wconf 83' lang='lat' dir='ltr'><strong>huie</strong></span> <span class='ocrx_word' id='word_1_28' title='bbox 2008 356 2145 396; x_wconf 86' lang='lat' dir='ltr'><strong>eidem</strong></span> 
     </span>
     <span class='ocr_line' id='line_1_4' title="bbox 193 433 2146 491; baseline 0 -15"><span class='ocrx_word' id='word_1_29' title='bbox 193 435 425 491; x_wconf 85' lang='lat' dir='ltr'><strong>quaestioni</strong></span> <span class='ocrx_word' id='word_1_30' title='bbox 455 435 586 489; x_wconf 77' lang='lat' dir='ltr'><strong>judex</strong></span> <span class='ocrx_word' id='word_1_31' title='bbox 617 450 852 491; x_wconf 75' lang='lat' dir='ltr'>praeesses,</span> <span class='ocrx_word' id='word_1_32' title='bbox 884 436 1011 476; x_wconf 90' lang='lat' dir='ltr'><strong>talem</strong></span> <span class='ocrx_word' id='word_1_33' title='bbox 1039 445 1078 476; x_wconf 88' lang='lat' dir='ltr'><strong>te</strong></span> <span class='ocrx_word' id='word_1_34' title='bbox 1112 443 1151 475; x_wconf 90' lang='lat' dir='ltr'><strong>et</strong></span> <span class='ocrx_word' id='word_1_35' title='bbox 1180 434 1300 475; x_wconf 89' lang='lat' dir='ltr'><strong>nobis</strong></span> <span class='ocrx_word' id='word_1_36' title='bbox 1340 443 1379 474; x_wconf 84' lang='lat' dir='ltr'><strong>et</strong></span> <span class='ocrx_word' id='word_1_37' title='bbox 1421 433 1580 489; x_wconf 89' lang='lat' dir='ltr'><strong>populo</strong></span> <span class='ocrx_word' id='word_1_38' title='bbox 1610 435 1809 475; x_wconf 88' lang='lat' dir='ltr'><strong>Romano</strong></span> <span class='ocrx_word' id='word_1_39' title='bbox 1843 434 1926 475; x_wconf 92' lang='lat' dir='ltr'><strong>hoc</strong></span> <span class='ocrx_word' id='word_1_40' title='bbox 1955 443 2146 490; x_wconf 86' lang='lat' dir='ltr'><strong>tempore</strong></span> 
     </span>
     <span class='ocr_line' id='line_1_5' title="bbox 190 514 2146 571; baseline 0 -15"><span class='ocrx_word' id='word_1_41' title='bbox 190 516 449 571; x_wconf 83' lang='lat' dir='ltr'><strong>impertias.“</strong></span> <span class='ocrx_word' id='word_1_42' title='bbox 518 516 598 556; x_wconf 82' lang='lat' dir='ltr'><strong>Rei</strong></span> <span class='ocrx_word' id='word_1_43' title='bbox 635 531 760 567; x_wconf 86' lang='lat' dir='ltr'><strong>vero,</strong></span> <span class='ocrx_word' id='word_1_44' title='bbox 806 526 852 556; x_wconf 90' lang='lat' dir='ltr'><strong>ut</strong></span> <span class='ocrx_word' id='word_1_45' title='bbox 892 530 970 571; x_wconf 90' lang='lat' dir='ltr'><strong>pro</strong></span> <span class='ocrx_word' id='word_1_46' title='bbox 1006 515 1228 567; x_wconf 81' lang='lat' dir='ltr'><strong>Dejotaro:</strong></span> <span class='ocrx_word' id='word_1_47' title='bbox 1267 514 1439 564; x_wconf 87' lang='lat' dir='ltr'><strong>„Quem</strong></span> <span class='ocrx_word' id='word_1_48' title='bbox 1480 530 1632 556; x_wconf 86' lang='lat' dir='ltr'><strong>ornare</strong></span> <span class='ocrx_word' id='word_1_49' title='bbox 1681 525 1802 556; x_wconf 87' lang='lat' dir='ltr'><strong>antea</strong></span> <span class='ocrx_word' id='word_1_50' title='bbox 1849 524 1999 556; x_wconf 87' lang='lat' dir='ltr'><strong>cuncto</strong></span> <span class='ocrx_word' id='word_1_51' title='bbox 2048 529 2146 557; x_wconf 91' lang='lat' dir='ltr'><strong>cum</strong></span> 
     </span>
     <span class='ocr_line' id='line_1_6' title="bbox 192 595 2147 652; baseline -0.001 -15"><span class='ocrx_word' id='word_1_52' title='bbox 192 605 338 637; x_wconf 84' lang='lat' dir='ltr'><strong>senatu</strong></span> <span class='ocrx_word' id='word_1_53' title='bbox 363 596 550 637; x_wconf 77' lang='lat' dir='ltr'>solebam</span> <span class='ocrx_word' id='word_1_54' title='bbox 586 612 663 652; x_wconf 89' lang='lat' dir='ltr'><strong>pro</strong></span> <span class='ocrx_word' id='word_1_55' title='bbox 693 597 907 652; x_wconf 87' lang='lat' dir='ltr'><strong>perpetuis</strong></span> <span class='ocrx_word' id='word_1_56' title='bbox 939 596 1029 649; x_wconf 82' lang='lat' dir='ltr'><strong>ejus</strong></span> <span class='ocrx_word' id='word_1_57' title='bbox 1057 595 1101 635; x_wconf 89' lang='lat' dir='ltr'><strong>in</strong></span> <span class='ocrx_word' id='word_1_58' title='bbox 1128 603 1316 635; x_wconf 83' lang='lat' dir='ltr'><strong>nostram</strong></span> <span class='ocrx_word' id='word_1_59' title='bbox 1347 596 1662 651; x_wconf 81' lang='lat' dir='ltr'><strong>rempublicam</strong></span> <span class='ocrx_word' id='word_1_60' title='bbox 1698 596 1897 636; x_wconf 81' lang='lat' dir='ltr'><strong>meritis.“</strong></span> <span class='ocrx_word' id='word_1_61' title='bbox 1957 597 2147 637; x_wconf 89' lang='lat' dir='ltr'><strong>Oratoris</strong></span> 
     </span>
     <span class='ocr_line' id='line_1_7' title="bbox 192 675 2145 733; baseline -0.001 -15"><span class='ocrx_word' id='word_1_62' title='bbox 192 691 317 727; x_wconf 82' lang='lat' dir='ltr'><strong>vero,</strong></span> <span class='ocrx_word' id='word_1_63' title='bbox 371 691 509 731; x_wconf 87' lang='lat' dir='ltr'><strong>quum</strong></span> <span class='ocrx_word' id='word_1_64' title='bbox 546 675 598 716; x_wconf 93' lang='lat' dir='ltr'><strong>de</strong></span> <span class='ocrx_word' id='word_1_65' title='bbox 636 691 679 717; x_wconf 90' lang='lat' dir='ltr'><strong>se</strong></span> <span class='ocrx_word' id='word_1_66' title='bbox 725 692 807 717; x_wconf 88' lang='lat' dir='ltr'><strong>non</strong></span> <span class='ocrx_word' id='word_1_67' title='bbox 846 677 1050 733; x_wconf 87' lang='lat' dir='ltr'><strong>superbe,</strong></span> <span class='ocrx_word' id='word_1_68' title='bbox 1101 676 1174 717; x_wconf 88' lang='lat' dir='ltr'><strong>sed</strong></span> <span class='ocrx_word' id='word_1_69' title='bbox 1213 676 1431 717; x_wconf 85' lang='lat' dir='ltr'><strong>moderate</strong></span> <span class='ocrx_word' id='word_1_70' title='bbox 1472 677 1686 732; x_wconf 76' lang='lat' dir='ltr'><strong>loquitur3</strong></span> <span class='ocrx_word' id='word_1_71' title='bbox 1741 678 1869 731; x_wconf 88' lang='lat' dir='ltr'><strong>quale</strong></span> <span class='ocrx_word' id='word_1_72' title='bbox 1913 686 1972 718; x_wconf 89' lang='lat' dir='ltr'><strong>est</strong></span> <span class='ocrx_word' id='word_1_73' title='bbox 2010 676 2145 717; x_wconf 86' lang='lat' dir='ltr'><strong>istud:</strong></span> 
     </span>
     <span class='ocr_line' id='line_1_8' title="bbox 193 755 2149 812; baseline 0 -15"><span class='ocrx_word' id='word_1_74' title='bbox 193 758 373 807; x_wconf 87' lang='lat' dir='ltr'><strong>„Quum</strong></span> <span class='ocrx_word' id='word_1_75' title='bbox 420 767 617 812; x_wconf 80' lang='lat' dir='ltr'><strong>quaestor</strong></span> <span class='ocrx_word' id='word_1_76' title='bbox 654 758 695 798; x_wconf 86' lang='lat' dir='ltr'><strong>in</strong></span> <span class='ocrx_word' id='word_1_77' title='bbox 733 758 871 799; x_wconf 82' lang='lat' dir='ltr'>Sicilia</span> <span class='ocrx_word' id='word_1_78' title='bbox 906 757 1104 808; x_wconf 84' lang='lat' dir='ltr'><strong>fuissem,</strong></span> <span class='ocrx_word' id='word_1_79' title='bbox 1134 771 1158 796; x_wconf 94' lang='lat' dir='ltr'><strong>o</strong></span> <span class='ocrx_word' id='word_1_80' title='bbox 1193 755 1376 810; x_wconf 81' lang='lat' dir='ltr'><strong>judices,</strong></span> <span class='ocrx_word' id='word_1_81' title='bbox 1415 757 1558 810; x_wconf 88' lang='lat' dir='ltr'><strong>itaque</strong></span> <span class='ocrx_word' id='word_1_82' title='bbox 1594 772 1646 798; x_wconf 81' lang='lat' dir='ltr'><strong>ex</strong></span> <span class='ocrx_word' id='word_1_83' title='bbox 1679 771 1728 797; x_wconf 89' lang='lat' dir='ltr'><strong>ea</strong></span> <span class='ocrx_word' id='word_1_84' title='bbox 1762 757 1980 812; x_wconf 85' lang='lat' dir='ltr'><strong>provincia</strong></span> <span class='ocrx_word' id='word_1_85' title='bbox 2004 757 2149 798; x_wconf 89' lang='lat' dir='ltr'><strong>deces-</strong></span> 
     </span>
     <span class='ocr_line' id='line_1_9' title="bbox 190 837 2146 894; baseline -0.002 -14"><span class='ocrx_word' id='word_1_86' title='bbox 190 839 357 889; x_wconf 85' lang='lat' dir='ltr'><strong>sissem,</strong></span> <span class='ocrx_word' id='word_1_87' title='bbox 405 849 451 880; x_wconf 87' lang='lat' dir='ltr'><strong>ut</strong></span> <span class='ocrx_word' id='word_1_88' title='bbox 496 839 646 879; x_wconf 86' lang='lat' dir='ltr'>Siculis</span> <span class='ocrx_word' id='word_1_89' title='bbox 691 841 889 880; x_wconf 87' lang='lat' dir='ltr'><strong>omnibus</strong></span> <span class='ocrx_word' id='word_1_90' title='bbox 932 837 1168 894; x_wconf 85' lang='lat' dir='ltr'><strong>jucundam</strong></span> <span class='ocrx_word' id='word_1_91' title='bbox 1209 837 1548 892; x_wconf 82' lang='lat' dir='ltr'><strong>diuturnamque</strong></span> <span class='ocrx_word' id='word_1_92' title='bbox 1597 838 1853 878; x_wconf 84' lang='lat' dir='ltr'><strong>memoriam</strong></span> <span class='ocrx_word' id='word_1_93' title='bbox 1891 846 2146 892; x_wconf 82' lang='lat' dir='ltr'><strong>quaesturae</strong></span> 
     </span>
     <span class='ocr_line' id='line_1_10' title="bbox 192 919 2148 974; baseline -0.001 -14"><span class='ocrx_word' id='word_1_94' title='bbox 192 919 463 974; x_wconf 87' lang='lat' dir='ltr'><strong>nominisque</strong></span> <span class='ocrx_word' id='word_1_95' title='bbox 495 919 579 959; x_wconf 90' lang='lat' dir='ltr'><strong>mei</strong></span> <span class='ocrx_word' id='word_1_96' title='bbox 606 919 917 974; x_wconf 78' lang='lat' dir='ltr'><strong>relinquerem,</strong></span> <span class='ocrx_word' id='word_1_97' title='bbox 949 919 1108 960; x_wconf 88' lang='lat' dir='ltr'><strong>factum</strong></span> <span class='ocrx_word' id='word_1_98' title='bbox 1142 928 1213 970; x_wconf 86' lang='lat' dir='ltr'><strong>est,</strong></span> <span class='ocrx_word' id='word_1_99' title='bbox 1245 919 1307 959; x_wconf 88' lang='lat' dir='ltr'><strong>uti</strong></span> <span class='ocrx_word' id='word_1_100' title='bbox 1338 933 1476 973; x_wconf 90' lang='lat' dir='ltr'><strong>quum</strong></span> <span class='ocrx_word' id='word_1_101' title='bbox 1509 933 1731 960; x_wconf 89' lang='lat' dir='ltr'><strong>summum</strong></span> <span class='ocrx_word' id='word_1_102' title='bbox 1757 919 1799 960; x_wconf 91' lang='lat' dir='ltr'><strong>in</strong></span> <span class='ocrx_word' id='word_1_103' title='bbox 1833 919 2047 961; x_wconf 88' lang='lat' dir='ltr'><strong>veteribus</strong></span> <span class='ocrx_word' id='word_1_104' title='bbox 2072 932 2148 973; x_wconf 87' lang='lat' dir='ltr'><strong>pa-</strong></span> 
     </span>
     <span class='ocr_line' id='line_1_11' title="bbox 194 995 2145 1054; baseline -0.001 -13"><span class='ocrx_word' id='word_1_105' title='bbox 194 1000 323 1041; x_wconf 86' lang='lat' dir='ltr'><strong>tronis</strong></span> <span class='ocrx_word' id='word_1_106' title='bbox 350 1000 512 1051; x_wconf 91' lang='lat' dir='ltr'><strong>multis,</strong></span> <span class='ocrx_word' id='word_1_107' title='bbox 543 1009 635 1041; x_wconf 88' lang='lat' dir='ltr'><strong>tum</strong></span> <span class='ocrx_word' id='word_1_108' title='bbox 668 995 927 1042; x_wconf 80' lang='lat' dir='ltr'><strong>nonnullum</strong></span> <span class='ocrx_word' id='word_1_109' title='bbox 955 1002 1080 1042; x_wconf 86' lang='lat' dir='ltr'><strong>etiam</strong></span> <span class='ocrx_word' id='word_1_110' title='bbox 1109 1000 1150 1040; x_wconf 89' lang='lat' dir='ltr'><strong>in</strong></span> <span class='ocrx_word' id='word_1_111' title='bbox 1175 1014 1244 1039; x_wconf 87' lang='lat' dir='ltr'><strong>me</strong></span> <span class='ocrx_word' id='word_1_112' title='bbox 1267 998 1529 1054; x_wconf 85' lang='lat' dir='ltr'><strong>praesidium</strong></span> <span class='ocrx_word' id='word_1_113' title='bbox 1554 1000 1640 1040; x_wconf 91' lang='lat' dir='ltr'><strong>suis</strong></span> <span class='ocrx_word' id='word_1_114' title='bbox 1663 999 1842 1041; x_wconf 86' lang='lat' dir='ltr'><strong>fortunis</strong></span> <span class='ocrx_word' id='word_1_115' title='bbox 1874 1000 2145 1040; x_wconf 87' lang='lat' dir='ltr'><strong>constitutum</strong></span> 
     </span>
     <span class='ocr_line' id='line_1_12' title="bbox 192 1080 2142 1136; baseline -0.001 -16"><span class='ocrx_word' id='word_1_116' title='bbox 192 1095 280 1120; x_wconf 90' lang='lat' dir='ltr'><strong>esse</strong></span> <span class='ocrx_word' id='word_1_117' title='bbox 328 1081 676 1121; x_wconf 82' lang='lat' dir='ltr'><strong>arbitrarentur.“</strong></span> <span class='ocrx_word' id='word_1_118' title='bbox 733 1080 815 1121; x_wconf 85' lang='lat' dir='ltr'><strong>Sed</strong></span> <span class='ocrx_word' id='word_1_119' title='bbox 864 1081 968 1121; x_wconf 85' lang='lat' dir='ltr'><strong>haec</strong></span> <span class='ocrx_word' id='word_1_120' title='bbox 1018 1080 1183 1136; x_wconf 84' lang='lat' dir='ltr'><strong>plenius</strong></span> <span class='ocrx_word' id='word_1_121' title='bbox 1221 1081 1265 1120; x_wconf 90' lang='lat' dir='ltr'><strong>in</strong></span> <span class='ocrx_word' id='word_1_122' title='bbox 1308 1080 1584 1121; x_wconf 81' lang='lat' dir='ltr'><strong>exordiorum</strong></span> <span class='ocrx_word' id='word_1_123' title='bbox 1622 1082 1854 1136; x_wconf 85' lang='lat' dir='ltr'><strong>praeceptis</strong></span> <span class='ocrx_word' id='word_1_124' title='bbox 1898 1081 2142 1122; x_wconf 82' lang='lat' dir='ltr'><strong>ediSseram.</strong></span> 
     </span>
     <span class='ocr_line' id='line_1_13' title="bbox 191 1160 2146 1215; baseline -0.001 -14"><span class='ocrx_word' id='word_1_125' title='bbox 191 1162 257 1201; x_wconf 90' lang='lat' dir='ltr'><strong>Ab</strong></span> <span class='ocrx_word' id='word_1_126' title='bbox 288 1160 519 1202; x_wconf 89' lang='lat' dir='ltr'><strong>adversarii</strong></span> <span class='ocrx_word' id='word_1_127' title='bbox 555 1176 656 1201; x_wconf 90' lang='lat' dir='ltr'><strong>vero</strong></span> <span class='ocrx_word' id='word_1_128' title='bbox 695 1175 875 1215; x_wconf 87' lang='lat' dir='ltr'><strong>persona</strong></span> <span class='ocrx_word' id='word_1_129' title='bbox 907 1161 1139 1202; x_wconf 85' lang='lat' dir='ltr'><strong>conciliatio</strong></span> <span class='ocrx_word' id='word_1_130' title='bbox 1174 1160 1239 1211; x_wconf 89' lang='lat' dir='ltr'><strong>fit,</strong></span> <span class='ocrx_word' id='word_1_131' title='bbox 1271 1160 1376 1201; x_wconf 89' lang='lat' dir='ltr'><strong>dum</strong></span> <span class='ocrx_word' id='word_1_132' title='bbox 1415 1161 1526 1201; x_wconf 87' lang='lat' dir='ltr'><strong>illius</strong></span> <span class='ocrx_word' id='word_1_133' title='bbox 1559 1160 1776 1214; x_wconf 87' lang='lat' dir='ltr'><strong>iniquitate</strong></span> <span class='ocrx_word' id='word_1_134' title='bbox 1807 1170 1880 1201; x_wconf 90' lang='lat' dir='ltr'><strong>aut</strong></span> <span class='ocrx_word' id='word_1_135' title='bbox 1910 1160 2146 1214; x_wconf 84' lang='lat' dir='ltr'><strong>arrogantia</strong></span> 
     </span>
     <span class='ocr_line' id='line_1_14' title="bbox 191 1240 2146 1296; baseline -0.001 -15"><span class='ocrx_word' id='word_1_136' title='bbox 191 1240 478 1281; x_wconf 86' lang='lat' dir='ltr'><strong>demonstrata</strong></span> <span class='ocrx_word' id='word_1_137' title='bbox 517 1250 660 1281; x_wconf 87' lang='lat' dir='ltr'><strong>nostra</strong></span> <span class='ocrx_word' id='word_1_138' title='bbox 698 1241 902 1282; x_wconf 86' lang='lat' dir='ltr'><strong>modestia</strong></span> <span class='ocrx_word' id='word_1_139' title='bbox 944 1241 1285 1283; x_wconf 87' lang='lat' dir='ltr'><strong>commendatur.</strong></span> <span class='ocrx_word' id='word_1_140' title='bbox 1354 1241 1434 1282; x_wconf 88' lang='lat' dir='ltr'><strong>Sed</strong></span> <span class='ocrx_word' id='word_1_141' title='bbox 1469 1242 1576 1282; x_wconf 91' lang='lat' dir='ltr'><strong>haec</strong></span> <span class='ocrx_word' id='word_1_142' title='bbox 1616 1241 1842 1296; x_wconf 86' lang='lat' dir='ltr'><strong>posterius,</strong></span> <span class='ocrx_word' id='word_1_143' title='bbox 1885 1250 1924 1280; x_wconf 88' lang='lat' dir='ltr'><strong>et</strong></span> <span class='ocrx_word' id='word_1_144' title='bbox 1959 1241 2001 1281; x_wconf 90' lang='lat' dir='ltr'><strong>in</strong></span> <span class='ocrx_word' id='word_1_145' title='bbox 2030 1241 2146 1295; x_wconf 85' lang='lat' dir='ltr'><strong>prin—</strong></span> 
     </span>
     <span class='ocr_line' id='line_1_15' title="bbox 191 1318 2147 1377; baseline -0.001 -16"><span class='ocrx_word' id='word_1_146' title='bbox 191 1321 330 1376; x_wconf 80' lang='lat' dir='ltr'><strong>cipiis3</strong></span> <span class='ocrx_word' id='word_1_147' title='bbox 379 1335 629 1376; x_wconf 87' lang='lat' dir='ltr'><strong>quanquam</strong></span> <span class='ocrx_word' id='word_1_148' title='bbox 670 1336 784 1362; x_wconf 86' lang='lat' dir='ltr'><strong>nunc</strong></span> <span class='ocrx_word' id='word_1_149' title='bbox 816 1337 900 1362; x_wconf 92' lang='lat' dir='ltr'><strong>non</strong></span> <span class='ocrx_word' id='word_1_150' title='bbox 933 1323 1131 1363; x_wconf 87' lang='lat' dir='ltr'><strong>orationis</strong></span> <span class='ocrx_word' id='word_1_151' title='bbox 1165 1333 1322 1377; x_wconf 86' lang='lat' dir='ltr'><strong>partes,</strong></span> <span class='ocrx_word' id='word_1_152' title='bbox 1353 1322 1425 1363; x_wconf 88' lang='lat' dir='ltr'><strong>sed</strong></span> <span class='ocrx_word' id='word_1_153' title='bbox 1457 1322 1624 1363; x_wconf 88' lang='lat' dir='ltr'><strong>dicendi</strong></span> <span class='ocrx_word' id='word_1_154' title='bbox 1662 1322 1821 1362; x_wconf 85' lang='lat' dir='ltr'><strong>formas</strong></span> <span class='ocrx_word' id='word_1_155' title='bbox 1856 1329 1909 1372; x_wconf 49' lang='lat' dir='ltr'><strong>et·</strong></span> <span class='ocrx_word' id='word_1_156' title='bbox 1931 1318 2147 1360; x_wconf 85' lang='lat' dir='ltr'><strong>faciendae</strong></span> 
     </span>
     <span class='ocr_line' id='line_1_16' title="bbox 190 1400 2147 1458; baseline -0.001 -16"><span class='ocrx_word' id='word_1_157' title='bbox 190 1402 288 1442; x_wconf 85' lang='lat' dir='ltr'><strong>fidei</strong></span> <span class='ocrx_word' id='word_1_158' title='bbox 324 1402 481 1457; x_wconf 85' lang='lat' dir='ltr'><strong>species</strong></span> <span class='ocrx_word' id='word_1_159' title='bbox 521 1415 822 1454; x_wconf 81' lang='lat' dir='ltr'><strong>numeramus3</strong></span> <span class='ocrx_word' id='word_1_160' title='bbox 880 1416 966 1457; x_wconf 91' lang='lat' dir='ltr'><strong>quo</strong></span> <span class='ocrx_word' id='word_1_161' title='bbox 1011 1402 1103 1443; x_wconf 90' lang='lat' dir='ltr'><strong>loco</strong></span> <span class='ocrx_word' id='word_1_162' title='bbox 1154 1403 1386 1458; x_wconf 82' lang='lat' dir='ltr'><strong>patheticae</strong></span> <span class='ocrx_word' id='word_1_163' title='bbox 1435 1416 1610 1457; x_wconf 88' lang='lat' dir='ltr'><strong>quoque</strong></span> <span class='ocrx_word' id='word_1_164' title='bbox 1658 1401 1847 1442; x_wconf 90' lang='lat' dir='ltr'><strong>dictionis</strong></span> <span class='ocrx_word' id='word_1_165' title='bbox 1895 1400 2147 1457; x_wconf 87' lang='lat' dir='ltr'><strong>attendimus</strong></span> 
     </span>
    </p>
   </div>
   <div class='ocr_carea' id='block_1_3' title="bbox 191 1481 2147 1538">
    <p class='ocr_par' dir='ltr' id='par_1_3' title="bbox 191 1481 2147 1538">
     <span class='ocr_line' id='line_1_17' title="bbox 191 1481 2147 1538; baseline -0.001 -15"><span class='ocrx_word' id='word_1_166' title='bbox 191 1482 457 1534; x_wconf 80' lang='lat' dir='ltr'><strong>facultatem,</strong></span> <span class='ocrx_word' id='word_1_167' title='bbox 498 1484 617 1538; x_wconf 86' lang='lat' dir='ltr'><strong>cujus</strong></span> <span class='ocrx_word' id='word_1_168' title='bbox 655 1484 717 1525; x_wconf 86' lang='lat' dir='ltr'><strong>vis</strong></span> <span class='ocrx_word' id='word_1_169' title='bbox 749 1484 820 1524; x_wconf 72' lang='lat' dir='ltr'><strong>vel</strong></span> <span class='ocrx_word' id='word_1_170' title='bbox 852 1484 894 1524; x_wconf 90' lang='lat' dir='ltr'><strong>in</strong></span> <span class='ocrx_word' id='word_1_171' title='bbox 924 1484 1227 1525; x_wconf 86' lang='lat' dir='ltr'><strong>communibus</strong></span> <span class='ocrx_word' id='word_1_172' title='bbox 1262 1483 1362 1524; x_wconf 87' lang='lat' dir='ltr'><strong>locis</strong></span> <span class='ocrx_word' id='word_1_173' title='bbox 1403 1482 1470 1523; x_wconf 90' lang='lat' dir='ltr'><strong>vel</strong></span> <span class='ocrx_word' id='word_1_174' title='bbox 1501 1482 1543 1523; x_wconf 89' lang='lat' dir='ltr'><strong>in</strong></span> <span class='ocrx_word' id='word_1_175' title='bbox 1577 1482 1748 1538; x_wconf 84' lang='lat' dir='ltr'><strong>epilogis</strong></span> <span class='ocrx_word' id='word_1_176' title='bbox 1792 1482 1981 1523; x_wconf 84' lang='lat' dir='ltr'><strong>maxime</strong></span> <span class='ocrx_word' id='word_1_177' title='bbox 2016 1481 2147 1522; x_wconf 89' lang='lat' dir='ltr'><strong>conti-</strong></span> 
     </span>
    </p>
   </div>
   <div class='ocr_carea' id='block_1_4' title="bbox 190 1592 1143 2566">
    <p class='ocr_par' dir='ltr' id='par_1_4' title="bbox 190 1592 1142 1884">
     <span class='ocr_line' id='line_1_18' title="bbox 190 1592 1141 1637; baseline 0.001 -15"><span class='ocrx_word' id='word_1_178' title='bbox 190 1594 333 1624; x_wconf 75' lang='lat' dir='ltr'><strong>versario</strong></span> <span class='ocrx_word' id='word_1_179' title='bbox 369 1598 401 1624; x_wconf 88' lang='lat' dir='ltr'><strong>et</strong></span> <span class='ocrx_word' id='word_1_180' title='bbox 428 1593 558 1637; x_wconf 77' lang='lat' dir='ltr'><strong>judiee5</strong></span> <span class='ocrx_word' id='word_1_181' title='bbox 592 1604 666 1624; x_wconf 83' lang='lat' dir='ltr'><strong>nam</strong></span> <span class='ocrx_word' id='word_1_182' title='bbox 697 1592 864 1624; x_wconf 80' lang='lat' dir='ltr'><strong>exordium</strong></span> <span class='ocrx_word' id='word_1_183' title='bbox 894 1592 967 1625; x_wconf 89' lang='lat' dir='ltr'><strong>duci</strong></span> <span class='ocrx_word' id='word_1_184' title='bbox 995 1605 1141 1624; x_wconf 87' lang='lat' dir='ltr'><strong>nonnun-</strong></span> 
     </span>
     <span class='ocr_line' id='line_1_19' title="bbox 192 1654 1141 1697; baseline 0.001 -12"><span class='ocrx_word' id='word_1_185' title='bbox 192 1666 286 1697; x_wconf 77' lang='lat' dir='ltr'><strong>quam</strong></span> <span class='ocrx_word' id='word_1_186' title='bbox 309 1655 402 1686; x_wconf 81' lang='lat' dir='ltr'><strong>etiam</strong></span> <span class='ocrx_word' id='word_1_187' title='bbox 425 1655 463 1686; x_wconf 80' lang='lat' dir='ltr'><strong>ab</strong></span> <span class='ocrx_word' id='word_1_188' title='bbox 489 1662 595 1687; x_wconf 78' lang='lat' dir='ltr'><strong>actore</strong></span> <span class='ocrx_word' id='word_1_189' title='bbox 625 1666 738 1686; x_wconf 79' lang='lat' dir='ltr'><strong>causae</strong></span> <span class='ocrx_word' id='word_1_190' title='bbox 765 1655 875 1686; x_wconf 82' lang='lat' dir='ltr'><strong>solet.«</strong></span> <span class='ocrx_word' id='word_1_191' title='bbox 923 1654 1056 1687; x_wconf 82' lang='lat' dir='ltr'><strong>Scilicet</strong></span> <span class='ocrx_word' id='word_1_192' title='bbox 1086 1655 1141 1686; x_wconf 90' lang='lat' dir='ltr'><strong>illo</strong></span> 
     </span>
     <span class='ocr_line' id='line_1_20' title="bbox 191 1715 1141 1759; baseline 0.003 -14"><span class='ocrx_word' id='word_1_193' title='bbox 191 1721 333 1758; x_wconf 81' lang='lat' dir='ltr'><strong>tempore</strong></span> <span class='ocrx_word' id='word_1_194' title='bbox 355 1716 543 1759; x_wconf 86' lang='lat' dir='ltr'><strong>plerumque</strong></span> <span class='ocrx_word' id='word_1_195' title='bbox 563 1716 642 1747; x_wconf 82' lang='lat' dir='ltr'><strong>alius</strong></span> <span class='ocrx_word' id='word_1_196' title='bbox 663 1728 720 1759; x_wconf 86' lang='lat' dir='ltr'><strong>pro</strong></span> <span class='ocrx_word' id='word_1_197' title='bbox 744 1715 903 1757; x_wconf 82' lang='lat' dir='ltr'><strong>litigatore</strong></span> <span class='ocrx_word' id='word_1_198' title='bbox 927 1729 1053 1749; x_wconf 80' lang='lat' dir='ltr'><strong>causam</strong></span> <span class='ocrx_word' id='word_1_199' title='bbox 1071 1729 1141 1758; x_wconf 79' lang='lat' dir='ltr'><strong>agc-</strong></span> 
     </span>
     <span class='ocr_line' id='line_1_21' title="bbox 191 1778 1142 1824; baseline 0.004 -16"><span class='ocrx_word' id='word_1_200' title='bbox 191 1778 261 1817; x_wconf 84' lang='lat' dir='ltr'><strong>bat,</strong></span> <span class='ocrx_word' id='word_1_201' title='bbox 294 1778 354 1808; x_wconf 82' lang='lat' dir='ltr'><strong>etsi</strong></span> <span class='ocrx_word' id='word_1_202' title='bbox 384 1790 442 1822; x_wconf 86' lang='lat' dir='ltr'><strong>pro</strong></span> <span class='ocrx_word' id='word_1_203' title='bbox 474 1791 537 1810; x_wconf 82' lang='lat' dir='ltr'><strong>una</strong></span> <span class='ocrx_word' id='word_1_204' title='bbox 566 1791 704 1822; x_wconf 83' lang='lat' dir='ltr'><strong>persona</strong></span> <span class='ocrx_word' id='word_1_205' title='bbox 732 1779 841 1810; x_wconf 85' lang='lat' dir='ltr'><strong>haberi</strong></span> <span class='ocrx_word' id='word_1_206' title='bbox 869 1786 1018 1824; x_wconf 81' lang='lat' dir='ltr'><strong>possent,</strong></span> <span class='ocrx_word' id='word_1_207' title='bbox 1056 1780 1142 1812; x_wconf 84' lang='lat' dir='ltr'><strong>unde</strong></span> 
     </span>
     <span class='ocr_line' id='line_1_22' title="bbox 191 1840 997 1884; baseline 0.004 -14"><span class='ocrx_word' id='word_1_208' title='bbox 191 1844 281 1870; x_wconf 80' lang='lat' dir='ltr'><strong>caute</strong></span> <span class='ocrx_word' id='word_1_209' title='bbox 308 1845 418 1870; x_wconf 83' lang='lat' dir='ltr'><strong>noster</strong></span> <span class='ocrx_word' id='word_1_210' title='bbox 448 1841 510 1871; x_wconf 82' lang='lat' dir='ltr'><strong>»rei</strong></span> <span class='ocrx_word' id='word_1_211' title='bbox 532 1841 585 1872; x_wconf 83' lang='lat' dir='ltr'><strong>vel</strong></span> <span class='ocrx_word' id='word_1_212' title='bbox 609 1840 709 1884; x_wconf 83' lang='lat' dir='ltr'><strong>ipsius</strong></span> <span class='ocrx_word' id='word_1_213' title='bbox 732 1841 883 1872; x_wconf 82' lang='lat' dir='ltr'><strong>oratoris«</strong></span> <span class='ocrx_word' id='word_1_214' title='bbox 909 1842 997 1874; x_wconf 86' lang='lat' dir='ltr'><strong>dixit.</strong></span> 
     </span>
    </p>

    <p class='ocr_par' dir='ltr' id='par_1_5' title="bbox 190 1902 1143 2381">
     <span class='ocr_line' id='line_1_23' title="bbox 265 1902 1143 1948; baseline 0.003 -15"><span class='ocrx_word' id='word_1_215' title='bbox 265 1904 378 1945; x_wconf 80' lang='lat' dir='ltr'><strong>populo</strong></span> <span class='ocrx_word' id='word_1_216' title='bbox 400 1902 555 1948; x_wconf 81' lang='lat' dir='ltr'><strong>Romano]</strong></span> <span class='ocrx_word' id='word_1_217' title='bbox 582 1904 619 1934; x_wconf 91' lang='lat' dir='ltr'><strong>In</strong></span> <span class='ocrx_word' id='word_1_218' title='bbox 637 1903 745 1935; x_wconf 74' lang='lat' dir='ltr'><strong>edilis:</strong></span> <span class='ocrx_word' id='word_1_219' title='bbox 768 1905 931 1947; x_wconf 75' lang='lat' dir='ltr'><strong>»publicae</strong></span> <span class='ocrx_word' id='word_1_220' title='bbox 949 1905 1021 1936; x_wconf 87' lang='lat' dir='ltr'><strong>rei.«</strong></span> <span class='ocrx_word' id='word_1_221' title='bbox 1041 1905 1143 1937; x_wconf 84' lang='grc' dir='ltr'>Ειϊοι·</span> 
     </span>
     <span class='ocr_line' id='line_1_24' title="bbox 191 1966 1142 2000; baseline 0.005 -5"><span class='ocrx_word' id='word_1_222' title='bbox 191 1976 231 1995; x_wconf 80' lang='lat' dir='ltr'><strong>ex</strong></span> <span class='ocrx_word' id='word_1_223' title='bbox 252 1966 336 1996; x_wconf 83' lang='lat' dir='ltr'><strong>notis</strong></span> <span class='ocrx_word' id='word_1_224' title='bbox 362 1966 399 1996; x_wconf 89' lang='lat' dir='ltr'><strong>P.</strong></span> <span class='ocrx_word' id='word_1_225' title='bbox 423 1966 464 1998; x_wconf 83' lang='lat' dir='ltr'><strong>R.</strong></span> <span class='ocrx_word' id='word_1_226' title='bbox 490 1966 593 1997; x_wconf 71' lang='lat' dir='ltr'><strong>Gnor.</strong></span> <span class='ocrx_word' id='word_1_227' title='bbox 611 1985 658 1990; x_wconf 90' lang='lat'><strong>-—</strong></span> <span class='ocrx_word' id='word_1_228' title='bbox 685 1967 786 1998; x_wconf 82' lang='lat' dir='ltr'><strong>Recte</strong></span> <span class='ocrx_word' id='word_1_229' title='bbox 813 1968 846 1998; x_wconf 91' lang='lat' dir='ltr'><strong>in</strong></span> <span class='ocrx_word' id='word_1_230' title='bbox 872 1968 1033 2000; x_wconf 85' lang='lat' dir='ltr'><strong>codicibus</strong></span> <span class='ocrx_word' id='word_1_231' title='bbox 1067 1969 1142 2000; x_wconf 89' lang='lat' dir='ltr'><strong>Rei-</strong></span> 
     </span>
     <span class='ocr_line' id='line_1_25' title="bbox 191 2026 1141 2070; baseline 0.004 -14"><span class='ocrx_word' id='word_1_232' title='bbox 191 2026 382 2057; x_wconf 78' lang='lat' dir='ltr'><strong>clicnancnsi</strong></span> <span class='ocrx_word' id='word_1_233' title='bbox 401 2032 432 2058; x_wconf 84' lang='lat' dir='ltr'><strong>et</strong></span> <span class='ocrx_word' id='word_1_234' title='bbox 455 2027 700 2058; x_wconf 75' lang='lat' dir='ltr'><strong>Darmstattensi</strong></span> <span class='ocrx_word' id='word_1_235' title='bbox 721 2027 818 2068; x_wconf 84' lang='lat' dir='ltr'><strong>siglae</strong></span> <span class='ocrx_word' id='word_1_236' title='bbox 844 2029 1017 2070; x_wconf 84' lang='lat' dir='ltr'><strong>majoribus</strong></span> <span class='ocrx_word' id='word_1_237' title='bbox 1040 2029 1141 2061; x_wconf 85' lang='lat' dir='ltr'><strong>litcris</strong></span> 
     </span>
     <span class='ocr_line' id='line_1_26' title="bbox 190 2089 1140 2136; baseline 0.004 -16"><span class='ocrx_word' id='word_1_238' title='bbox 190 2089 229 2120; x_wconf 89' lang='lat' dir='ltr'><strong>P.</strong></span> <span class='ocrx_word' id='word_1_239' title='bbox 248 2090 289 2122; x_wconf 84' lang='lat' dir='ltr'><strong>R.</strong></span> <span class='ocrx_word' id='word_1_240' title='bbox 311 2089 445 2132; x_wconf 82' lang='lat' dir='ltr'><strong>scriptae</strong></span> <span class='ocrx_word' id='word_1_241' title='bbox 469 2090 679 2133; x_wconf 82' lang='lat' dir='ltr'><strong>reperiuntur.</strong></span> <span class='ocrx_word' id='word_1_242' title='bbox 706 2090 817 2121; x_wconf 83' lang='lat' dir='ltr'><strong>Codex</strong></span> <span class='ocrx_word' id='word_1_243' title='bbox 843 2092 1047 2124; x_wconf 80' lang='lat' dir='ltr'><strong>Monacensis</strong></span> <span class='ocrx_word' id='word_1_244' title='bbox 1067 2093 1140 2136; x_wconf 79' lang='lat' dir='ltr'><strong>(C),</strong></span> 
     </span>
     <span class='ocr_line' id='line_1_27' title="bbox 191 2152 1140 2196; baseline 0.004 -13"><span class='ocrx_word' id='word_1_245' title='bbox 191 2164 208 2182; x_wconf 87' lang='lat' dir='ltr'><strong>e</strong></span> <span class='ocrx_word' id='word_1_246' title='bbox 238 2164 301 2196; x_wconf 93' lang='lat' dir='ltr'><strong>quo</strong></span> <span class='ocrx_word' id='word_1_247' title='bbox 326 2157 427 2183; x_wconf 83' lang='lat' dir='ltr'><strong>totum</strong></span> <span class='ocrx_word' id='word_1_248' title='bbox 449 2152 553 2184; x_wconf 86' lang='lat' dir='ltr'><strong>locum</strong></span> <span class='ocrx_word' id='word_1_249' title='bbox 576 2153 716 2193; x_wconf 81' lang='lat' dir='ltr'><strong>correxi,</strong></span> <span class='ocrx_word' id='word_1_250' title='bbox 744 2155 914 2185; x_wconf 71' lang='lat' dir='ltr'><strong>conformis</strong></span> <span class='ocrx_word' id='word_1_251' title='bbox 940 2161 989 2186; x_wconf 88' lang='lat' dir='ltr'><strong>cst</strong></span> <span class='ocrx_word' id='word_1_252' title='bbox 1010 2156 1140 2187; x_wconf 84' lang='lat' dir='ltr'><strong>Cicero-</strong></span> 
     </span>
     <span class='ocr_line' id='line_1_28' title="bbox 190 2215 1139 2260; baseline 0.003 -14"><span class='ocrx_word' id='word_1_253' title='bbox 190 2215 240 2246; x_wconf 83' lang='lat' dir='ltr'><strong>nis</strong></span> <span class='ocrx_word' id='word_1_254' title='bbox 273 2215 350 2259; x_wconf 87' lang='lat' dir='ltr'><strong>(pro</strong></span> <span class='ocrx_word' id='word_1_255' title='bbox 378 2215 499 2246; x_wconf 82' lang='lat' dir='ltr'><strong>Roscio</strong></span> <span class='ocrx_word' id='word_1_256' title='bbox 526 2216 549 2246; x_wconf 75' lang='lat'>4</span> <span class='ocrx_word' id='word_1_257' title='bbox 575 2215 615 2258; x_wconf 78' lang='lat' dir='ltr'><strong>f.)</strong></span> <span class='ocrx_word' id='word_1_258' title='bbox 641 2216 739 2259; x_wconf 83' lang='lat' dir='ltr'><strong>ipsius</strong></span> <span class='ocrx_word' id='word_1_259' title='bbox 766 2218 881 2249; x_wconf 70' lang='lat' dir='ltr'><strong>verbis.</strong></span> <span class='ocrx_word' id='word_1_260' title='bbox 922 2217 1031 2260; x_wconf 75' lang='lat' dir='ltr'><strong>Vulgo</strong></span> <span class='ocrx_word' id='word_1_261' title='bbox 1055 2219 1139 2250; x_wconf 85' lang='lat' dir='ltr'><strong>enim</strong></span> 
     </span>
     <span class='ocr_line' id='line_1_29' title="bbox 190 2276 1141 2321; baseline 0.006 -15"><span class='ocrx_word' id='word_1_262' title='bbox 190 2281 352 2320; x_wconf 81' lang='lat' dir='ltr'><strong>praeterea</strong></span> <span class='ocrx_word' id='word_1_263' title='bbox 373 2277 443 2320; x_wconf 78' lang='lat' dir='ltr'><strong>jam</strong></span> <span class='ocrx_word' id='word_1_264' title='bbox 474 2276 625 2307; x_wconf 85' lang='lat' dir='ltr'><strong>omissum</strong></span> <span class='ocrx_word' id='word_1_265' title='bbox 659 2283 725 2308; x_wconf 76' lang='lat' dir='ltr'><strong>erat</strong></span> <span class='ocrx_word' id='word_1_266' title='bbox 759 2284 844 2310; x_wconf 85' lang='lat' dir='ltr'><strong>etet</strong></span> <span class='ocrx_word' id='word_1_267' title='bbox 869 2285 940 2311; x_wconf 78' lang='lat' dir='ltr'><strong>ante</strong></span> <span class='ocrx_word' id='word_1_268' title='bbox 968 2281 1073 2321; x_wconf 76' lang='lat' dir='ltr'><strong>nobis,</strong></span> <span class='ocrx_word' id='word_1_269' title='bbox 1109 2287 1141 2312; x_wconf 79' lang='lat' dir='ltr'><strong>ct</strong></span> 
     </span>
     <span class='ocr_line' id='line_1_30' title="bbox 190 2337 896 2381; baseline 0.007 -14"><span class='ocrx_word' id='word_1_270' title='bbox 190 2339 356 2380; x_wconf 70' lang='lat' dir='ltr'><strong>impartias</strong></span> <span class='ocrx_word' id='word_1_271' title='bbox 380 2337 530 2380; x_wconf 82' lang='lat' dir='ltr'><strong>scriptum</strong></span> <span class='ocrx_word' id='word_1_272' title='bbox 556 2342 622 2368; x_wconf 85' lang='lat' dir='ltr'><strong>erat</strong></span> <span class='ocrx_word' id='word_1_273' title='bbox 643 2350 701 2381; x_wconf 83' lang='lat' dir='ltr'><strong>pro</strong></span> <span class='ocrx_word' id='word_1_274' title='bbox 726 2340 896 2381; x_wconf 76' lang='lat' dir='ltr'><strong>impertias.</strong></span> 
     </span>
    </p>

    <p class='ocr_par' dir='ltr' id='par_1_6' title="bbox 191 2396 1143 2566">
     <span class='ocr_line' id='line_1_31' title="bbox 266 2396 1143 2445; baseline 0.002 -15"><span class='ocrx_word' id='word_1_275' title='bbox 266 2396 429 2442; x_wconf 74' lang='lat' dir='ltr'><strong>virtuibus]</strong></span> <span class='ocrx_word' id='word_1_276' title='bbox 464 2398 546 2429; x_wconf 84' lang='lat' dir='ltr'><strong>Post</strong></span> <span class='ocrx_word' id='word_1_277' title='bbox 571 2400 651 2430; x_wconf 72' lang='lat' dir='ltr'><strong>lianc</strong></span> <span class='ocrx_word' id='word_1_278' title='bbox 681 2411 790 2430; x_wconf 77' lang='lat' dir='ltr'><strong>vocem</strong></span> <span class='ocrx_word' id='word_1_279' title='bbox 823 2401 854 2432; x_wconf 90' lang='lat' dir='ltr'><strong>in</strong></span> <span class='ocrx_word' id='word_1_280' title='bbox 883 2401 975 2433; x_wconf 87' lang='lat' dir='ltr'><strong>editis</strong></span> <span class='ocrx_word' id='word_1_281' title='bbox 999 2403 1143 2445; x_wconf 87' lang='lat' dir='ltr'><strong>sequitur</strong></span> 
     </span>
     <span class='ocr_line' id='line_1_32' title="bbox 191 2459 1143 2503; baseline 0.004 -14"><span class='ocrx_word' id='word_1_282' title='bbox 191 2465 262 2498; x_wconf 62' lang='lat' dir='ltr'><strong>etc„</strong></span> <span class='ocrx_word' id='word_1_283' title='bbox 284 2459 317 2490; x_wconf 88' lang='lat' dir='ltr'><strong>in</strong></span> <span class='ocrx_word' id='word_1_284' title='bbox 338 2459 500 2491; x_wconf 86' lang='lat' dir='ltr'><strong>codicibus</strong></span> <span class='ocrx_word' id='word_1_285' title='bbox 519 2460 706 2491; x_wconf 83' lang='lat' dir='ltr'><strong>Monacensi</strong></span> <span class='ocrx_word' id='word_1_286' title='bbox 719 2472 804 2501; x_wconf 69' lang='lat' dir='ltr'><strong>vero,</strong></span> <span class='ocrx_word' id='word_1_287' title='bbox 826 2462 1093 2503; x_wconf 80' lang='lat' dir='ltr'><strong>Reichenauensi‚</strong></span> <span class='ocrx_word' id='word_1_288' title='bbox 1111 2468 1143 2494; x_wconf 86' lang='lat' dir='ltr'><strong>ot</strong></span> 
     </span>
     <span class='ocr_line' id='line_1_33' title="bbox 191 2520 1142 2566; baseline 0.004 -15"><span class='ocrx_word' id='word_1_289' title='bbox 191 2520 438 2552; x_wconf 81' lang='lat' dir='ltr'><strong>Darmstatteusi</strong></span> <span class='ocrx_word' id='word_1_290' title='bbox 460 2521 518 2552; x_wconf 79' lang='lat' dir='ltr'><strong>liae</strong></span> <span class='ocrx_word' id='word_1_291' title='bbox 536 2521 737 2565; x_wconf 87' lang='lat' dir='ltr'><strong>reperiuntur</strong></span> <span class='ocrx_word' id='word_1_292' title='bbox 758 2522 916 2555; x_wconf 78' lang='lat' dir='ltr'><strong>breviatae</strong></span> <span class='ocrx_word' id='word_1_293' title='bbox 935 2536 1030 2556; x_wconf 76' lang='lat' dir='ltr'><strong>voces</strong></span> <span class='ocrx_word' id='word_1_294' title='bbox 1053 2524 1142 2566; x_wconf 76' lang='lat' dir='ltr'><strong>siglis</strong></span> 
     </span>
    </p>
   </div>
   <div class='ocr_carea' id='block_1_5' title="bbox 192 2580 1141 2624">
    <p class='ocr_par' dir='ltr' id='par_1_7' title="bbox 192 2580 1141 2624">
     <span class='ocr_line' id='line_1_34' title="bbox 192 2580 1141 2624; baseline 0.007 -15"><span class='ocrx_word' id='word_1_295' title='bbox 192 2580 345 2624; x_wconf 70' lang='lat' dir='ltr'><strong>scriptae:</strong></span> <span class='ocrx_word' id='word_1_296' title='bbox 376 2582 436 2613; x_wconf 73' lang='lat' dir='ltr'><strong>niu.</strong></span> <span class='ocrx_word' id='word_1_297' title='bbox 461 2582 500 2612; x_wconf 81' lang='lat' dir='ltr'><strong>di.</strong></span> <span class='ocrx_word' id='word_1_298' title='bbox 518 2594 548 2623; x_wconf 81' lang='lat' dir='ltr'><strong>g.</strong></span> <span class='ocrx_word' id='word_1_299' title='bbox 576 2595 616 2616; x_wconf 86' lang='lat' dir='ltr'><strong>m.</strong></span> <span class='ocrx_word' id='word_1_300' title='bbox 644 2593 760 2615; x_wconf 88' lang='lat' dir='ltr'><strong>nomm.</strong></span> <span class='ocrx_word' id='word_1_301' title='bbox 785 2596 824 2615; x_wconf 80' lang='lat' dir='ltr'><strong>in.</strong></span> <span class='ocrx_word' id='word_1_302' title='bbox 852 2595 877 2615; x_wconf 88' lang='lat' dir='ltr'><strong>r.</strong></span> <span class='ocrx_word' id='word_1_303' title='bbox 902 2585 921 2616; x_wconf 79' lang='lat' dir='ltr'><strong>f.</strong></span> <span class='ocrx_word' id='word_1_304' title='bbox 946 2597 975 2617; x_wconf 84' lang='lat' dir='ltr'><strong>u.</strong></span> <span class='ocrx_word' id='word_1_305' title='bbox 992 2591 1016 2618; x_wconf 85' lang='lat' dir='ltr'><strong>t.</strong></span> <span class='ocrx_word' id='word_1_306' title='bbox 1036 2597 1061 2619; x_wconf 85' lang='lat' dir='ltr'><strong>c.</strong></span> <span class='ocrx_word' id='word_1_307' title='bbox 1081 2597 1106 2617; x_wconf 84' lang='lat' dir='ltr'><strong>s.</strong></span> <span class='ocrx_word' id='word_1_308' title='bbox 1123 2585 1141 2616; x_wconf 90' lang='lat' dir='ltr'><strong>i.</strong></span> 
     </span>
    </p>
   </div>
   <div class='ocr_carea' id='block_1_6' title="bbox 1193 1591 2149 1943">
    <p class='ocr_par' dir='ltr' id='par_1_8' title="bbox 1193 1591 2149 1943">
     <span class='ocr_line' id='line_1_35' title="bbox 1195 1591 2146 1634; baseline 0 -12"><span class='ocrx_word' id='word_1_309' title='bbox 1195 1604 1225 1622; x_wconf 93' lang='lat' dir='ltr'><strong>u.</strong></span> <span class='ocrx_word' id='word_1_310' title='bbox 1256 1604 1306 1634; x_wconf 83' lang='lat' dir='ltr'><strong>pa.</strong></span> <span class='ocrx_word' id='word_1_311' title='bbox 1339 1591 1417 1625; x_wconf 85' lang='lat' dir='ltr'><strong>mul.</strong></span> <span class='ocrx_word' id='word_1_312' title='bbox 1450 1597 1471 1622; x_wconf 85' lang='lat' dir='ltr'><strong>t.</strong></span> <span class='ocrx_word' id='word_1_313' title='bbox 1501 1604 1531 1622; x_wconf 87' lang='lat' dir='ltr'><strong>n.</strong></span> <span class='ocrx_word' id='word_1_314' title='bbox 1556 1604 1608 1623; x_wconf 87' lang='lat' dir='ltr'><strong>nu.</strong></span> <span class='ocrx_word' id='word_1_315' title='bbox 1635 1597 1676 1622; x_wconf 84' lang='lat' dir='ltr'><strong>et.</strong></span> <span class='ocrx_word' id='word_1_316' title='bbox 1704 1591 1723 1622; x_wconf 81' lang='lat' dir='ltr'><strong>i.</strong></span> <span class='ocrx_word' id='word_1_317' title='bbox 1752 1603 1799 1634; x_wconf 88' lang='lat' dir='ltr'><strong>pr.</strong></span> <span class='ocrx_word' id='word_1_318' title='bbox 1828 1603 1854 1621; x_wconf 80' lang='lat' dir='ltr'><strong>s,</strong></span> <span class='ocrx_word' id='word_1_319' title='bbox 1882 1592 1902 1622; x_wconf 82' lang='lat' dir='ltr'><strong>s.</strong></span> <span class='ocrx_word' id='word_1_320' title='bbox 1930 1602 1958 1621; x_wconf 92' lang='grc' dir='ltr'><strong>ο.</strong></span> <span class='ocrx_word' id='word_1_321' title='bbox 1992 1602 2021 1624; x_wconf 82' lang='lat' dir='ltr'><strong>a.</strong></span> <span class='ocrx_word' id='word_1_322' title='bbox 2052 1601 2095 1621; x_wconf 59' lang='lat'><strong>12«</strong></span> <span class='ocrx_word' id='word_1_323' title='bbox 2129 1601 2146 1622; x_wconf 87' lang='lat' dir='ltr'><strong>e</strong></span> 
     </span>
     <span class='ocr_line' id='line_1_36' title="bbox 1194 1651 2145 1695; baseline 0 -13"><span class='ocrx_word' id='word_1_324' title='bbox 1194 1652 1309 1695; x_wconf 86' lang='lat' dir='ltr'><strong>quibus</strong></span> <span class='ocrx_word' id='word_1_325' title='bbox 1336 1652 1425 1683; x_wconf 85' lang='lat' dir='ltr'><strong>nullo</strong></span> <span class='ocrx_word' id='word_1_326' title='bbox 1452 1652 1582 1693; x_wconf 78' lang='lat' dir='ltr'><strong>negotio</strong></span> <span class='ocrx_word' id='word_1_327' title='bbox 1614 1652 1684 1695; x_wconf 81' lang='lat' dir='ltr'><strong>ipsa</strong></span> <span class='ocrx_word' id='word_1_328' title='bbox 1716 1651 1882 1684; x_wconf 85' lang='lat' dir='ltr'><strong>Ciceronis</strong></span> <span class='ocrx_word' id='word_1_329' title='bbox 1908 1652 1982 1695; x_wconf 74' lang='lat' dir='ltr'><strong>(div.</strong></span> <span class='ocrx_word' id='word_1_330' title='bbox 2008 1651 2040 1682; x_wconf 87' lang='lat' dir='ltr'><strong>in</strong></span> <span class='ocrx_word' id='word_1_331' title='bbox 2064 1651 2145 1683; x_wconf 81' lang='lat' dir='ltr'><strong>Cae-</strong></span> 
     </span>
     <span class='ocr_line' id='line_1_37' title="bbox 1194 1714 2145 1758; baseline 0 -12"><span class='ocrx_word' id='word_1_332' title='bbox 1194 1715 1244 1746; x_wconf 87' lang='lat' dir='ltr'><strong>cil.</strong></span> <span class='ocrx_word' id='word_1_333' title='bbox 1266 1715 1304 1757; x_wconf 82' lang='lat'><strong>1)</strong></span> <span class='ocrx_word' id='word_1_334' title='bbox 1331 1715 1425 1746; x_wconf 77' lang='lat' dir='ltr'><strong>verba</strong></span> <span class='ocrx_word' id='word_1_335' title='bbox 1453 1716 1595 1754; x_wconf 84' lang='lat' dir='ltr'><strong>restitui,</strong></span> <span class='ocrx_word' id='word_1_336' title='bbox 1628 1727 1708 1758; x_wconf 83' lang='lat' dir='ltr'><strong>quae</strong></span> <span class='ocrx_word' id='word_1_337' title='bbox 1736 1715 1894 1747; x_wconf 76' lang='lat' dir='ltr'><strong>Martiano</strong></span> <span class='ocrx_word' id='word_1_338' title='bbox 1923 1715 2051 1747; x_wconf 90' lang='lat' dir='ltr'><strong>omnino</strong></span> <span class='ocrx_word' id='word_1_339' title='bbox 2076 1714 2145 1746; x_wconf 82' lang='lat' dir='ltr'><strong>red-</strong></span> 
     </span>
     <span class='ocr_line' id='line_1_38' title="bbox 1193 1776 2146 1820; baseline -0.001 -12"><span class='ocrx_word' id='word_1_340' title='bbox 1193 1777 1297 1808; x_wconf 77' lang='lat' dir='ltr'><strong>denda</strong></span> <span class='ocrx_word' id='word_1_341' title='bbox 1326 1781 1424 1807; x_wconf 79' lang='lat' dir='ltr'><strong>erant.</strong></span> <span class='ocrx_word' id='word_1_342' title='bbox 1468 1776 1553 1819; x_wconf 75' lang='lat' dir='ltr'><strong>Quis</strong></span> <span class='ocrx_word' id='word_1_343' title='bbox 1579 1777 1638 1807; x_wconf 83' lang='lat' dir='ltr'><strong>erit</strong></span> <span class='ocrx_word' id='word_1_344' title='bbox 1660 1777 1744 1808; x_wconf 83' lang='lat' dir='ltr'><strong>enim</strong></span> <span class='ocrx_word' id='word_1_345' title='bbox 1771 1777 1826 1820; x_wconf 90' lang='lat' dir='ltr'><strong>qui</strong></span> <span class='ocrx_word' id='word_1_346' title='bbox 1854 1777 1914 1808; x_wconf 91' lang='lat' dir='ltr'><strong>sibi</strong></span> <span class='ocrx_word' id='word_1_347' title='bbox 1945 1777 2146 1820; x_wconf 78' lang='lat' dir='ltr'><strong>persuadeat,</strong></span> 
     </span>
     <span class='ocr_line' id='line_1_39' title="bbox 1194 1837 2146 1882; baseline 0.001 -14"><span class='ocrx_word' id='word_1_348' title='bbox 1194 1838 1374 1880; x_wconf 71' lang='lat' dir='ltr'><strong>exemplum</strong></span> <span class='ocrx_word' id='word_1_349' title='bbox 1398 1850 1415 1868; x_wconf 80' lang='lat' dir='ltr'><strong>a</strong></span> <span class='ocrx_word' id='word_1_350' title='bbox 1435 1843 1546 1869; x_wconf 88' lang='lat' dir='ltr'><strong>nostro</strong></span> <span class='ocrx_word' id='word_1_351' title='bbox 1572 1838 1702 1869; x_wconf 79' lang='lat' dir='ltr'><strong>allatum</strong></span> <span class='ocrx_word' id='word_1_352' title='bbox 1727 1838 1844 1878; x_wconf 79' lang='lat' dir='ltr'><strong>fuisse,</strong></span> <span class='ocrx_word' id='word_1_353' title='bbox 1872 1838 1959 1882; x_wconf 87' lang='lat' dir='ltr'><strong>quod</strong></span> <span class='ocrx_word' id='word_1_354' title='bbox 1980 1850 2074 1869; x_wconf 88' lang='lat' dir='ltr'><strong>nemo</strong></span> <span class='ocrx_word' id='word_1_355' title='bbox 2100 1837 2146 1868; x_wconf 86' lang='lat' dir='ltr'><strong>in-</strong></span> 
     </span>
     <span class='ocr_line' id='line_1_40' title="bbox 1194 1899 2149 1943; baseline 0 -13"><span class='ocrx_word' id='word_1_356' title='bbox 1194 1900 1373 1941; x_wconf 70' lang='lat' dir='ltr'><strong>telligeret?</strong></span> <span class='ocrx_word' id='word_1_357' title='bbox 1410 1900 1598 1942; x_wconf 85' lang='lat' dir='ltr'><strong>praesertim</strong></span> <span class='ocrx_word' id='word_1_358' title='bbox 1629 1912 1725 1943; x_wconf 87' lang='lat' dir='ltr'><strong>quum</strong></span> <span class='ocrx_word' id='word_1_359' title='bbox 1751 1912 1810 1932; x_wconf 87' lang='lat' dir='ltr'><strong>nec</strong></span> <span class='ocrx_word' id='word_1_360' title='bbox 1839 1900 1945 1932; x_wconf 89' lang='lat' dir='ltr'><strong>locum</strong></span> <span class='ocrx_word' id='word_1_361' title='bbox 1972 1899 2149 1931; x_wconf 81' lang='lat' dir='ltr'><strong>laudaverit</strong></span> 
     </span>
    </p>
   </div>
   <div class='ocr_carea' id='block_1_7' title="bbox 1193 1962 2144 2007">
    <p class='ocr_par' dir='ltr' id='par_1_9' title="bbox 1193 1962 2144 2007">
     <span class='ocr_line' id='line_1_41' title="bbox 1193 1962 2144 2007; baseline -0.001 -13"><span class='ocrx_word' id='word_1_362' title='bbox 1193 1969 1226 1994; x_wconf 88' lang='lat' dir='ltr'><strong>et</strong></span> <span class='ocrx_word' id='word_1_363' title='bbox 1246 1975 1285 1995; x_wconf 86' lang='lat' dir='ltr'><strong>ue</strong></span> <span class='ocrx_word' id='word_1_364' title='bbox 1308 1968 1469 1994; x_wconf 73' lang='lat' dir='ltr'><strong>:uictorem</strong></span> <span class='ocrx_word' id='word_1_365' title='bbox 1487 1962 1626 2006; x_wconf 84' lang='lat' dir='ltr'><strong>quidem,</strong></span> <span class='ocrx_word' id='word_1_366' title='bbox 1647 1975 1664 1994; x_wconf 80' lang='lat' dir='ltr'><strong>a</strong></span> <span class='ocrx_word' id='word_1_367' title='bbox 1685 1975 1749 2007; x_wconf 88' lang='lat' dir='ltr'><strong>quo</strong></span> <span class='ocrx_word' id='word_1_368' title='bbox 1767 1963 1846 1995; x_wconf 88' lang='lat' dir='ltr'><strong>illud</strong></span> <span class='ocrx_word' id='word_1_369' title='bbox 1870 1969 2031 1995; x_wconf 74' lang='lat' dir='ltr'><strong>mutuatus</strong></span> <span class='ocrx_word' id='word_1_370' title='bbox 2052 1967 2144 1994; x_wconf 85' lang='lat' dir='ltr'><strong>esset.</strong></span> 
     </span>
    </p>
   </div>
   <div class='ocr_carea' id='block_1_8' title="bbox 1193 2051 2144 2161">
    <p class='ocr_par' dir='ltr' id='par_1_10' title="bbox 1193 2051 2144 2161">
     <span class='ocr_line' id='line_1_42' title="bbox 1270 2051 2144 2101; baseline 0.001 -18"><span class='ocrx_word' id='word_1_371' title='bbox 1270 2051 1473 2101; x_wconf 74' lang='lat' dir='ltr'><strong>quanquam]</strong></span> <span class='ocrx_word' id='word_1_372' title='bbox 1508 2053 1611 2095; x_wconf 77' lang='lat' dir='ltr'><strong>Magis</strong></span> <span class='ocrx_word' id='word_1_373' title='bbox 1646 2054 1684 2085; x_wconf 80' lang='lat' dir='ltr'><strong>ad</strong></span> <span class='ocrx_word' id='word_1_374' title='bbox 1717 2065 1846 2085; x_wconf 85' lang='lat' dir='ltr'><strong>sensnm</strong></span> <span class='ocrx_word' id='word_1_375' title='bbox 1873 2052 2144 2085; x_wconf 75' lang='lat' dir='ltr'><strong>accommodatum</strong></span> 
     </span>
     <span class='ocr_line' id='line_1_43' title="bbox 1193 2114 2144 2161; baseline -0.002 -15"><span class='ocrx_word' id='word_1_376' title='bbox 1193 2115 1309 2146; x_wconf 83' lang='lat' dir='ltr'><strong>fuisset</strong></span> <span class='ocrx_word' id='word_1_377' title='bbox 1334 2115 1609 2161; x_wconf 76' lang='lat' dir='ltr'><strong>quandoquidem,</strong></span> <span class='ocrx_word' id='word_1_378' title='bbox 1640 2115 1726 2158; x_wconf 83' lang='lat' dir='ltr'><strong>quod</strong></span> <span class='ocrx_word' id='word_1_379' title='bbox 1753 2116 1838 2146; x_wconf 82' lang='lat' dir='ltr'><strong>haud</strong></span> <span class='ocrx_word' id='word_1_380' title='bbox 1866 2115 1931 2145; x_wconf 86' lang='lat' dir='ltr'><strong>scio</strong></span> <span class='ocrx_word' id='word_1_381' title='bbox 1958 2126 1998 2144; x_wconf 81' lang='lat' dir='ltr'><strong>an</strong></span> <span class='ocrx_word' id='word_1_382' title='bbox 2026 2126 2043 2145; x_wconf 87' lang='lat' dir='ltr'><strong>c</strong></span> <span class='ocrx_word' id='word_1_383' title='bbox 2074 2114 2144 2145; x_wconf 84' lang='lat' dir='ltr'><strong>bre-</strong></span> 
     </span>
    </p>
   </div>
   <div class='ocr_carea' id='block_1_9' title="bbox 1193 2177 1819 2222">
    <p class='ocr_par' dir='ltr' id='par_1_11' title="bbox 1193 2177 1819 2222">
     <span class='ocr_line' id='line_1_44' title="bbox 1193 2177 1819 2222; baseline -0.002 -13"><span class='ocrx_word' id='word_1_384' title='bbox 1193 2178 1278 2210; x_wconf 66' lang='lat' dir='ltr'><strong>viata</strong></span> <span class='ocrx_word' id='word_1_385' title='bbox 1304 2189 1380 2209; x_wconf 71' lang='lat' dir='ltr'><strong>voce</strong></span> <span class='ocrx_word' id='word_1_386' title='bbox 1404 2179 1485 2209; x_wconf 84' lang='lat' dir='ltr'><strong>sorte</strong></span> <span class='ocrx_word' id='word_1_387' title='bbox 1508 2184 1692 2222; x_wconf 85' lang='lat' dir='ltr'><strong>corruptum</strong></span> <span class='ocrx_word' id='word_1_388' title='bbox 1714 2177 1819 2208; x_wconf 80' lang='lat' dir='ltr'><strong>suerit.</strong></span> 
     </span>
    </p>
   </div>
   <div class='ocr_carea' id='block_1_10' title="bbox 1193 2260 2144 2505">
    <p class='ocr_par' dir='ltr' id='par_1_12' title="bbox 1193 2260 2144 2430">
     <span class='ocr_line' id='line_1_45' title="bbox 1264 2260 2144 2308; baseline 0 -15"><span class='ocrx_word' id='word_1_389' title='bbox 1264 2262 1462 2308; x_wconf 68' lang='lat' dir='ltr'><strong>pallieticae]</strong></span> <span class='ocrx_word' id='word_1_390' title='bbox 1489 2262 1555 2294; x_wconf 80' lang='lat' dir='ltr'><strong>Adi</strong></span> <span class='ocrx_word' id='word_1_391' title='bbox 1589 2263 1778 2294; x_wconf 85' lang='lat' dir='ltr'><strong>Ciceronem</strong></span> <span class='ocrx_word' id='word_1_392' title='bbox 1817 2260 1869 2305; x_wconf 85' lang='lat' dir='ltr'><strong>(in</strong></span> <span class='ocrx_word' id='word_1_393' title='bbox 1902 2267 1979 2293; x_wconf 83' lang='lat' dir='ltr'><strong>orat.</strong></span> <span class='ocrx_word' id='word_1_394' title='bbox 2005 2261 2073 2304; x_wconf 80' lang='lat'><strong>57)</strong></span> <span class='ocrx_word' id='word_1_395' title='bbox 2112 2267 2144 2293; x_wconf 81' lang='lat' dir='ltr'><strong>et</strong></span> 
     </span>
     <span class='ocr_line' id='line_1_46' title="bbox 1193 2324 2142 2369; baseline -0.001 -12"><span class='ocrx_word' id='word_1_396' title='bbox 1193 2326 1444 2369; x_wconf 76' lang='lat' dir='ltr'><strong>Quinctilianum</strong></span> <span class='ocrx_word' id='word_1_397' title='bbox 1463 2327 1510 2369; x_wconf 79' lang='lat'><strong>(6,</strong></span> <span class='ocrx_word' id='word_1_398' title='bbox 1528 2327 1563 2363; x_wconf 77' lang='lat'><strong>2,</strong></span> <span class='ocrx_word' id='word_1_399' title='bbox 1582 2327 1604 2356; x_wconf 87' lang='grc'>8</span> <span class='ocrx_word' id='word_1_400' title='bbox 1623 2330 1654 2355; x_wconf 80' lang='lat' dir='ltr'><strong>ct</strong></span> <span class='ocrx_word' id='word_1_401' title='bbox 1671 2325 1733 2364; x_wconf 74' lang='lat'><strong>103</strong></span> <span class='ocrx_word' id='word_1_402' title='bbox 1758 2337 1790 2367; x_wconf 75' lang='grc' dir='ltr'><strong>Ρ.</strong></span> <span class='ocrx_word' id='word_1_403' title='bbox 1806 2325 1880 2356; x_wconf 76' lang='grc'><strong>490</strong></span> <span class='ocrx_word' id='word_1_404' title='bbox 1898 2337 1986 2369; x_wconf 81' lang='lat' dir='ltr'><strong>sequ.</strong></span> <span class='ocrx_word' id='word_1_405' title='bbox 2001 2324 2142 2369; x_wconf 80' lang='lat' dir='ltr'><strong>Spald.);</strong></span> 
     </span>
     <span class='ocr_line' id='line_1_47' title="bbox 1193 2385 1877 2430; baseline -0.004 -11"><span class='ocrx_word' id='word_1_406' title='bbox 1193 2393 1224 2419; x_wconf 77' lang='lat' dir='ltr'><strong>et</strong></span> <span class='ocrx_word' id='word_1_407' title='bbox 1245 2387 1353 2419; x_wconf 74' lang='lat' dir='ltr'><strong>confer</strong></span> <span class='ocrx_word' id='word_1_408' title='bbox 1376 2386 1571 2430; x_wconf 80' lang='lat' dir='ltr'><strong>superiorem</strong></span> <span class='ocrx_word' id='word_1_409' title='bbox 1587 2385 1694 2416; x_wconf 87' lang='lat' dir='ltr'><strong>locum</strong></span> <span class='ocrx_word' id='word_1_410' title='bbox 1716 2385 1757 2429; x_wconf 62' lang='grc' dir='ltr'><strong>(ἓ.</strong></span> <span class='ocrx_word' id='word_1_411' title='bbox 1781 2386 1877 2428; x_wconf 77' lang='grc'>475).</span> 
     </span>
    </p>

    <p class='ocr_par' dir='ltr' id='par_1_13' title="bbox 1265 2459 2141 2505">
     <span class='ocr_line' id='line_1_48' title="bbox 1265 2459 2141 2505; baseline 0.001 -12"><span class='ocrx_word' id='word_1_412' title='bbox 1265 2463 1318 2494; x_wconf 86' lang='lat' dir='ltr'><strong>vel</strong></span> <span class='ocrx_word' id='word_1_413' title='bbox 1330 2464 1364 2493; x_wconf 81' lang='lat' dir='ltr'><strong>in</strong></span> <span class='ocrx_word' id='word_1_414' title='bbox 1379 2462 1597 2493; x_wconf 78' lang='lat' dir='ltr'><strong>communibus</strong></span> <span class='ocrx_word' id='word_1_415' title='bbox 1614 2459 1702 2505; x_wconf 81' lang='lat' dir='ltr'><strong>Iocis]</strong></span> <span class='ocrx_word' id='word_1_416' title='bbox 1718 2460 1848 2492; x_wconf 84' lang='lat' dir='ltr'><strong>Omissa</strong></span> <span class='ocrx_word' id='word_1_417' title='bbox 1863 2463 1940 2492; x_wconf 81' lang='lat' dir='ltr'><strong>haee</strong></span> <span class='ocrx_word' id='word_1_418' title='bbox 1960 2461 2042 2505; x_wconf 84' lang='lat' dir='ltr'><strong>apud</strong></span> <span class='ocrx_word' id='word_1_419' title='bbox 2060 2461 2141 2494; x_wconf 87' lang='lat' dir='ltr'><strong>Gro-</strong></span> 
     </span>
    </p>
   </div>
   <div class='ocr_carea' id='block_1_11' title="bbox 1192 2522 2139 2567">
    <p class='ocr_par' dir='ltr' id='par_1_14' title="bbox 1192 2522 2139 2567">
     <span class='ocr_line' id='line_1_49' title="bbox 1192 2522 2139 2567; baseline -0.002 -12"><span class='ocrx_word' id='word_1_420' title='bbox 1192 2523 1270 2555; x_wconf 85' lang='lat' dir='ltr'><strong>tium</strong></span> <span class='ocrx_word' id='word_1_421' title='bbox 1294 2535 1311 2554; x_wconf 90' lang='lat' dir='ltr'><strong>e</strong></span> <span class='ocrx_word' id='word_1_422' title='bbox 1336 2523 1494 2567; x_wconf 85' lang='lat' dir='ltr'><strong>prioribus</strong></span> <span class='ocrx_word' id='word_1_423' title='bbox 1520 2522 1638 2554; x_wconf 86' lang='lat' dir='ltr'><strong>inserui</strong></span> <span class='ocrx_word' id='word_1_424' title='bbox 1668 2522 1878 2562; x_wconf 82' lang='lat' dir='ltr'><strong>editionibus,</strong></span> <span class='ocrx_word' id='word_1_425' title='bbox 1907 2523 2022 2565; x_wconf 90' lang='lat' dir='ltr'><strong>quibus</strong></span> <span class='ocrx_word' id='word_1_426' title='bbox 2046 2522 2139 2553; x_wconf 76' lang='lat' dir='ltr'><strong>adsti-</strong></span> 
     </span>
    </p>
   </div>
   <div class='ocr_carea' id='block_1_12' title="bbox 1194 2583 2124 2629">
    <p class='ocr_par' dir='ltr' id='par_1_15' title="bbox 1194 2583 2124 2629">
     <span class='ocr_line' id='line_1_50' title="bbox 1194 2583 2124 2629; baseline -0.002 -13"><span class='ocrx_word' id='word_1_427' title='bbox 1194 2585 1345 2629; x_wconf 79' lang='lat' dir='ltr'><strong>pulantur</strong></span> <span class='ocrx_word' id='word_1_428' title='bbox 1366 2585 1492 2618; x_wconf 78' lang='lat' dir='ltr'><strong>codices</strong></span> <span class='ocrx_word' id='word_1_429' title='bbox 1514 2583 1786 2616; x_wconf 79' lang='lat' dir='ltr'><strong>Reiclicnaucnsis</strong></span> <span class='ocrx_word' id='word_1_430' title='bbox 1805 2588 1837 2614; x_wconf 82' lang='lat' dir='ltr'><strong>et</strong></span> <span class='ocrx_word' id='word_1_431' title='bbox 1854 2583 2124 2615; x_wconf 73' lang='lat' dir='ltr'><strong>Dariustattensis.</strong></span> 
     </span>
    </p>
   </div>
  </div>
 </body>
</html>
