<?xml version="1.0" encoding="UTF-8"?>
<!DOCTYPE html PUBLIC "-//W3C//DTD XHTML 1.0 Transitional//EN"
    "http://www.w3.org/TR/xhtml1/DTD/xhtml1-transitional.dtd">
<html xmlns="http://www.w3.org/1999/xhtml" xml:lang="en" lang="en">
 <head>
  <title>
</title>
<meta http-equiv="Content-Type" content="text/html;charset=utf-8" />
  <meta name='ocr-system' content='tesseract 3.04.00' />
  <meta name='ocr-capabilities' content='ocr_page ocr_carea ocr_par ocr_line ocrx_word'/>
</head>
<body>
  <div class='ocr_page' id='page_1' title='image "./denuptiisphilolo00martuoft/denuptiisphilolo00martuoft_0336.png"; bbox 0 0 2310 2860; ppageno 0'>
   <div class='ocr_carea' id='block_1_1' title="bbox 260 139 1649 199">
    <p class='ocr_par' dir='ltr' id='par_1_1' title="bbox 260 139 1649 199">
     <span class='ocr_line' id='line_1_1' title="bbox 260 139 1649 199; baseline -0.006 -7"><span class='ocrx_word' id='word_1_1' title='bbox 260 148 352 193; x_wconf 61' lang='lat'><strong>586</strong></span> <span class='ocrx_word' id='word_1_2' title='bbox 836 142 1032 186; x_wconf 83' lang='lat' dir='ltr'><strong>Martiani</strong></span> <span class='ocrx_word' id='word_1_3' title='bbox 1064 141 1263 199; x_wconf 78' lang='lat' dir='ltr'>Capellae</span> <span class='ocrx_word' id='word_1_4' title='bbox 1292 141 1366 184; x_wconf 87' lang='lat' dir='ltr'><strong>lib.</strong></span> <span class='ocrx_word' id='word_1_5' title='bbox 1388 139 1462 183; x_wconf 91' lang='lat' dir='ltr'><strong>III.</strong></span> <span class='ocrx_word' id='word_1_6' title='bbox 1494 141 1526 193; x_wconf 84' lang='lat'><strong>§.</strong></span> <span class='ocrx_word' id='word_1_7' title='bbox 1550 141 1649 183; x_wconf 79' lang='lat'><strong>501.</strong></span> 
     </span>
    </p>
   </div>
   <div class='ocr_carea' id='block_1_2' title="bbox 127 248 2214 1767">
    <p class='ocr_par' dir='ltr' id='par_1_2' title="bbox 127 248 2214 1767">
     <span class='ocr_line' id='line_1_2' title="bbox 262 248 2214 308; baseline -0.003 -11"><span class='ocrx_word' id='word_1_8' title='bbox 262 255 548 298; x_wconf 79' lang='lat' dir='ltr'>nominativus</span> <span class='ocrx_word' id='word_1_9' title='bbox 594 262 634 293; x_wconf 89' lang='lat' dir='ltr'><strong>et</strong></span> <span class='ocrx_word' id='word_1_10' title='bbox 672 252 936 294; x_wconf 87' lang='lat' dir='ltr'><strong>aecusativus</strong></span> <span class='ocrx_word' id='word_1_11' title='bbox 981 260 1020 291; x_wconf 93' lang='lat' dir='ltr'><strong>et</strong></span> <span class='ocrx_word' id='word_1_12' title='bbox 1056 250 1276 292; x_wconf 80' lang='lat' dir='ltr'><strong>vocativus</strong></span> <span class='ocrx_word' id='word_1_13' title='bbox 1315 248 1502 305; x_wconf 91' lang='lat' dir='ltr'><strong>plurales</strong></span> <span class='ocrx_word' id='word_1_14' title='bbox 1538 249 1696 291; x_wconf 80' lang='lat' dir='ltr'>similes</span> <span class='ocrx_word' id='word_1_15' title='bbox 1739 260 1857 301; x_wconf 88' lang='lat' dir='ltr'><strong>sunt,</strong></span> <span class='ocrx_word' id='word_1_16' title='bbox 1903 251 1976 293; x_wconf 85' lang='lat' dir='ltr'><strong>sed</strong></span> <span class='ocrx_word' id='word_1_17' title='bbox 2005 251 2214 308; x_wconf 73' lang='lat' dir='ltr'>genitivus</span> 
     </span>
     <span class='ocr_line' id='line_1_3' title="bbox 260 328 2213 393; baseline -0.002 -17"><span class='ocrx_word' id='word_1_18' title='bbox 260 336 437 393; x_wconf 87' lang='lat' dir='ltr'><strong>pluralis</strong></span> <span class='ocrx_word' id='word_1_19' title='bbox 483 334 526 375; x_wconf 90' lang='lat' dir='ltr'><strong>in</strong></span> <span class='ocrx_word' id='word_1_20' title='bbox 570 346 649 374; x_wconf 90' lang='lat' dir='ltr'><strong>um</strong></span> <span class='ocrx_word' id='word_1_21' title='bbox 702 333 808 385; x_wconf 85' lang='lat' dir='ltr'><strong>exit,</strong></span> <span class='ocrx_word' id='word_1_22' title='bbox 862 341 910 373; x_wconf 88' lang='lat' dir='ltr'><strong>ut</strong></span> <span class='ocrx_word' id='word_1_23' title='bbox 960 329 1190 381; x_wconf 86' lang='lat' dir='ltr'><strong>Hercules,</strong></span> <span class='ocrx_word' id='word_1_24' title='bbox 1243 328 1403 385; x_wconf 87' lang='lat' dir='ltr'><strong>proles,</strong></span> <span class='ocrx_word' id='word_1_25' title='bbox 1451 329 1716 380; x_wconf 80' lang='lat' dir='ltr'><strong>Herculum,</strong></span> <span class='ocrx_word' id='word_1_26' title='bbox 1762 329 1949 386; x_wconf 89' lang='lat' dir='ltr'><strong>prolum.</strong></span> <span class='ocrx_word' id='word_1_27' title='bbox 2018 331 2213 373; x_wconf 79' lang='lat' dir='ltr'><strong>Secunda</strong></span> 
     </span>
     <span class='ocr_line' id='line_1_4' title="bbox 260 408 2211 472; baseline -0.002 -15"><span class='ocrx_word' id='word_1_28' title='bbox 260 416 418 472; x_wconf 86' lang='lat' dir='ltr'><strong>speeies</strong></span> <span class='ocrx_word' id='word_1_29' title='bbox 449 423 531 465; x_wconf 90' lang='lat' dir='ltr'><strong>est,</strong></span> <span class='ocrx_word' id='word_1_30' title='bbox 582 427 694 469; x_wconf 89' lang='lat' dir='ltr'><strong>quae</strong></span> <span class='ocrx_word' id='word_1_31' title='bbox 739 428 763 455; x_wconf 89' lang='lat' dir='ltr'><strong>a</strong></span> <span class='ocrx_word' id='word_1_32' title='bbox 799 412 1020 469; x_wconf 83' lang='lat' dir='ltr'>superiore</span> <span class='ocrx_word' id='word_1_33' title='bbox 1057 411 1140 451; x_wconf 89' lang='lat' dir='ltr'><strong>hoc</strong></span> <span class='ocrx_word' id='word_1_34' title='bbox 1178 408 1339 464; x_wconf 87' lang='lat' dir='ltr'><strong>differt,</strong></span> <span class='ocrx_word' id='word_1_35' title='bbox 1388 411 1506 468; x_wconf 89' lang='lat' dir='ltr'><strong>quod</strong></span> <span class='ocrx_word' id='word_1_36' title='bbox 1536 412 1769 467; x_wconf 77' lang='lat' dir='ltr'><strong>genitivum</strong></span> <span class='ocrx_word' id='word_1_37' title='bbox 1804 412 2017 468; x_wconf 83' lang='lat' dir='ltr'>pluralem</span> <span class='ocrx_word' id='word_1_38' title='bbox 2048 414 2093 456; x_wconf 86' lang='lat' dir='ltr'><strong>in</strong></span> <span class='ocrx_word' id='word_1_39' title='bbox 2122 415 2211 455; x_wconf 86' lang='lat' dir='ltr'><strong>ium</strong></span> 
     </span>
     <span class='ocr_line' id='line_1_5' title="bbox 261 492 2213 552; baseline -0.001 -14"><span class='ocrx_word' id='word_1_40' title='bbox 261 495 495 552; x_wconf 87' lang='lat' dir='ltr'><strong>compellit,</strong></span> <span class='ocrx_word' id='word_1_41' title='bbox 535 495 828 538; x_wconf 82' lang='lat' dir='ltr'><strong>accusativum</strong></span> <span class='ocrx_word' id='word_1_42' title='bbox 857 495 899 535; x_wconf 91' lang='lat' dir='ltr'><strong>in</strong></span> <span class='ocrx_word' id='word_1_43' title='bbox 932 509 997 546; x_wconf 91' lang='lat' dir='ltr'><strong>es,</strong></span> <span class='ocrx_word' id='word_1_44' title='bbox 1046 501 1093 534; x_wconf 88' lang='lat' dir='ltr'><strong>ut</strong></span> <span class='ocrx_word' id='word_1_45' title='bbox 1123 492 1280 542; x_wconf 76' lang='lat' dir='ltr'><strong>nubeS,</strong></span> <span class='ocrx_word' id='word_1_46' title='bbox 1323 506 1451 548; x_wconf 85' lang='lat' dir='ltr'><strong>rupes</strong></span> <span class='ocrx_word' id='word_1_47' title='bbox 1463 524 1474 544; x_wconf 91' lang='lat'><strong>,</strong></span> <span class='ocrx_word' id='word_1_48' title='bbox 1512 502 1668 533; x_wconf 89' lang='lat' dir='ltr'><strong>cautes.</strong></span> <span class='ocrx_word' id='word_1_49' title='bbox 1733 493 1782 534; x_wconf 88' lang='lat' dir='ltr'><strong>In</strong></span> <span class='ocrx_word' id='word_1_50' title='bbox 1815 509 1902 550; x_wconf 88' lang='lat' dir='ltr'><strong>qua</strong></span> <span class='ocrx_word' id='word_1_51' title='bbox 1931 494 2071 537; x_wconf 81' lang='lat' dir='ltr'><strong>forma</strong></span> <span class='ocrx_word' id='word_1_52' title='bbox 2100 510 2213 537; x_wconf 88' lang='lat' dir='ltr'><strong>mas-</strong></span> 
     </span>
     <span class='ocr_line' id='line_1_6' title="bbox 260 575 2213 631; baseline 0.001 -14"><span class='ocrx_word' id='word_1_53' title='bbox 260 577 402 619; x_wconf 88' lang='lat' dir='ltr'><strong>culina</strong></span> <span class='ocrx_word' id='word_1_54' title='bbox 440 591 524 617; x_wconf 90' lang='lat' dir='ltr'><strong>non</strong></span> <span class='ocrx_word' id='word_1_55' title='bbox 563 576 789 617; x_wconf 86' lang='lat' dir='ltr'><strong>habentur.</strong></span> <span class='ocrx_word' id='word_1_56' title='bbox 855 575 1024 627; x_wconf 80' lang='lat' dir='ltr'><strong>Tertia,</strong></span> <span class='ocrx_word' id='word_1_57' title='bbox 1068 588 1181 630; x_wconf 88' lang='lat' dir='ltr'><strong>quae</strong></span> <span class='ocrx_word' id='word_1_58' title='bbox 1220 575 1348 617; x_wconf 87' lang='lat' dir='ltr'><strong>etiam</strong></span> <span class='ocrx_word' id='word_1_59' title='bbox 1386 576 1420 616; x_wconf 89' lang='lat' dir='ltr'><strong>si</strong></span> <span class='ocrx_word' id='word_1_60' title='bbox 1459 575 1649 631; x_wconf 78' lang='lat' dir='ltr'>aliquam</span> <span class='ocrx_word' id='word_1_61' title='bbox 1688 577 1798 618; x_wconf 88' lang='lat' dir='ltr'><strong>inter</strong></span> <span class='ocrx_word' id='word_1_62' title='bbox 1831 593 1875 619; x_wconf 91' lang='lat' dir='ltr'><strong>se</strong></span> <span class='ocrx_word' id='word_1_63' title='bbox 1905 577 2065 619; x_wconf 88' lang='lat' dir='ltr'><strong>habent</strong></span> <span class='ocrx_word' id='word_1_64' title='bbox 2093 576 2213 619; x_wconf 83' lang='lat' dir='ltr'><strong>diffe—</strong></span> 
     </span>
     <span class='ocr_line' id='line_1_7' title="bbox 260 655 2212 714; baseline -0.001 -15"><span class='ocrx_word' id='word_1_65' title='bbox 260 658 439 699; x_wconf 86' lang='lat' dir='ltr'><strong>rentiam</strong></span> <span class='ocrx_word' id='word_1_66' title='bbox 468 659 510 699; x_wconf 93' lang='lat' dir='ltr'><strong>in</strong></span> <span class='ocrx_word' id='word_1_67' title='bbox 541 657 839 709; x_wconf 79' lang='lat' dir='ltr'><strong>declinatione,</strong></span> <span class='ocrx_word' id='word_1_68' title='bbox 881 662 1024 699; x_wconf 86' lang='lat' dir='ltr'><strong>tamen</strong></span> <span class='ocrx_word' id='word_1_69' title='bbox 1058 655 1264 712; x_wconf 87' lang='lat' dir='ltr'><strong>quoniam</strong></span> <span class='ocrx_word' id='word_1_70' title='bbox 1304 656 1565 698; x_wconf 82' lang='lat' dir='ltr'><strong>incremento</strong></span> <span class='ocrx_word' id='word_1_71' title='bbox 1595 657 1862 712; x_wconf 79' lang='lat' dir='ltr'>syllabarum</span> <span class='ocrx_word' id='word_1_72' title='bbox 1893 673 2016 714; x_wconf 88' lang='lat' dir='ltr'><strong>pares</strong></span> <span class='ocrx_word' id='word_1_73' title='bbox 2045 667 2144 698; x_wconf 87' lang='lat' dir='ltr'><strong>sunt</strong></span> <span class='ocrx_word' id='word_1_74' title='bbox 2172 659 2212 698; x_wconf 89' lang='lat' dir='ltr'><strong>in</strong></span> 
     </span>
     <span class='ocr_line' id='line_1_8' title="bbox 259 737 2212 796; baseline 0.001 -18"><span class='ocrx_word' id='word_1_75' title='bbox 259 737 443 793; x_wconf 84' lang='lat' dir='ltr'><strong>obliquis</strong></span> <span class='ocrx_word' id='word_1_76' title='bbox 494 739 683 790; x_wconf 83' lang='lat' dir='ltr'><strong>casibus,</strong></span> <span class='ocrx_word' id='word_1_77' title='bbox 739 739 783 781; x_wconf 87' lang='lat' dir='ltr'><strong>in</strong></span> <span class='ocrx_word' id='word_1_78' title='bbox 832 751 966 780; x_wconf 90' lang='lat' dir='ltr'><strong>unam</strong></span> <span class='ocrx_word' id='word_1_79' title='bbox 1005 739 1191 793; x_wconf 91' lang='lat' dir='ltr'><strong>speciem</strong></span> <span class='ocrx_word' id='word_1_80' title='bbox 1233 738 1506 794; x_wconf 86' lang='lat' dir='ltr'><strong>rediguntur,</strong></span> <span class='ocrx_word' id='word_1_81' title='bbox 1558 748 1606 779; x_wconf 89' lang='lat' dir='ltr'><strong>ut</strong></span> <span class='ocrx_word' id='word_1_82' title='bbox 1648 739 1796 791; x_wconf 86' lang='lat' dir='ltr'><strong>Ceres,</strong></span> <span class='ocrx_word' id='word_1_83' title='bbox 1847 740 1986 796; x_wconf 84' lang='lat' dir='ltr'><strong>bipes,</strong></span> <span class='ocrx_word' id='word_1_84' title='bbox 2029 754 2212 784; x_wconf 66' lang='lat' dir='ltr'><strong>merces„</strong></span> 
     </span>
     <span class='ocr_line' id='line_1_9' title="bbox 258 820 2210 877; baseline 0 -16"><span class='ocrx_word' id='word_1_85' title='bbox 258 820 494 861; x_wconf 84' lang='lat' dir='ltr'><strong>masculina</strong></span> <span class='ocrx_word' id='word_1_86' title='bbox 517 830 662 862; x_wconf 89' lang='lat' dir='ltr'><strong>autem</strong></span> <span class='ocrx_word' id='word_1_87' title='bbox 686 820 883 877; x_wconf 82' lang='lat' dir='ltr'><strong>exempla</strong></span> <span class='ocrx_word' id='word_1_88' title='bbox 913 835 998 862; x_wconf 88' lang='lat' dir='ltr'><strong>non</strong></span> <span class='ocrx_word' id='word_1_89' title='bbox 1028 829 1126 862; x_wconf 88' lang='lat' dir='ltr'><strong>sunt</strong></span> <span class='ocrx_word' id='word_1_90' title='bbox 1161 820 1244 862; x_wconf 87' lang='lat' dir='ltr'><strong>nisi</strong></span> <span class='ocrx_word' id='word_1_91' title='bbox 1271 821 1458 873; x_wconf 87' lang='lat' dir='ltr'><strong>Graeca,</strong></span> <span class='ocrx_word' id='word_1_92' title='bbox 1492 830 1537 862; x_wconf 89' lang='lat' dir='ltr'><strong>ut</strong></span> <span class='ocrx_word' id='word_1_93' title='bbox 1567 821 1797 874; x_wconf 85' lang='lat' dir='ltr'><strong>Chremes,</strong></span> <span class='ocrx_word' id='word_1_94' title='bbox 1828 822 2006 863; x_wconf 78' lang='lat' dir='ltr'><strong>Laches.</strong></span> <span class='ocrx_word' id='word_1_95' title='bbox 2047 821 2210 871; x_wconf 86' lang='lat' dir='ltr'><strong>Quarta</strong></span> 
     </span>
     <span class='ocr_line' id='line_1_10' title="bbox 256 901 2208 964; baseline -0.001 -22"><span class='ocrx_word' id='word_1_96' title='bbox 256 902 415 957; x_wconf 88' lang='lat' dir='ltr'><strong>speeies</strong></span> <span class='ocrx_word' id='word_1_97' title='bbox 446 902 528 964; x_wconf 83' lang='lat' dir='ltr'><strong>hoe</strong></span> <span class='ocrx_word' id='word_1_98' title='bbox 557 901 698 944; x_wconf 86' lang='lat' dir='ltr'><strong>differt</strong></span> <span class='ocrx_word' id='word_1_99' title='bbox 727 917 752 944; x_wconf 89' lang='lat' dir='ltr'><strong>a</strong></span> <span class='ocrx_word' id='word_1_100' title='bbox 786 902 1085 958; x_wconf 88' lang='lat' dir='ltr'><strong>praecedente,</strong></span> <span class='ocrx_word' id='word_1_101' title='bbox 1114 902 1232 959; x_wconf 84' lang='lat' dir='ltr'><strong>quod</strong></span> <span class='ocrx_word' id='word_1_102' title='bbox 1262 903 1458 959; x_wconf 90' lang='lat' dir='ltr'><strong>obliquos</strong></span> <span class='ocrx_word' id='word_1_103' title='bbox 1490 917 1611 944; x_wconf 89' lang='lat' dir='ltr'><strong>casus</strong></span> <span class='ocrx_word' id='word_1_104' title='bbox 1637 904 1672 945; x_wconf 93' lang='lat' dir='ltr'>E</span> <span class='ocrx_word' id='word_1_105' title='bbox 1698 904 1740 944; x_wconf 88' lang='lat' dir='ltr'><strong>in</strong></span> <span class='ocrx_word' id='word_1_106' title='bbox 1762 903 1781 944; x_wconf 97' lang='lat' dir='ltr'>I</span> <span class='ocrx_word' id='word_1_107' title='bbox 1806 903 2040 959; x_wconf 80' lang='lat' dir='ltr'><strong>compellit,</strong></span> <span class='ocrx_word' id='word_1_108' title='bbox 2071 915 2208 957; x_wconf 86' lang='lat' dir='ltr'><strong>quum</strong></span> 
     </span>
     <span class='ocr_line' id='line_1_11' title="bbox 255 982 2210 1039; baseline 0.001 -18"><span class='ocrx_word' id='word_1_109' title='bbox 255 982 451 1036; x_wconf 81' lang='lat' dir='ltr'><strong>superior</strong></span> <span class='ocrx_word' id='word_1_110' title='bbox 480 983 516 1024; x_wconf 86' lang='lat' dir='ltr'>E</span> <span class='ocrx_word' id='word_1_111' title='bbox 547 983 714 1023; x_wconf 83' lang='lat' dir='ltr'><strong>literam</strong></span> <span class='ocrx_word' id='word_1_112' title='bbox 744 992 906 1024; x_wconf 88' lang='lat' dir='ltr'><strong>servat:</strong></span> <span class='ocrx_word' id='word_1_113' title='bbox 937 982 1132 1025; x_wconf 88' lang='lat' dir='ltr'><strong>videlicet</strong></span> <span class='ocrx_word' id='word_1_114' title='bbox 1177 983 1382 1038; x_wconf 89' lang='lat' dir='ltr'><strong>quoniam</strong></span> <span class='ocrx_word' id='word_1_115' title='bbox 1421 984 1464 1024; x_wconf 91' lang='lat' dir='ltr'><strong>in</strong></span> <span class='ocrx_word' id='word_1_116' title='bbox 1499 984 1761 1026; x_wconf 88' lang='lat' dir='ltr'><strong>nominativo</strong></span> <span class='ocrx_word' id='word_1_117' title='bbox 1795 1000 1881 1026; x_wconf 92' lang='lat' dir='ltr'><strong>non</strong></span> <span class='ocrx_word' id='word_1_118' title='bbox 1911 993 1960 1025; x_wconf 88' lang='lat' dir='ltr'><strong>ut</strong></span> <span class='ocrx_word' id='word_1_119' title='bbox 1991 982 2210 1039; x_wconf 83' lang='lat' dir='ltr'><strong>superiora</strong></span> 
     </span>
     <span class='ocr_line' id='line_1_12' title="bbox 257 1063 2210 1120; baseline -0.002 -15"><span class='ocrx_word' id='word_1_120' title='bbox 257 1063 292 1105; x_wconf 88' lang='lat' dir='ltr'>E</span> <span class='ocrx_word' id='word_1_121' title='bbox 319 1063 585 1120; x_wconf 88' lang='lat' dir='ltr'><strong>producunt,</strong></span> <span class='ocrx_word' id='word_1_122' title='bbox 615 1065 689 1106; x_wconf 90' lang='lat' dir='ltr'><strong>sed</strong></span> <span class='ocrx_word' id='word_1_123' title='bbox 720 1065 997 1116; x_wconf 86' lang='lat' dir='ltr'><strong>contrahunt,</strong></span> <span class='ocrx_word' id='word_1_124' title='bbox 1027 1073 1074 1106; x_wconf 91' lang='lat' dir='ltr'><strong>ut</strong></span> <span class='ocrx_word' id='word_1_125' title='bbox 1097 1065 1271 1120; x_wconf 82' lang='lat' dir='ltr'><strong>hospes,</strong></span> <span class='ocrx_word' id='word_1_126' title='bbox 1303 1066 1494 1117; x_wconf 84' lang='lat' dir='ltr'><strong>antistes,</strong></span> <span class='ocrx_word' id='word_1_127' title='bbox 1525 1066 1631 1117; x_wconf 89' lang='lat' dir='ltr'><strong>ales,</strong></span> <span class='ocrx_word' id='word_1_128' title='bbox 1662 1081 1817 1106; x_wconf 87' lang='lat' dir='ltr'><strong>eomes.</strong></span> <span class='ocrx_word' id='word_1_129' title='bbox 1862 1066 2022 1115; x_wconf 86' lang='lat' dir='ltr'><strong>Quinta</strong></span> <span class='ocrx_word' id='word_1_130' title='bbox 2054 1063 2210 1119; x_wconf 77' lang='lat' dir='ltr'><strong>species</strong></span> 
     </span>
     <span class='ocr_line' id='line_1_13' title="bbox 258 1145 2208 1202; baseline 0 -18"><span class='ocrx_word' id='word_1_131' title='bbox 258 1158 282 1184; x_wconf 86' lang='lat' dir='ltr'><strong>a</strong></span> <span class='ocrx_word' id='word_1_132' title='bbox 318 1145 539 1200; x_wconf 86' lang='lat' dir='ltr'><strong>superiore</strong></span> <span class='ocrx_word' id='word_1_133' title='bbox 575 1145 658 1186; x_wconf 89' lang='lat' dir='ltr'><strong>hoe</strong></span> <span class='ocrx_word' id='word_1_134' title='bbox 697 1145 858 1196; x_wconf 82' lang='lat' dir='ltr'><strong>differt,</strong></span> <span class='ocrx_word' id='word_1_135' title='bbox 914 1145 1031 1200; x_wconf 88' lang='lat' dir='ltr'><strong>quod</strong></span> <span class='ocrx_word' id='word_1_136' title='bbox 1070 1146 1278 1200; x_wconf 80' lang='lat' dir='ltr'><strong>genitivus</strong></span> <span class='ocrx_word' id='word_1_137' title='bbox 1326 1155 1449 1188; x_wconf 86' lang='lat' dir='ltr'><strong>aucta</strong></span> <span class='ocrx_word' id='word_1_138' title='bbox 1491 1147 1656 1202; x_wconf 86' lang='lat' dir='ltr'><strong>syllaba</strong></span> <span class='ocrx_word' id='word_1_139' title='bbox 1700 1147 1721 1187; x_wconf 95' lang='lat' dir='ltr'>I</span> <span class='ocrx_word' id='word_1_140' title='bbox 1762 1147 1882 1187; x_wconf 89' lang='lat' dir='ltr'><strong>litera</strong></span> <span class='ocrx_word' id='word_1_141' title='bbox 1921 1146 2086 1196; x_wconf 90' lang='lat' dir='ltr'><strong>finitur,</strong></span> <span class='ocrx_word' id='word_1_142' title='bbox 2136 1146 2208 1199; x_wconf 84' lang='lat' dir='ltr'><strong>qui</strong></span> 
     </span>
     <span class='ocr_line' id='line_1_14' title="bbox 253 1225 2208 1282; baseline 0 -17"><span class='ocrx_word' id='word_1_143' title='bbox 253 1225 382 1266; x_wconf 88' lang='lat' dir='ltr'><strong>etiam</strong></span> <span class='ocrx_word' id='word_1_144' title='bbox 421 1225 589 1268; x_wconf 88' lang='lat' dir='ltr'><strong>dativus</strong></span> <span class='ocrx_word' id='word_1_145' title='bbox 627 1226 879 1277; x_wconf 85' lang='lat' dir='ltr'><strong>habebitur,</strong></span> <span class='ocrx_word' id='word_1_146' title='bbox 925 1226 1164 1267; x_wconf 87' lang='lat' dir='ltr'><strong>accusativo</strong></span> <span class='ocrx_word' id='word_1_147' title='bbox 1212 1226 1255 1268; x_wconf 91' lang='lat' dir='ltr'><strong>in</strong></span> <span class='ocrx_word' id='word_1_148' title='bbox 1295 1241 1363 1268; x_wconf 90' lang='lat' dir='ltr'><strong>em</strong></span> <span class='ocrx_word' id='word_1_149' title='bbox 1413 1228 1522 1279; x_wconf 85' lang='lat' dir='ltr'><strong>exit,</strong></span> <span class='ocrx_word' id='word_1_150' title='bbox 1569 1228 1754 1270; x_wconf 85' lang='lat' dir='ltr'><strong>ablativo</strong></span> <span class='ocrx_word' id='word_1_151' title='bbox 1786 1228 1830 1268; x_wconf 87' lang='lat' dir='ltr'><strong>in</strong></span> <span class='ocrx_word' id='word_1_152' title='bbox 1863 1227 1900 1269; x_wconf 90' lang='lat' dir='ltr'><strong>E</strong></span> <span class='ocrx_word' id='word_1_153' title='bbox 1930 1226 2208 1282; x_wconf 83' lang='lat' dir='ltr'><strong>productam,</strong></span> 
     </span>
     <span class='ocr_line' id='line_1_15' title="bbox 255 1305 2206 1362; baseline 0 -16"><span class='ocrx_word' id='word_1_154' title='bbox 255 1306 326 1347; x_wconf 88' lang='lat' dir='ltr'><strong>cui</strong></span> <span class='ocrx_word' id='word_1_155' title='bbox 357 1305 518 1360; x_wconf 86' lang='lat' dir='ltr'><strong>adjecta</strong></span> <span class='ocrx_word' id='word_1_156' title='bbox 546 1321 646 1348; x_wconf 91' lang='lat' dir='ltr'><strong>rum</strong></span> <span class='ocrx_word' id='word_1_157' title='bbox 676 1306 840 1361; x_wconf 88' lang='lat' dir='ltr'><strong>syllaba</strong></span> <span class='ocrx_word' id='word_1_158' title='bbox 872 1307 1106 1361; x_wconf 85' lang='lat' dir='ltr'><strong>genitivum</strong></span> <span class='ocrx_word' id='word_1_159' title='bbox 1131 1308 1344 1362; x_wconf 84' lang='lat' dir='ltr'><strong>pluralem</strong></span> <span class='ocrx_word' id='word_1_160' title='bbox 1376 1309 1495 1360; x_wconf 73' lang='lat' dir='ltr'><strong>facit,</strong></span> <span class='ocrx_word' id='word_1_161' title='bbox 1536 1310 1657 1362; x_wconf 85' lang='lat' dir='ltr'><strong>eujus</strong></span> <span class='ocrx_word' id='word_1_162' title='bbox 1690 1309 1863 1349; x_wconf 85' lang='lat' dir='ltr'><strong>numeri</strong></span> <span class='ocrx_word' id='word_1_163' title='bbox 1894 1308 2206 1349; x_wconf 82' lang='lat' dir='ltr'><strong>nominativum</strong></span> 
     </span>
     <span class='ocr_line' id='line_1_16' title="bbox 255 1387 2208 1443; baseline -0.001 -15"><span class='ocrx_word' id='word_1_164' title='bbox 255 1401 356 1428; x_wconf 89' lang='lat' dir='ltr'><strong>cum</strong></span> <span class='ocrx_word' id='word_1_165' title='bbox 381 1388 516 1443; x_wconf 88' lang='lat' dir='ltr'><strong>prima</strong></span> <span class='ocrx_word' id='word_1_166' title='bbox 547 1388 749 1443; x_wconf 87' lang='lat' dir='ltr'><strong>positione</strong></span> <span class='ocrx_word' id='word_1_167' title='bbox 781 1396 820 1428; x_wconf 91' lang='lat' dir='ltr'><strong>et</strong></span> <span class='ocrx_word' id='word_1_168' title='bbox 845 1387 1039 1428; x_wconf 86' lang='lat' dir='ltr'><strong>vocativo</strong></span> <span class='ocrx_word' id='word_1_169' title='bbox 1063 1387 1267 1441; x_wconf 77' lang='lat' dir='ltr'><strong>singulari</strong></span> <span class='ocrx_word' id='word_1_170' title='bbox 1293 1389 1532 1439; x_wconf 79' lang='lat' dir='ltr'><strong>confundit,</strong></span> <span class='ocrx_word' id='word_1_171' title='bbox 1563 1388 1758 1430; x_wconf 87' lang='lat' dir='ltr'><strong>dativum</strong></span> <span class='ocrx_word' id='word_1_172' title='bbox 1790 1398 1830 1429; x_wconf 91' lang='lat' dir='ltr'><strong>et</strong></span> <span class='ocrx_word' id='word_1_173' title='bbox 1859 1388 2095 1430; x_wconf 82' lang='lat' dir='ltr'><strong>ablativum</strong></span> <span class='ocrx_word' id='word_1_174' title='bbox 2131 1388 2208 1428; x_wconf 80' lang='lat' dir='ltr'><strong>bus</strong></span> 
     </span>
     <span class='ocr_line' id='line_1_17' title="bbox 249 1465 2208 1525; baseline 0.002 -19"><span class='ocrx_word' id='word_1_175' title='bbox 249 1467 416 1522; x_wconf 86' lang='lat' dir='ltr'><strong>syllaba</strong></span> <span class='ocrx_word' id='word_1_176' title='bbox 445 1466 556 1518; x_wconf 86' lang='lat' dir='ltr'><strong>finit,</strong></span> <span class='ocrx_word' id='word_1_177' title='bbox 588 1476 634 1507; x_wconf 90' lang='lat' dir='ltr'><strong>ut</strong></span> <span class='ocrx_word' id='word_1_178' title='bbox 664 1466 809 1518; x_wconf 78' lang='lat' dir='ltr'><strong>facies,</strong></span> <span class='ocrx_word' id='word_1_179' title='bbox 838 1465 949 1518; x_wconf 86' lang='lat' dir='ltr'><strong>dies,</strong></span> <span class='ocrx_word' id='word_1_180' title='bbox 979 1482 1095 1522; x_wconf 88' lang='lat' dir='ltr'><strong>spes,</strong></span> <span class='ocrx_word' id='word_1_181' title='bbox 1126 1469 1253 1509; x_wconf 86' lang='lat' dir='ltr'><strong>acies.</strong></span> <span class='ocrx_word' id='word_1_182' title='bbox 1313 1469 1396 1510; x_wconf 85' lang='lat' dir='ltr'><strong>Sed</strong></span> <span class='ocrx_word' id='word_1_183' title='bbox 1428 1469 1689 1511; x_wconf 86' lang='lat' dir='ltr'><strong>consuetudo</strong></span> <span class='ocrx_word' id='word_1_184' title='bbox 1719 1470 1781 1511; x_wconf 87' lang='lat' dir='ltr'><strong>rei</strong></span> <span class='ocrx_word' id='word_1_185' title='bbox 1812 1478 1851 1511; x_wconf 91' lang='lat' dir='ltr'><strong>et</strong></span> <span class='ocrx_word' id='word_1_186' title='bbox 1873 1470 1962 1525; x_wconf 90' lang='lat' dir='ltr'><strong>spei</strong></span> <span class='ocrx_word' id='word_1_187' title='bbox 1993 1469 2208 1525; x_wconf 86' lang='lat' dir='ltr'><strong>corripuit,</strong></span> 
     </span>
     <span class='ocr_line' id='line_1_18' title="bbox 127 1543 2208 1604; baseline 0 -16"><span class='ocrx_word' id='word_1_188' title='bbox 127 1543 219 1588; x_wconf 70' lang='lat'><strong>502</strong></span> <span class='ocrx_word' id='word_1_189' title='bbox 250 1546 427 1588; x_wconf 83' lang='lat' dir='ltr'><strong>sortasse</strong></span> <span class='ocrx_word' id='word_1_190' title='bbox 456 1547 574 1603; x_wconf 89' lang='lat' dir='ltr'><strong>quod</strong></span> <span class='ocrx_word' id='word_1_191' title='bbox 604 1547 905 1602; x_wconf 85' lang='lat' dir='ltr'><strong>monosyllaba</strong></span> <span class='ocrx_word' id='word_1_192' title='bbox 933 1557 1043 1589; x_wconf 89' lang='lat' dir='ltr'><strong>sunt.</strong></span> <span class='ocrx_word' id='word_1_193' title='bbox 1103 1549 1131 1590; x_wconf 91' lang='lat' dir='ltr'>S</span> <span class='ocrx_word' id='word_1_194' title='bbox 1161 1549 1282 1590; x_wconf 85' lang='lat' dir='ltr'><strong>litera</strong></span> <span class='ocrx_word' id='word_1_195' title='bbox 1317 1558 1548 1604; x_wconf 87' lang='lat' dir='ltr'><strong>praeeunte</strong></span> <span class='ocrx_word' id='word_1_196' title='bbox 1578 1549 1598 1590; x_wconf 94' lang='lat' dir='ltr'>I</span> <span class='ocrx_word' id='word_1_197' title='bbox 1627 1549 1954 1590; x_wconf 86' lang='lat' dir='ltr'><strong>terminatorum</strong></span> <span class='ocrx_word' id='word_1_198' title='bbox 1986 1549 2066 1590; x_wconf 88' lang='lat' dir='ltr'><strong>alia</strong></span> <span class='ocrx_word' id='word_1_199' title='bbox 2097 1563 2208 1589; x_wconf 85' lang='lat' dir='ltr'><strong>cres-</strong></span> 
     </span>
     <span class='ocr_line' id='line_1_19' title="bbox 253 1628 2206 1684; baseline 0.001 -15"><span class='ocrx_word' id='word_1_200' title='bbox 253 1638 353 1670; x_wconf 88' lang='lat' dir='ltr'><strong>cunt</strong></span> <span class='ocrx_word' id='word_1_201' title='bbox 394 1643 470 1683; x_wconf 87' lang='lat' dir='ltr'><strong>per</strong></span> <span class='ocrx_word' id='word_1_202' title='bbox 513 1628 710 1682; x_wconf 89' lang='lat' dir='ltr'><strong>obliquos</strong></span> <span class='ocrx_word' id='word_1_203' title='bbox 758 1642 900 1679; x_wconf 86' lang='lat' dir='ltr'><strong>casus,</strong></span> <span class='ocrx_word' id='word_1_204' title='bbox 942 1628 1020 1669; x_wconf 88' lang='lat' dir='ltr'><strong>alia</strong></span> <span class='ocrx_word' id='word_1_205' title='bbox 1060 1628 1170 1671; x_wconf 89' lang='lat' dir='ltr'><strong>intra</strong></span> <span class='ocrx_word' id='word_1_206' title='bbox 1200 1629 1378 1671; x_wconf 86' lang='lat' dir='ltr'><strong>modum</strong></span> <span class='ocrx_word' id='word_1_207' title='bbox 1416 1629 1630 1684; x_wconf 89' lang='lat' dir='ltr'><strong>positionis</strong></span> <span class='ocrx_word' id='word_1_208' title='bbox 1670 1630 1959 1681; x_wconf 87' lang='lat' dir='ltr'><strong>eontinentur,</strong></span> <span class='ocrx_word' id='word_1_209' title='bbox 1999 1629 2206 1672; x_wconf 86' lang='lat' dir='ltr'><strong>duntaxat</strong></span> 
     </span>
     <span class='ocr_line' id='line_1_20' title="bbox 253 1709 2203 1767; baseline 0.001 -18"><span class='ocrx_word' id='word_1_210' title='bbox 253 1711 294 1750; x_wconf 91' lang='lat' dir='ltr'><strong>in</strong></span> <span class='ocrx_word' id='word_1_211' title='bbox 332 1724 515 1750; x_wconf 90' lang='lat' dir='ltr'><strong>numero</strong></span> <span class='ocrx_word' id='word_1_212' title='bbox 552 1709 766 1764; x_wconf 85' lang='lat' dir='ltr'><strong>singulari.</strong></span> <span class='ocrx_word' id='word_1_213' title='bbox 840 1709 1006 1751; x_wconf 87' lang='lat' dir='ltr'><strong>Eorum</strong></span> <span class='ocrx_word' id='word_1_214' title='bbox 1044 1711 1190 1765; x_wconf 81' lang='lat' dir='ltr'><strong>igitur,</strong></span> <span class='ocrx_word' id='word_1_215' title='bbox 1235 1725 1347 1766; x_wconf 85' lang='lat' dir='ltr'><strong>quae</strong></span> <span class='ocrx_word' id='word_1_216' title='bbox 1383 1726 1468 1752; x_wconf 88' lang='lat' dir='ltr'><strong>non</strong></span> <span class='ocrx_word' id='word_1_217' title='bbox 1507 1720 1721 1763; x_wconf 84' lang='lat' dir='ltr'><strong>creseunt,</strong></span> <span class='ocrx_word' id='word_1_218' title='bbox 1761 1711 1919 1767; x_wconf 90' lang='lat' dir='ltr'><strong>speeies</strong></span> <span class='ocrx_word' id='word_1_219' title='bbox 1949 1720 2047 1752; x_wconf 91' lang='lat' dir='ltr'><strong>sunt</strong></span> <span class='ocrx_word' id='word_1_220' title='bbox 2077 1710 2203 1753; x_wconf 85' lang='lat' dir='ltr'><strong>duae.</strong></span> 
     </span>
    </p>
   </div>
   <div class='ocr_carea' id='block_1_3' title="bbox 252 1790 2203 1847">
    <p class='ocr_par' dir='ltr' id='par_1_3' title="bbox 252 1790 2203 1847">
     <span class='ocr_line' id='line_1_21' title="bbox 252 1790 2203 1847; baseline 0.002 -18"><span class='ocrx_word' id='word_1_221' title='bbox 252 1790 395 1830; x_wconf 77' lang='lat' dir='ltr'><strong>Prima</strong></span> <span class='ocrx_word' id='word_1_222' title='bbox 432 1791 594 1845; x_wconf 75' lang='lat' dir='ltr'><strong>generis</strong></span> <span class='ocrx_word' id='word_1_223' title='bbox 637 1791 881 1844; x_wconf 84' lang='lat' dir='ltr'><strong>masculini,</strong></span> <span class='ocrx_word' id='word_1_224' title='bbox 922 1800 971 1835; x_wconf 88' lang='lat' dir='ltr'><strong>ut</strong></span> <span class='ocrx_word' id='word_1_225' title='bbox 998 1792 1177 1845; x_wconf 83' lang='lat' dir='ltr'><strong>scrobis,</strong></span> <span class='ocrx_word' id='word_1_226' title='bbox 1208 1791 1385 1843; x_wconf 79' lang='lat' dir='ltr'><strong>mensis,</strong></span> <span class='ocrx_word' id='word_1_227' title='bbox 1423 1790 1517 1831; x_wconf 86' lang='lat' dir='ltr'><strong>licet</strong></span> <span class='ocrx_word' id='word_1_228' title='bbox 1546 1791 1748 1833; x_wconf 89' lang='lat' dir='ltr'><strong>Lucanus</strong></span> <span class='ocrx_word' id='word_1_229' title='bbox 1779 1792 1976 1847; x_wconf 79' lang='lat' dir='ltr'><strong>exiguam</strong></span> <span class='ocrx_word' id='word_1_230' title='bbox 2010 1790 2203 1833; x_wconf 88' lang='lat' dir='ltr'><strong>scrobem</strong></span> 
     </span>
    </p>
   </div>
   <div class='ocr_carea' id='block_1_4' title="bbox 254 1942 2203 2426">
    <p class='ocr_par' dir='ltr' id='par_1_4' title="bbox 254 1942 2203 2000">
     <span class='ocr_line' id='line_1_22' title="bbox 254 1942 2203 2000; baseline 0.001 -25"><span class='ocrx_word' id='word_1_231' title='bbox 254 1943 446 1975; x_wconf 81' lang='lat' dir='ltr'><strong>editionibus</strong></span> <span class='ocrx_word' id='word_1_232' title='bbox 479 1942 573 1975; x_wconf 83' lang='lat' dir='ltr'><strong>etiam</strong></span> <span class='ocrx_word' id='word_1_233' title='bbox 606 1942 705 1975; x_wconf 77' lang='lat' dir='ltr'><strong>Nicia</strong></span> <span class='ocrx_word' id='word_1_234' title='bbox 730 1944 858 1988; x_wconf 88' lang='lat' dir='ltr'><strong>reposui</strong></span> <span class='ocrx_word' id='word_1_235' title='bbox 882 1956 940 1989; x_wconf 88' lang='lat' dir='ltr'><strong>pro</strong></span> <span class='ocrx_word' id='word_1_236' title='bbox 967 1944 1091 1978; x_wconf 81' lang='lat' dir='ltr'><strong>Nicaea</strong></span> <span class='ocrx_word' id='word_1_237' title='bbox 1120 1944 1204 1989; x_wconf 83' lang='lat' dir='ltr'><strong>apud</strong></span> <span class='ocrx_word' id='word_1_238' title='bbox 1254 1944 1376 2000; x_wconf 63' lang='lat' dir='ltr'><strong>syllaba</strong></span> <span class='ocrx_word' id='word_1_239' title='bbox 1404 1944 1532 1988; x_wconf 85' lang='lat' dir='ltr'><strong>(nempe</strong></span> <span class='ocrx_word' id='word_1_240' title='bbox 1555 1944 1643 1985; x_wconf 77' lang='lat' dir='ltr'><strong>dies,</strong></span> <span class='ocrx_word' id='word_1_241' title='bbox 1673 1944 1748 1988; x_wconf 72' lang='lat' dir='ltr'><strong>diei)</strong></span> <span class='ocrx_word' id='word_1_242' title='bbox 1772 1944 1790 1977; x_wconf 91' lang='lat'>1</span> <span class='ocrx_word' id='word_1_243' title='bbox 1808 1944 1900 1977; x_wconf 81' lang='lat' dir='ltr'><strong>litera</strong></span> <span class='ocrx_word' id='word_1_244' title='bbox 1923 1944 2048 1986; x_wconf 78' lang='lat' dir='ltr'><strong>finitur,</strong></span> <span class='ocrx_word' id='word_1_245' title='bbox 2073 1944 2128 1989; x_wconf 78' lang='lat' dir='ltr'><strong>qui</strong></span> <span class='ocrx_word' id='word_1_246' title='bbox 2151 1956 2203 1986; x_wconf 84' lang='lat' dir='ltr'><strong>ge-</strong></span> 
     </span>
    </p>

    <p class='ocr_par' dir='ltr' id='par_1_5' title="bbox 256 2004 2203 2115">
     <span class='ocr_line' id='line_1_23' title="bbox 256 2004 2203 2051; baseline 0 -14"><span class='ocrx_word' id='word_1_247' title='bbox 256 2004 412 2037; x_wconf 76' lang='lat' dir='ltr'><strong>Grolium.</strong></span> <span class='ocrx_word' id='word_1_248' title='bbox 1252 2008 1374 2040; x_wconf 79' lang='lat' dir='ltr'><strong>nitivus</strong></span> <span class='ocrx_word' id='word_1_249' title='bbox 1403 2008 1498 2039; x_wconf 83' lang='lat' dir='ltr'><strong>etiam</strong></span> <span class='ocrx_word' id='word_1_250' title='bbox 1528 2007 1653 2039; x_wconf 83' lang='lat' dir='ltr'><strong>dativus</strong></span> <span class='ocrx_word' id='word_1_251' title='bbox 1680 2007 1772 2051; x_wconf 79' lang='lat' dir='ltr'><strong>(diei)</strong></span> <span class='ocrx_word' id='word_1_252' title='bbox 1796 2007 1945 2038; x_wconf 82' lang='lat' dir='ltr'><strong>habetur:</strong></span> <span class='ocrx_word' id='word_1_253' title='bbox 1970 2006 2149 2039; x_wconf 76' lang='lat' dir='ltr'><strong>accusativo</strong></span> <span class='ocrx_word' id='word_1_254' title='bbox 2171 2006 2203 2037; x_wconf 88' lang='lat' dir='ltr'><strong>in</strong></span> 
     </span>
     <span class='ocr_line' id='line_1_24' title="bbox 326 2066 2202 2115; baseline 0.001 -17"><span class='ocrx_word' id='word_1_255' title='bbox 326 2068 383 2098; x_wconf 79' lang='lat' dir='ltr'><strong>sed</strong></span> <span class='ocrx_word' id='word_1_256' title='bbox 402 2066 576 2112; x_wconf 67' lang='lat' dir='ltr'><strong>genitivus]</strong></span> <span class='ocrx_word' id='word_1_257' title='bbox 603 2067 688 2100; x_wconf 79' lang='lat' dir='ltr'><strong>Male</strong></span> <span class='ocrx_word' id='word_1_258' title='bbox 714 2068 847 2100; x_wconf 79' lang='lat' dir='ltr'><strong>Grotius</strong></span> <span class='ocrx_word' id='word_1_259' title='bbox 867 2069 973 2101; x_wconf 81' lang='lat' dir='ltr'><strong>omisit</strong></span> <span class='ocrx_word' id='word_1_260' title='bbox 998 2070 1072 2109; x_wconf 80' lang='lat' dir='ltr'><strong>sed,</strong></span> <span class='ocrx_word' id='word_1_261' title='bbox 1094 2082 1202 2114; x_wconf 85' lang='lat' dir='ltr'><strong>quam-</strong></span> <span class='ocrx_word' id='word_1_262' title='bbox 1252 2070 1320 2105; x_wconf 84' lang='lat' dir='ltr'><strong>EM</strong></span> <span class='ocrx_word' id='word_1_263' title='bbox 1343 2071 1408 2102; x_wconf 79' lang='lat' dir='ltr'><strong>exit</strong></span> <span class='ocrx_word' id='word_1_264' title='bbox 1422 2070 1556 2115; x_wconf 77' lang='lat' dir='ltr'><strong>(diem),</strong></span> <span class='ocrx_word' id='word_1_265' title='bbox 1579 2070 1717 2103; x_wconf 83' lang='lat' dir='ltr'><strong>ablativo</strong></span> <span class='ocrx_word' id='word_1_266' title='bbox 1738 2071 1771 2102; x_wconf 90' lang='lat' dir='ltr'><strong>in</strong></span> <span class='ocrx_word' id='word_1_267' title='bbox 1788 2070 1817 2102; x_wconf 86' lang='lat' dir='ltr'><strong>E</strong></span> <span class='ocrx_word' id='word_1_268' title='bbox 1829 2070 2016 2114; x_wconf 83' lang='lat' dir='ltr'><strong>productam</strong></span> <span class='ocrx_word' id='word_1_269' title='bbox 2032 2069 2129 2112; x_wconf 82' lang='lat' dir='ltr'><strong>(die),</strong></span> <span class='ocrx_word' id='word_1_270' title='bbox 2151 2070 2202 2101; x_wconf 85' lang='lat' dir='ltr'><strong>cui</strong></span> 
     </span>
    </p>

    <p class='ocr_par' dir='ltr' id='par_1_6' title="bbox 254 2129 2202 2178">
     <span class='ocr_line' id='line_1_25' title="bbox 254 2129 2202 2178; baseline 0.001 -16"><span class='ocrx_word' id='word_1_271' title='bbox 254 2132 302 2163; x_wconf 65' lang='lat' dir='ltr'><strong>vis</strong></span> <span class='ocrx_word' id='word_1_272' title='bbox 326 2131 359 2163; x_wconf 88' lang='lat' dir='ltr'><strong>in</strong></span> <span class='ocrx_word' id='word_1_273' title='bbox 382 2129 592 2162; x_wconf 79' lang='lat' dir='ltr'><strong>anterioribus</strong></span> <span class='ocrx_word' id='word_1_274' title='bbox 616 2131 749 2173; x_wconf 84' lang='lat' dir='ltr'><strong>legatur.</strong></span> <span class='ocrx_word' id='word_1_275' title='bbox 773 2131 864 2165; x_wconf 77' lang='lat' dir='ltr'><strong>Idem</strong></span> <span class='ocrx_word' id='word_1_276' title='bbox 886 2145 961 2165; x_wconf 79' lang='lat' dir='ltr'><strong>mox</strong></span> <span class='ocrx_word' id='word_1_277' title='bbox 984 2133 1062 2167; x_wconf 82' lang='lat' dir='ltr'><strong>mire</strong></span> <span class='ocrx_word' id='word_1_278' title='bbox 1085 2134 1203 2167; x_wconf 75' lang='lat' dir='ltr'><strong>habent</strong></span> <span class='ocrx_word' id='word_1_279' title='bbox 1254 2134 1376 2176; x_wconf 82' lang='lat' dir='ltr'><strong>adjecta</strong></span> <span class='ocrx_word' id='word_1_280' title='bbox 1397 2134 1496 2167; x_wconf 81' lang='lat' dir='ltr'><strong>RUM</strong></span> <span class='ocrx_word' id='word_1_281' title='bbox 1527 2134 1649 2178; x_wconf 78' lang='lat' dir='ltr'><strong>syllaba</strong></span> <span class='ocrx_word' id='word_1_282' title='bbox 1674 2134 1844 2176; x_wconf 79' lang='lat' dir='ltr'><strong>genitivum</strong></span> <span class='ocrx_word' id='word_1_283' title='bbox 1869 2132 2024 2177; x_wconf 82' lang='lat' dir='ltr'><strong>pluralem</strong></span> <span class='ocrx_word' id='word_1_284' title='bbox 2049 2132 2202 2178; x_wconf 76' lang='lat' dir='ltr'><strong>(dierum)</strong></span> 
     </span>
    </p>

    <p class='ocr_par' dir='ltr' id='par_1_7' title="bbox 254 2194 2201 2303">
     <span class='ocr_line' id='line_1_26' title="bbox 254 2194 2201 2239; baseline -0.001 -13"><span class='ocrx_word' id='word_1_285' title='bbox 254 2206 313 2239; x_wconf 87' lang='lat' dir='ltr'><strong>pro</strong></span> <span class='ocrx_word' id='word_1_286' title='bbox 336 2194 505 2226; x_wconf 78' lang='lat' dir='ltr'><strong>habentur.</strong></span> <span class='ocrx_word' id='word_1_287' title='bbox 1253 2196 1347 2236; x_wconf 76' lang='lat' dir='ltr'><strong>facit3</strong></span> <span class='ocrx_word' id='word_1_288' title='bbox 1374 2195 1466 2237; x_wconf 87' lang='lat' dir='ltr'><strong>cujus</strong></span> <span class='ocrx_word' id='word_1_289' title='bbox 1486 2194 1608 2227; x_wconf 88' lang='lat' dir='ltr'><strong>numeri</strong></span> <span class='ocrx_word' id='word_1_290' title='bbox 1626 2195 1782 2239; x_wconf 87' lang='lat' dir='ltr'><strong>(pluralis)</strong></span> <span class='ocrx_word' id='word_1_291' title='bbox 1803 2194 2030 2226; x_wconf 73' lang='lat' dir='ltr'><strong>nominativum</strong></span> <span class='ocrx_word' id='word_1_292' title='bbox 2048 2206 2119 2226; x_wconf 87' lang='lat' dir='ltr'><strong>cum</strong></span> <span class='ocrx_word' id='word_1_293' title='bbox 2137 2196 2201 2239; x_wconf 81' lang='lat' dir='ltr'><strong>pri·</strong></span> 
     </span>
     <span class='ocr_line' id='line_1_27' title="bbox 327 2253 2200 2303; baseline 0.001 -16"><span class='ocrx_word' id='word_1_294' title='bbox 327 2253 459 2303; x_wconf 79' lang='lat' dir='ltr'><strong>quarta]</strong></span> <span class='ocrx_word' id='word_1_295' title='bbox 482 2255 659 2298; x_wconf 78' lang='lat' dir='ltr'><strong>Pel-peram</strong></span> <span class='ocrx_word' id='word_1_296' title='bbox 680 2256 756 2286; x_wconf 78' lang='lat' dir='ltr'><strong>editi</strong></span> <span class='ocrx_word' id='word_1_297' title='bbox 784 2269 867 2290; x_wconf 68' lang='lat' dir='ltr'><strong>„non</strong></span> <span class='ocrx_word' id='word_1_298' title='bbox 891 2258 1013 2290; x_wconf 68' lang='lat' dir='ltr'><strong>differta</strong></span> <span class='ocrx_word' id='word_1_299' title='bbox 1042 2270 1106 2302; x_wconf 86' lang='lat' dir='ltr'><strong>quo</strong></span> <span class='ocrx_word' id='word_1_300' title='bbox 1131 2271 1203 2292; x_wconf 75' lang='lat' dir='ltr'><strong>sen-</strong></span> <span class='ocrx_word' id='word_1_301' title='bbox 1253 2270 1304 2290; x_wconf 86' lang='lat' dir='ltr'><strong>ma</strong></span> <span class='ocrx_word' id='word_1_302' title='bbox 1333 2257 1492 2300; x_wconf 82' lang='lat' dir='ltr'><strong>positione</strong></span> <span class='ocrx_word' id='word_1_303' title='bbox 1522 2257 1574 2301; x_wconf 80' lang='lat' dir='ltr'><strong>(id</strong></span> <span class='ocrx_word' id='word_1_304' title='bbox 1598 2262 1647 2288; x_wconf 84' lang='lat' dir='ltr'><strong>est</strong></span> <span class='ocrx_word' id='word_1_305' title='bbox 1676 2256 1869 2289; x_wconf 78' lang='lat' dir='ltr'><strong>nominativo</strong></span> <span class='ocrx_word' id='word_1_306' title='bbox 1894 2256 1974 2300; x_wconf 78' lang='lat' dir='ltr'><strong>dies)</strong></span> <span class='ocrx_word' id='word_1_307' title='bbox 2002 2262 2034 2288; x_wconf 84' lang='lat' dir='ltr'><strong>et</strong></span> <span class='ocrx_word' id='word_1_308' title='bbox 2054 2257 2200 2290; x_wconf 71' lang='lat' dir='ltr'><strong>vocativo</strong></span> 
     </span>
    </p>

    <p class='ocr_par' dir='ltr' id='par_1_8' title="bbox 257 2317 1732 2366">
     <span class='ocr_line' id='line_1_28' title="bbox 257 2317 1732 2366; baseline -0.002 -14"><span class='ocrx_word' id='word_1_309' title='bbox 257 2331 312 2352; x_wconf 79' lang='lat' dir='ltr'><strong>sus</strong></span> <span class='ocrx_word' id='word_1_310' title='bbox 329 2330 461 2364; x_wconf 86' lang='lat' dir='ltr'><strong>prorsus</strong></span> <span class='ocrx_word' id='word_1_311' title='bbox 478 2318 655 2350; x_wconf 80' lang='lat' dir='ltr'><strong>contrarius</strong></span> <span class='ocrx_word' id='word_1_312' title='bbox 670 2319 833 2364; x_wconf 79' lang='lat' dir='ltr'><strong>salsusque</strong></span> <span class='ocrx_word' id='word_1_313' title='bbox 852 2321 925 2353; x_wconf 79' lang='lat' dir='ltr'><strong>exit.</strong></span> <span class='ocrx_word' id='word_1_314' title='bbox 959 2323 1058 2365; x_wconf 77' lang='lat' dir='ltr'><strong>Quod</strong></span> <span class='ocrx_word' id='word_1_315' title='bbox 1074 2323 1203 2366; x_wconf 80' lang='lat' dir='ltr'><strong>reposui</strong></span> <span class='ocrx_word' id='word_1_316' title='bbox 1253 2318 1407 2361; x_wconf 84' lang='lat' dir='ltr'><strong>singulari</strong></span> <span class='ocrx_word' id='word_1_317' title='bbox 1434 2319 1531 2362; x_wconf 76' lang='lat' dir='ltr'><strong>(dies)</strong></span> <span class='ocrx_word' id='word_1_318' title='bbox 1557 2317 1732 2349; x_wconf 76' lang='lat' dir='ltr'><strong>confundit.</strong></span> 
     </span>
    </p>

    <p class='ocr_par' dir='ltr' id='par_1_9' title="bbox 264 2378 2200 2426">
     <span class='ocr_line' id='line_1_29' title="bbox 264 2378 2200 2426; baseline -0.001 -14"><span class='ocrx_word' id='word_1_319' title='bbox 264 2382 344 2414; x_wconf 76' lang='lat' dir='ltr'><strong>»hoc</strong></span> <span class='ocrx_word' id='word_1_320' title='bbox 366 2381 506 2421; x_wconf 72' lang='lat' dir='ltr'><strong>differt«,</strong></span> <span class='ocrx_word' id='word_1_321' title='bbox 529 2379 656 2412; x_wconf 85' lang='lat' dir='ltr'><strong>codices</strong></span> <span class='ocrx_word' id='word_1_322' title='bbox 673 2380 876 2414; x_wconf 82' lang='lat' dir='ltr'><strong>Monacensis</strong></span> <span class='ocrx_word' id='word_1_323' title='bbox 898 2382 953 2426; x_wconf 90' lang='lat' dir='ltr'><strong>(C)</strong></span> <span class='ocrx_word' id='word_1_324' title='bbox 975 2390 1007 2415; x_wconf 88' lang='lat' dir='ltr'><strong>et</strong></span> <span class='ocrx_word' id='word_1_325' title='bbox 1024 2385 1201 2417; x_wconf 68' lang='lat' dir='ltr'><strong>Darmstat-</strong></span> <span class='ocrx_word' id='word_1_326' title='bbox 1324 2378 1490 2425; x_wconf 81' lang='lat' dir='ltr'><strong>Lucanus]</strong></span> <span class='ocrx_word' id='word_1_327' title='bbox 1517 2380 1556 2411; x_wconf 88' lang='lat' dir='ltr'><strong>In</strong></span> <span class='ocrx_word' id='word_1_328' title='bbox 1569 2379 1735 2411; x_wconf 82' lang='lat' dir='ltr'><strong>Pharsalia</strong></span> <span class='ocrx_word' id='word_1_329' title='bbox 1759 2380 1799 2420; x_wconf 82' lang='lat'><strong>8,</strong></span> <span class='ocrx_word' id='word_1_330' title='bbox 1823 2380 1913 2413; x_wconf 78' lang='lat'>756:</span> <span class='ocrx_word' id='word_1_331' title='bbox 1935 2381 2074 2424; x_wconf 61' lang='lat' dir='ltr'><strong>»ea-iqua</strong></span> <span class='ocrx_word' id='word_1_332' title='bbox 2093 2380 2200 2425; x_wconf 83' lang='lat' dir='ltr'><strong>posuit</strong></span> 
     </span>
    </p>
   </div>
   <div class='ocr_carea' id='block_1_5' title="bbox 258 2441 2199 2487">
    <p class='ocr_par' dir='ltr' id='par_1_10' title="bbox 258 2441 2199 2487">
     <span class='ocr_line' id='line_1_30' title="bbox 258 2441 2199 2487; baseline 0 -13"><span class='ocrx_word' id='word_1_333' title='bbox 258 2443 358 2475; x_wconf 80' lang='lat' dir='ltr'><strong>tensis</strong></span> <span class='ocrx_word' id='word_1_334' title='bbox 378 2442 602 2487; x_wconf 83' lang='lat' dir='ltr'><strong>praebuerunt.</strong></span> <span class='ocrx_word' id='word_1_335' title='bbox 1252 2441 1396 2486; x_wconf 73' lang='lat' dir='ltr'><strong>trepidus</strong></span> <span class='ocrx_word' id='word_1_336' title='bbox 1420 2443 1563 2483; x_wconf 73' lang='lat' dir='ltr'><strong>scrobe«,</strong></span> <span class='ocrx_word' id='word_1_337' title='bbox 1595 2442 1647 2473; x_wconf 88' lang='lat' dir='ltr'><strong>ubi</strong></span> <span class='ocrx_word' id='word_1_338' title='bbox 1678 2442 1810 2474; x_wconf 80' lang='lat' dir='ltr'><strong>Coi-tius</strong></span> <span class='ocrx_word' id='word_1_339' title='bbox 1836 2447 1945 2474; x_wconf 85' lang='lat' dir='ltr'><strong>monet</strong></span> <span class='ocrx_word' id='word_1_340' title='bbox 1969 2441 2119 2475; x_wconf 70' lang='lat' dir='ltr'><strong>Servium</strong></span> <span class='ocrx_word' id='word_1_341' title='bbox 2145 2441 2199 2486; x_wconf 84' lang='lat' dir='ltr'><strong>(ad</strong></span> 
     </span>
    </p>
   </div>
   <div class='ocr_carea' id='block_1_6' title="bbox 263 2502 2197 2612">
    <p class='ocr_par' dir='ltr' id='par_1_11' title="bbox 263 2502 2197 2612">
     <span class='ocr_line' id='line_1_31' title="bbox 333 2502 2197 2552; baseline 0.001 -17"><span class='ocrx_word' id='word_1_342' title='bbox 333 2502 459 2552; x_wconf 78' lang='lat' dir='ltr'><strong>quinta]</strong></span> <span class='ocrx_word' id='word_1_343' title='bbox 486 2504 563 2547; x_wconf 78' lang='lat' dir='ltr'><strong>Quo</strong></span> <span class='ocrx_word' id='word_1_344' title='bbox 587 2502 700 2535; x_wconf 83' lang='lat' dir='ltr'><strong>melius</strong></span> <span class='ocrx_word' id='word_1_345' title='bbox 719 2503 891 2549; x_wconf 75' lang='lat' dir='ltr'><strong>perspicias</strong></span> <span class='ocrx_word' id='word_1_346' title='bbox 913 2517 993 2551; x_wconf 80' lang='lat' dir='ltr'><strong>qnae</strong></span> <span class='ocrx_word' id='word_1_347' title='bbox 1015 2513 1203 2552; x_wconf 84' lang='lat' dir='ltr'><strong>sequuntur,</strong></span> <span class='ocrx_word' id='word_1_348' title='bbox 1254 2517 1363 2549; x_wconf 83' lang='lat' dir='ltr'><strong>georg.</strong></span> <span class='ocrx_word' id='word_1_349' title='bbox 1380 2506 1421 2547; x_wconf 73' lang='lat'><strong>2,</strong></span> <span class='ocrx_word' id='word_1_350' title='bbox 1449 2507 1498 2538; x_wconf 77' lang='lat'><strong>50</strong></span> <span class='ocrx_word' id='word_1_351' title='bbox 1514 2511 1545 2537; x_wconf 86' lang='lat' dir='ltr'><strong>et</strong></span> <span class='ocrx_word' id='word_1_352' title='bbox 1569 2505 1656 2548; x_wconf 70' lang='lat'>288)</span> <span class='ocrx_word' id='word_1_353' title='bbox 1681 2505 1924 2550; x_wconf 80' lang='lat' dir='ltr'><strong>reprehendisse</strong></span> <span class='ocrx_word' id='word_1_354' title='bbox 1949 2506 2091 2539; x_wconf 84' lang='lat' dir='ltr'><strong>scrobem</strong></span> <span class='ocrx_word' id='word_1_355' title='bbox 2111 2505 2197 2538; x_wconf 75' lang='lat' dir='ltr'><strong>femi-</strong></span> 
     </span>
     <span class='ocr_line' id='line_1_32' title="bbox 263 2564 2197 2612; baseline 0.008 -17"><span class='ocrx_word' id='word_1_356' title='bbox 263 2564 342 2596; x_wconf 73' lang='lat' dir='ltr'><strong>adde</strong></span> <span class='ocrx_word' id='word_1_357' title='bbox 366 2565 544 2609; x_wconf 62' lang='lat' dir='ltr'><strong>exemplum</strong></span> <span class='ocrx_word' id='word_1_358' title='bbox 570 2571 601 2597; x_wconf 86' lang='lat' dir='ltr'><strong>et</strong></span> <span class='ocrx_word' id='word_1_359' title='bbox 620 2565 777 2607; x_wconf 71' lang='lat' dir='ltr'><strong>intellige:</strong></span> <span class='ocrx_word' id='word_1_360' title='bbox 800 2566 904 2608; x_wconf 60' lang='lat' dir='ltr'><strong>»quod</strong></span> <span class='ocrx_word' id='word_1_361' title='bbox 933 2568 1090 2610; x_wconf 74' lang='lat' dir='ltr'><strong>genitivus</strong></span> <span class='ocrx_word' id='word_1_362' title='bbox 1117 2575 1206 2603; x_wconf 76' lang='lat' dir='ltr'><strong>aucta</strong></span> <span class='ocrx_word' id='word_1_363' title='bbox 1257 2568 1334 2604; x_wconf 76' lang='lat' dir='ltr'><strong>nino</strong></span> <span class='ocrx_word' id='word_1_364' title='bbox 1358 2580 1474 2611; x_wconf 66' lang='lat' dir='ltr'><strong>genere</strong></span> <span class='ocrx_word' id='word_1_365' title='bbox 1505 2581 1523 2600; x_wconf 66' lang='lat' dir='ltr'><strong>a</strong></span> <span class='ocrx_word' id='word_1_366' title='bbox 1555 2567 1686 2602; x_wconf 69' lang='lat' dir='ltr'><strong>1⁴¹¹C³¹¹0</strong></span> <span class='ocrx_word' id='word_1_367' title='bbox 1718 2567 1885 2612; x_wconf 65' lang='lat' dir='ltr'><strong>[1¹¹⁰latum·</strong></span> <span class='ocrx_word' id='word_1_368' title='bbox 1909 2567 2062 2602; x_wconf 58' lang='lat' dir='ltr'><strong>&#39;’Melius“</strong></span> <span class='ocrx_word' id='word_1_369' title='bbox 2095 2566 2197 2610; x_wconf 55' lang='lat' dir='ltr'><strong>inquil</strong></span> 
     </span>
    </p>
   </div>
  </div>
 </body>
</html>
