2310 2860
169 511 256 553 §.³52

203 930 261 944 ⁸⁵⁷—

291 169 376 210 723
853 164 1055 206 Martiani
1084 163 1285 220 Capellae
1314 163 1387 204 lib.
1410 163 1488 204 IX.
1519 165 1549 214 §.
1573 164 1673 205 951.

290 283 431 315 sextus
458 271 648 312 decimus
682 273 790 321 τρίτη
819 271 1109 320 ὑπερβολαίων,
1149 268 1191 309 id
1216 277 1276 309 est
1305 268 1425 309 tertia
1456 268 1779 319 excellentium3
1817 270 2019 325 septimus
2049 269 2241 311 decimus

288 356 562 403 ὑπερβολαίων
600 351 800 399 ὃιάτονος,
851 350 933 391 hoe
985 360 1044 391 est
1095 350 1391 391 excellentium
1447 359 1612 390 extenta
1623 365 1635 402 3
1688 358 1863 391 octavus
1906 350 2095 393 decimus
2140 353 2239 401 νήτη

287 436 579 483 ὑπερβολαίων,
621 431 665 472 id
690 441 750 473 est
778 431 929 473 ultima
954 431 1265 473 excellentium.
1307 432 1363 473 Hi
1387 440 1485 472 sunt
1509 430 1634 484 igitur
1659 430 1771 480 soni,
1802 430 1879 485 qui
1904 430 2240 473 modulationem

286 523 380 568 apte
411 522 451 553 et
481 528 587 554 eum
618 513 779 553 ratione
812 520 1088 567 componunt.
1149 510 1320 551 Constat
1351 519 1492 550 autem
1525 509 1661 549 omnis
1692 508 1926 551 modulatio
1957 525 2010 551 ex
2040 512 2241 566 gravitate

290 593 382 634 soni
413 593 481 634 vel
514 593 721 633 acumine.
783 591 979 632 Gravitas
1009 591 1184 642 dicitur,
1238 605 1349 646 quae
1380 589 1496 630 modi
1527 589 1717 645 quadam
1759 591 1979 631 emissione
2017 590 2241 643 mollescit3

292 674 473 716 acufflen
500 688 614 724 vero,
648 671 765 728 quod
787 673 830 713 in
854 672 985 714 aciem
1010 681 1224 714 tenuatam
1245 670 1409 727 gracilis
1427 678 1466 710 et
1481 678 1642 713 erectae
1665 669 1963 711 modulationis
1988 670 2238 712 extenditur.

1027 828 1101 869 DE
1142 826 1510 869 SYMPHONIIS.

457 934 522 975 Ex
555 933 803 989 supradictis
838 934 980 989 itaque
1011 933 1144 984 sonis,
1201 931 1277 986 qui
1306 941 1344 972 et
1374 933 1545 988 singulis
1576 941 1616 974 et
1645 933 1842 974 omnibus
1872 933 2002 990 tropis
2031 934 2110 975 rite
2140 948 2242 975 con-

291 1016 490 1065 veniunt,
533 1015 815 1070 symphoniae
845 1024 927 1055 tres
957 1024 1075 1065 sunt,
1124 1028 1314 1069 quarum
1344 1023 1404 1055 est
1433 1014 1574 1069 prima
1609 1016 1675 1054 διὰ
1701 1017 1913 1066 τεσσάρων,
1959 1028 2070 1069 quae
2093 1013 2243 1056 Latine

291 1096 530 1153 appellatur
579 1111 631 1137 ex
672 1106 882 1152 quatuor,
933 1105 972 1136 et
1009 1095 1156 1151 recipit
1194 1109 1317 1136 sonos
1361 1104 1568 1149 quatuor,
1618 1094 1751 1151 spatia
1791 1095 1890 1147 tria,
1945 1094 2242 1150 productiones

363 1211 515 1254 septimus
540 1208 693 1254 decimus]
722 1210 795 1249 Sic,
825 1216 858 1242 et
889 1210 984 1254 paulo
1007 1215 1082 1253 post
1110 1216 1242 1242 octavus

291 1272 444 1310 decimus,
464 1277 597 1315 uterque
612 1271 846 1303 Meihomianus
860 1283 919 1316 pro
935 1272 1075 1303 deeimzcs
1090 1272 1243 1315 septimus

291 1342 324 1367 et
347 1336 487 1366 deeinms
508 1341 638 1366 octavus
659 1335 691 1366 in
714 1335 816 1366 editis.

366 1408 438 1428 eum
452 1394 594 1440 ratione]
615 1391 767 1439 Ῥητῶς.
798 1395 881 1427 Vide
899 1400 992 1427 notas
1008 1394 1049 1426 ad
1065 1392 1242 1427 Aristidem

290 1472 321 1503 Ι).
340 1460 385 1491 15
408 1471 437 1491 V.
455 1459 666 1491 29AE1121nou.

368 1518 548 1564 emissione]
573 1520 671 1550 Pater
696 1520 902 1559 remissione,
927 1516 1180 1555 ἀνέόει.ῧιιοτ.
1195 1537 1242 1543 --

291 1581 358 1613 Pro
391 1583 558 1613 emissione
588 1581 660 1622 lego
690 1583 892 1620 remissione,
924 1581 1010 1625 quod
1037 1587 1069 1613 et
1094 1581 1243 1613 Grotium

293 1649 422 1674 notasse
459 1643 572 1674 deinde
609 1642 684 1673 vidi.
726 1642 929 1674 Vocabulum
960 1644 1046 1674 modi
1077 1643 1243 1686 utriusque

293 1706 413 1738 codicis
442 1707 568 1747 glossae
605 1705 765 1748 explicant
796 1707 887 1745 soni3
931 1706 1035 1736 minus
1070 1706 1244 1738 commode.

294 1768 404 1798 Malim
421 1768 667 1803 modulationis,
693 1777 773 1809 quae
791 1766 960 1810 explicatio
984 1767 1163 1808 generalior
1185 1772 1244 1807 est,

294 1836 327 1871 et
345 1831 414 1861 aliis
431 1842 558 1873 quoque
574 1829 669 1871 hujus
685 1829 822 1861 auctoris
845 1829 927 1862 locis
948 1830 1100 1874 applicari
1123 1836 1244 1875 potest,

296 1894 354 1924 scd
377 1900 410 1924 et
438 1900 591 1936 sequente
614 1905 707 1924 versu
735 1893 947 1925 confirmatur.
991 1893 1142 1926 Ceterum
1169 1894 1246 1938 quid

299 1957 442 1998 yravitas
465 1955 522 1995 sit,
541 1954 615 1998 quid
635 1966 787 1993 acumen,
813 1954 928 1985 elarius
953 1955 1106 1986 habemus
1126 1968 1159 1999 p.
1175 1956 1246 1987 182

297 2029 327 2048 x.
347 2016 467 2059 penult.
487 2017 529 2059 (p.
545 2016 619 2047 518
644 2015 724 2057 Gn).
760 2015 864 2047 Versa
894 2022 1000 2048 autem
1025 2016 1081 2048 illa
1107 2022 1182 2048 sunt
1207 2028 1247 2048 ex

300 2076 444 2109 Aristide
477 2090 506 2120 p.
525 2079 546 2109 8
567 2089 595 2108 v.
618 2077 673 2107 ult.
692 2076 888 2108 {viiamosn—
917 2077 1006 2109 Nihil
1026 2084 1124 2110 muto.
1150 2078 1248 2110 Nam·

299 2150 362 2181 que
386 2137 562 2177 Aristides,
600 2137 654 2180 qui
689 2137 851 2179 laudatur,
883 2138 953 2182 ipse
986 2139 1104 2183 inquit:
1130 2139 1171 2174 ἐκ
1197 2134 1244 2184 δὴ

299 2196 450 2234 τούτων
490 2196 538 2233 τὰ
566 2195 747 2244 γινόμενα
783 2196 826 2233 τὸ
854 2197 925 2242 μὲν
956 2197 1174 2245 βαρύτητα,
1201 2196 1247 2234 τὸ

299 2262 340 2298 δὲ
369 2259 539 2307 ὀξύτητα
568 2258 903 2308 προςαγορεύομεν
920 2272 928 2280 ·
965 2262 1114 2307 γίνεται
1142 2262 1183 2298 oss
1221 2262 1244 2308 ἦ

300 2323 369 2368 μὲν
409 2321 583 2370 βαρύτης
621 2319 799 2357 κάτωθεν
844 2320 1140 2370 ἀναφερομένου
1176 2324 1248 2358 τοῦ

301 2383 538 2429 πνεύματος,
561 2381 583 2429 ἡ
605 2379 783 2429 δ”ὀξύτης
799 2383 990 2430 ἐπιπολῆς
1004 2382 1247 2431 προϊεμένου.

302 2447 515 2493 Προΐεσθαι
533 2452 637 2478 autem
659 2450 709 2477 est
732 2447 841 2477 emitti.

375 2513 499 2542 erec-{ae
520 2506 760 2554 modulationis]
786 2507 853 2542 Alii
876 2515 956 2543 teste
977 2509 1092 2545 Grotio
1115 2511 1148 2543 in
1168 2521 1247 2544 mar·

302 2573 332 2616 gi
337 2583 374 2605 ne
393 2580 506 2607 rectae.

1366 1209 1404 1239 de
1426 1206 1640 1252 symphoniis]
1668 1207 1848 1239 Censorino
1872 1207 1925 1251 (de
1947 1207 1997 1239 die
2026 1214 2091 1240 nat.
2117 1208 2181 1249 10,
2207 1210 2243 1252 5)

1299 1271 1505 1315 »symphonia
1528 1276 1578 1302 est
1608 1271 1741 1302 duarum
1763 1282 1877 1302 vocum
1905 1271 2078 1313 disparium
2099 1271 2183 1303 inter
2208 1282 2243 1303 se

1288 1331 1470 1373 junctarum
1494 1331 1596 1363 dulcis
1624 1336 1836 1371 eoncentusu3
1862 1330 2059 1363 cassiodoro
2086 1331 2139 1375 (de
2163 1344 2243 1363 mus.

1293 1392 1356 1437 Op.
1373 1393 1422 1433 11,
1444 1405 1474 1436 p.
1489 1394 1560 1424 535
1581 1391 1670 1434 Gar.)
1688 1397 1988 1436 »temperamentum
2004 1392 2127 1424 sonitus
2140 1393 2244 1435 gravis

1294 1454 1334 1486 ad
1361 1460 1503 1494 acutum,
1532 1453 1584 1485 vel
1610 1453 1694 1485 acuti
1720 1453 1760 1485 ad
1785 1465 1928 1495 gravem,
1953 1453 2157 1486 modulamen
2180 1455 2244 1487 effi-

1293 1516 1419 1556 ciensu3
1446 1515 1628 1559 pariterque
1651 1514 1812 1547 Bacchius
1830 1515 1874 1559 (p.
1891 1515 1914 1546 2
1933 1516 1957 1550 f.
1976 1515 2088 1559 Meih.)
2105 1528 2174 1547 eam
2191 1516 2243 1548 de-

1293 1580 1362 1611 finit
1389 1578 1523 1625 κρᾶσιν
1549 1574 1620 1613 δύο
1648 1575 1842 1625 φθόγγων
1863 1575 2059 1622 ἀνομοίων
2085 1575 2245 1625 ὀξύτητι

1294 1639 1358 1676 καὶ
1381 1637 1570 1686 βαρύτητι
1595 1639 1912 1684 λαμβανομένων.

1368 1703 1571 1745 symphoniae
1597 1699 1680 1746 ires]
1708 1701 1858 1733 Totidem
1875 1707 1908 1733 et
1930 1701 2146 1746 superioribus
2164 1701 2244 1733 locis

1294 1769 1440 1795 numerat
1465 1761 1605 1806 (§.103.
1630 1762 1714 1807 755)
1732 1763 1914 1807 pariterque
1936 1763 2137 1812 Censorinus
2161 1764 2244 1807 (10,

1295 1827 1350 1869 6);
1378 1826 1430 1857 alii
1448 1826 1568 1870 plures,
1582 1825 1641 1857 sed
1654 1832 1689 1858 ut
1705 1827 1762 1858 has
1778 1832 1900 1858 tantum
1913 1828 2000 1871 ipsas
2018 1827 2101 1859 inter
2118 1838 2152 1858 se
2171 1838 2244 1859 con-

1291 1888 1443 1931 jungant,
1462 1893 1498 1918 ut
1514 1887 1697 1919 Macrobius
1716 1888 1764 1931 (in
1785 1899 1886 1920 somn.
1903 1887 1958 1921 Sc.
1977 1889 2016 1928 2,
2038 1889 2071 1931 1)
2089 1888 2245 1932 quinque:

1297 1946 1361 1985 διὰ
1383 1944 1589 1994 τεσσάρων,
1608 1945 1672 1983 διὰ
1688 1947 1816 1993 πέντε,
1844 1945 1907 1984 διὰ
1927 1948 2076 1993 πασῶν,
2097 1946 2160 1984 διὰ
2174 1958 2244 1984 πα-

1297 2011 1378 2048 σῶν
1399 2009 1463 2046 καὶ
1484 2009 1546 2046 διὰ
1567 2010 1700 2056 πέντε,
1728 2009 1789 2052 otc
1812 2010 1875 2048 διὰ
1897 2012 2053 2048 πασῶνε
2079 2012 2244 2047 Vitruvius

1297 2080 1401 2106 autem
1432 2074 1484 2117 (5,
1515 2073 1556 2114 43
1591 2086 1623 2118 p.
1643 2074 1713 2106 158
1735 2074 1823 2118 Bip.)
1853 2086 1926 2115 sex,
1956 2074 2063 2106 addita
2090 2074 2245 2117 diapason

1296 2148 1367 2168 cum
1390 2137 1610 2173 diatessaron,
1637 2147 1674 2166 ae
1695 2134 1741 2167 sic
1764 2135 1858 2167 etiam
1879 2136 2038 2167 Bacchius
2062 2138 2106 2180 (p.
2123 2136 2146 2168 5
2165 2136 2244 2168 Mei-

1297 2197 1394 2241 bom.)
1411 2202 1442 2229 et
1461 2203 1571 2228 noster
1586 2196 1717 2228 inferius
1732 2195 1774 2241 (§.
1791 2197 1886 2239 950).
1913 2196 1997 2228 Vide
2016 2196 2145 2228 omnino
2159 2197 2244 2229 Boe-

1299 2260 1424 2291 clzliium
1446 2260 1492 2303 (in
1515 2259 1668 2292 Creuzeri
1691 2260 1773 2291 stud.
1795 2259 1834 2292 Τ.
1855 2259 1921 2300 ῙΠ,
1948 2272 1981 2304 p.
2000 2261 2057 2292 51.
2073 2261 2144 2305 58).
2175 2260 2244 2293 Ad-

1298 2321 1364 2352 didi
1391 2326 1495 2352 autem
1522 2327 1599 2353 sunt
1625 2321 1719 2362 vulgo
1749 2320 1901 2352 omissum
1925 2332 1965 2352 ex
1995 2322 2104 2355 codiee
2131 2323 2244 2356 Barm-

1298 2381 1456 2414 statteusi.

1370 2440 1611 2487 productiones]
1653 2442 1727 2475 Hoc
1773 2443 1905 2476 barbare
1936 2444 2031 2476 vertit
2063 2450 2097 2476 et
2130 2444 2246 2490 inepte.

1297 2505 1412 2541 Latine
1432 2506 1605 2551 potuisset,
1627 2512 1661 2537 ut
1675 2519 1704 2551 p.
1721 2508 1791 2539 185
1810 2519 1838 2540 v.
1852 2507 1908 2539 ult.
1925 2507 1968 2553 (p.
1984 2508 2057 2540 522
2078 2507 2135 2541 Gr.
2150 2520 2180 2541 v.
2199 2509 2244 2550 1).

1297 2571 1439 2607 Memmi.
