2310 2860
703 137 902 181 Martiani
933 137 1132 196 Capellae
1165 139 1237 183 lib.
1267 140 1342 184 VI.
1373 143 1403 196 §.
1429 142 1532 186 614.

2011 149 2100 190 509

720 333 799 376 DE
840 333 1209 377 LATITUDINE
1249 335 1500 379 TERRAE.

301 447 499 489 Latitudo
545 458 687 490 autem
726 449 817 503 ejus
850 464 873 490 a
904 449 1139 491 meridiano
1171 451 1250 491 situ
1282 452 1322 491 in
1355 452 1645 507 septentrionis
1680 463 1806 508 caput
1838 453 2085 508 'plurimum
2118 459 2204 501 GM

128 527 269 569 minor
300 538 381 580 est,
426 544 526 570 nam
559 531 761 585 utrinque
798 531 1069 586 intemperati
1102 533 1207 574 a'eris
1238 532 1452 573 nimietate
1483 533 1759 574 contrahitur.
1816 535 1879 575 Eo
1916 537 2088 589 accedit,

128 610 243 664 quod
285 625 307 652 a
350 612 641 667 septentrionis
681 612 804 668 plaga
840 613 1141 654 Sarmatarum
1176 628 1275 668 gens
1315 613 1570 668 copiosaque
1610 614 1826 656 barbaries
1870 632 2087 660 accessum

125 689 389 744 indagandae
429 691 700 733 dimensionis
739 691 945 744 excludit3
995 702 1179 734 attamen
1213 694 1423 749 quidquid
1454 695 1662 751 intrepida
1693 712 1916 752 permeare
1948 700 2086 754 quivit

123 773 341 823 excursio,
390 782 675 829 competenter
711 772 966 814 admensum
1013 783 1091 823 est,
1144 783 1399 829 repertaque
1442 775 1618 817 latitudo
1660 776 1898 820 habitabilis
1948 790 2086 822 terrae

123 866 258 906 paene
296 853 475 894 dimidio
517 854 682 904 minor,
730 869 865 910 quam
897 854 1010 895 dieta
1039 863 1097 894 est
1128 854 1339 908 collegisse
1370 855 1599 910 longitude.

1662 858 1776 899 Nam
1809 859 2016 915 colligitur
2047 862 2089 903 in

122 933 403 989 quinquagies
443 944 593 988 quater
639 945 814 978 centena
859 937 1073 992 sexaginta
1105 936 1191 978 duo
1223 938 1379 991 millia3
1432 939 1592 995 quippe
1626 954 1648 982 a
1679 940 1816 984 littore
1845 942 2085 999 Aethiopici

117 1070 185 1105 tur3
229 1077 412 1109 quanquam
454 1066 643 1110 plerumque
680 1068 925 1101 Acroceraunia
959 1070 1078 1114 plurali

115 1136 247 1157 numero
275 1126 433 1158 dicuntur.

187 1187 341 1234 centena]
373 1187 502 1221 Abesse
538 1190 577 1221 ab
609 1190 680 1222 aliis
710 1192 796 1224 bunc
824 1203 990 1224 numerum
1007 1193 1075 1234 jam

113 1249 247 1283 Grotius
275 1252 309 1282 iu
338 1252 479 1294 margine
511 1253 649 1294 notavit,
683 1254 838 1298 abestque
867 1268 884 1287 a
909 1256 1073 1288 codicibus

111 1312 362 1345 Monacensibus
385 1313 439 1356 (A.
461 1313 518 1356 C),
542 1314 819 1355 Reiebeuauenffi,
838 1321 870 1346 et
894 1317 1071 1347 Bai-instat-

111 1376 211 1416 tensi3
237 1376 294 1407 sed
314 1376 413 1416 male,
440 1376 467 1407 si
492 1376 632 1407 Plinium
657 1377 842 1409 contuleris.

185 1436 334 1482 latitudo]
358 1437 501 1469 Plinius:
523 1438 692 1469 »Latitudo
715 1444 820 1469 autem
843 1443 946 1470 terrae
970 1449 987 1468 a
1006 1450 1069 1469 me-

108 1500 230 1532 ridiano
259 1501 323 1532 situ
356 1501 396 1532 ad
429 1501 679 1544 septentrionem
707 1501 836 1532 dimidio
870 1502 935 1532 scre
961 1501 1065 1532 minor

105 1622 157 1655 lia.
185 1623 260 1665 Quo
290 1623 394 1666 palam
419 1622 470 1663 fit,
504 1628 657 1666 quantum
682 1629 715 1654 et
741 1624 814 1655 hine
839 1635 938 1667 vapor
959 1623 1066 1654 abstu-

103 1686 176 1717 lerit
212 1692 243 1717 et
270 1686 359 1718 illine
390 1686 486 1728 rigor.
519 1687 633 1730 Neque
666 1687 750 1718 enim
781 1687 894 1719 deesse
928 1686 1065 1718 arbitror

103 1750 214 1790 terris,
250 1755 305 1781 aut
332 1761 398 1781 non
431 1761 502 1781 esse
537 1750 624 1790 globi
651 1751 798 1782 sormam:
826 1751 883 1781 sed
909 1750 1063 1782 inhabita-

101 1811 176 1842 bilia
195 1811 344 1856 nti-inque
363 1811 561 1855 incomperta
583 1823 665 1844 esse.
688 1812 781 1844 Haec
798 1823 947 1843 mensura
965 1811 1064 1843 currit

101 1886 119 1906 a
146 1874 253 1906 littore
282 1874 468 1918 Aethiopici
506 1875 635 1916 oceani,
674 1887 737 1918 qua
769 1876 865 1906 modo
891 1875 1061 1915 habitatur,

100 1937 141 1968 ad
171 1937 306 1970 Meroen
350 1938 457 1970 decies
488 1943 622 1969 centena
654 1938 761 1969 millia.
809 1937 888 1969 Inde
918 1936 1060 1969 Alexan-

99 1997 199 2030 driam
226 1998 399 2031 duodecies
422 2004 555 2030 centena
581 1998 680 2030 millia
706 1998 947 2042 quinquaginta.
971 1999 1059 2031 Rho-

97 2061 173 2093 dum
195 2061 348 2094 DLXIII.
373 2061 516 2093 Gnidum
543 2061 736 2094 LXXXVII
761 2062 860 2092 millia
883 2061 1058 2105 quingenti.

97 2124 284 2158 Con.XXV
297 2124 406 2155 millia.
421 2124 553 2156 Samum
564 2124 591 2157 C
607 2125 714 2156 millia.
729 2124 845 2157 Chium
853 2125 1059 2157 LXXXXI'V

95 2187 204 2219 millia.
229 2187 408 2230 Mitylenen
424 2187 519 2219 LXV
535 2187 643 2219 millia.
670 2188 827 2219 Tenedon
852 2188 966 2221 XCIV
986 2188 1055 2220 mil-

94 2251 146 2282 lia.
193 2248 325 2290 Sigeum
355 2251 609 2293 promontorium
644 2251 709 2282 xll
743 2251 843 2282 millia
879 2252 1055 2296 quingenti·

94 2313 144 2346 Os
167 2312 266 2345 Ponti
290 2312 448 2345 CCCXII
467 2314 566 2346 millia
587 2314 761 2358 quingenti.
778 2315 960 2348 Carambim
980 2328 1054 2360 pro-

92 2374 286 2407 montorium
311 2372 441 2406 CCCL.
483 2373 532 2406 Os
561 2375 733 2407 Maeotidis
766 2376 924 2409 CCCXII
954 2377 1053 2410 millia

93 2437 268 2482 quingenti.
284 2435 414 2469 Ostium
431 2437 548 2468 Tanais
567 2438 754 2473 CCLXXV
769 2440 884 2482 millia,
910 2441 965 2485 qui
982 2454 1050 2474 eur-

92 2512 148 2533 sus
171 2500 369 2544 compendiis
397 2500 492 2531 maris
512 2500 639 2533 brevior
661 2502 728 2534 fieri
750 2509 859 2548 potest
878 2504 1051 2537 LXXXIX

90 2565 242 2599 millibus·
269 2562 323 2597 Ab
347 2562 430 2596 ostio
451 2563 569 2598 Tanais
587 2564 666 2601 nihil
692 2566 851 2601 modicum
878 2568 1051 2611 diligentis-

1129 1072 1198 1103 simi
1223 1078 1368 1104 auctores
1391 1073 1512 1106 secere:
1535 1072 1760 1107 Artemidorus
1788 1076 1940 1109 ulteriora
1966 1078 2084 1111 ineom>

1126 1140 1216 1176 perta
1246 1134 1453 1176 existimarit,
1487 1147 1584 1178 quum
1606 1136 1690 1169 eirea
1714 1138 1848 1170 Tanaim
1868 1138 2086 1172 Sarmatarum

1127 1203 1238 1237 gentes
1275 1198 1391 1239 degere
1425 1199 1578 1230 fateretur
1612 1199 1652 1230 ad
1683 1202 1932 1244 septentrionem
1961 1215 2083 1235 versus,

1124 1259 1268 1292 Isidorus
1297 1261 1413 1302 adjecit
1444 1262 1616 1294 duodecies
1643 1269 1778 1296 centena
1802 1266 1902 1297 millia
1927 1267 2081 1311 quinqua-

1123 1321 1209 1361 ginta
1225 1334 1326 1364 usque
1344 1322 1384 1354 ad
1405 1322 1549 1354 Thulen:
1567 1336 1648 1366 quac
1671 1327 1855 1368 conjectura
1877 1328 2081 1361 divinationis

1123 1389 1182 1415 est.
1221 1385 1293 1426 Ego
1329 1397 1395 1417 non
1418 1386 1539 1417 minore
1566 1400 1660 1430 quam
1693 1390 1837 1432 proxime
1864 1393 1950 1426 dicto
1978 1396 2079 1438 spatio

1121 1444 1338 1477 Sarmatarum
1360 1447 1440 1478 fines
1457 1448 1548 1479 nosci
1570 1448 1724 1491 intelligo.
1750 1451 1795 1482 Et
1817 1453 1958 1497 alioquin
1979 1468 2077 1499 quan-

1120 1513 1187 1538 tum
1207 1519 1278 1539 esse
1299 1508 1409 1548 debet,
1435 1509 1522 1552 quod
1542 1509 1790 1543 innumerabiles
1811 1520 1922 1555 gentes
1941 1517 2077 1550 subinde

1120 1569 1228 1601 sedem
1244 1576 1403 1602 mutantes
1427 1571 1551 1614 capiat?
1578 1572 1671 1604 Unde
1696 1574 1879 1608 ulteriorem
1895 1589 2076 1611 mensuram

1117 1628 1332 1663 inhabitabilis
1363 1632 1476 1675 plagae
1507 1633 1608 1664 multo
1644 1646 1715 1666 esse
1749 1636 1902 1677 majorem
1930 1639 2074 1672 arbitror.

1115 1691 1198 1724 Nam
1220 1699 1252 1724 et
1274 1705 1291 1724 a
1312 1692 1484 1725 Germania
1509 1694 1679 1727 immensas
1706 1696 1828 1729 insulas
1860 1711 1925 1732 non
1950 1702 2074 1744 pridem

1115 1760 1294 1798 compertas
1316 1755 1477 1797 cognitum
1493 1756 1626 1789 bahem«
1659 1757 1824 1791 Observes
1839 1760 1934 1792 velim
1959 1774 1976 1793 a
1991 1763 2074 1795 Mar-

1114 1817 1200 1849 tiano
1225 1829 1335 1849 omnes
1360 1829 1510 1849 numeros
1536 1819 1673 1851 omissos
1700 1832 1788 1862 csse,
1816 1828 1943 1865 praeter
1968 1823 2070 1864 illum,

1114 1879 1169 1921 qui
1194 1878 1376 1910 distantiam
1403 1891 1506 1923 usque
1540 1881 1581 1912 ad
1610 1882 1737 1914 Thulen
1767 1884 1938 1927 exprimat,
1972 1892 2070 1930 atquc

1111 1938 1144 1969 in
1166 1941 1226 1971 boe
1253 1940 1347 1971 ctiam
1369 1940 1493 1972 differre
1517 1942 1662 1974 codicum
1686 1944 1851 1978 lectiones.
1886 1946 1969 1978 Nam
1986 1947 2068 1980 Gro—

1111 2001 1174 2032 tius
1195 2002 1294 2033 edidit
1313 2002 1504 2035 »duodecies
1528 2010 1661 2036 eentcna
1683 2005 1914 2050 quinquaginta
1932 2009 2067 2052 millia«;

1109 2063 1384 2095 Reiclienauensis
1408 2070 1513 2096 autem
1535 2077 1574 2097 ex
1597 2066 1646 2098 liis
1665 2066 1878 2101 millenarium
1899 2082 2067 2103 numerum

1109 2127 1237 2158 omittit:
1268 2133 1301 2159 et
1332 2128 1600 2161 Dal-instattensis
1629 2131 1908 2177 Monacensesque
1937 2135 2064 2167 codices

1106 2189 1163 2235 (A.
1185 2190 1227 2234 C)
1252 2196 1375 2223 tantum
1403 2192 1595 2226 »duodecies
1617 2195 1866 2239 quinquaginta«
1890 2197 1977 2232 dant.
1998 2197 2061 2229 Ne-

1105 2264 1167 2296 que
1194 2252 1247 2284 uhi
1267 2253 1348 2285 iufra
1369 2252 1410 2298 (ξ.
1425 2254 1512 2298 689)
1532 2261 1644 2287 noster
1660 2258 1912 2301 promontorium
1932 2258 2060 2291 Caram-

1102 2314 1168 2347 bim
1195 2314 1235 2345 ab
1261 2315 1343 2346 ostio
1364 2316 1463 2347 Ponti
1486 2316 1599 2349 abesse
1626 2318 1702 2350 dicit
1730 2318 1887 2351 »millibus
1907 2329 2060 2363 passuum

1103 2376 1248 2409 ducentis
1273 2376 1404 2419 viginti«
1432 2390 1504 2410 eum
1531 2379 1640 2411 Plinio
1667 2381 1833 2412 consentit.

1170 2438 1305 2485 accedit]
1334 2440 1473 2474 Codices
1499 2442 1705 2476 Monacensis
1729 2443 1795 2487 (C)
1823 2449 1853 2475 et
1878 2443 2055 2476 Darmstat-

1100 2503 1201 2535 tensis
1235 2504 1371 2546 accidic3
1416 2505 1472 2538 sed
1502 2507 1661 2550 vulgatam
1693 2506 1862 2540 lectionem
1891 2515 2054 2552 praestare

1104 2565 1246 2598 arbitror.

2122 859 2208 902 615
