2310 2860
757 220 955 262 Martiani
995 220 1195 277 Capellae
1224 220 1296 262 lib.
1320 220 1374 262 V.
1405 222 1435 272 ᾗ.
1459 220 1557 262 512.
2061 222 2149 263 441

194 330 283 385 ipse
323 328 577 386 archipirata
612 343 711 370 cum
747 344 871 385 grege
913 328 1180 385 praedonum
1222 328 1615 383 impurissimorum
1652 327 1901 383 plenissimis
1932 328 2034 370 velis
2071 342 2149 370 na-

195 411 400 466 vigares“,
440 421 478 452 et
508 412 550 453 in
580 412 797 452 Pisonem:
820 420 900 462 „ut
928 410 1004 465 qui
1041 410 1083 451 in
1118 410 1318 452 maximis
1353 410 1671 465 tempestatibus
1694 425 1742 450 ac
1774 409 1973 451 fluctibus
1999 409 2147 465 reipu-

194 490 331 531 blicae
353 492 498 533 navim
523 493 825 548 gubernassem
853 492 1106 546 salvamque
1131 492 1172 533 in
1198 501 1323 547 portu
1345 492 1631 542 collocassem,
1654 491 1799 532 frontis
1829 500 1927 532 tuae
1953 490 2148 531 nubecu-

194 569 280 612 lam
312 582 352 612 et
382 573 563 629 collegae
597 575 658 615 tui
689 573 1022 615 contaminatum
1048 573 1243 627 spiritum
1276 572 1618 627 pertimescerem
1630 571 1679 611 ?“
1712 571 1933 626 Usurpatis
1963 586 2061 626 ergo
2083 571 2149 611 his

193 652 385 693 similiter
411 654 607 708 pluribus
638 654 778 695 verbis
810 654 1000 694 elocutus
1028 662 1107 703 cst,
1140 667 1251 707 quae
1283 653 1368 694 suis
1400 652 1574 694 fortasse
1607 652 1822 707 angustius
1848 662 1919 693 aut
1941 652 2148 693 humilius

193 731 362 774 diceret.
433 735 540 776 Item
570 735 770 776 translata
802 733 1125 789 quodammodo
1156 741 1276 783 sunt,
1318 748 1430 788 quae
1461 743 1534 774 aut
1568 749 1619 773 ex
1653 743 1771 788 parte
1801 742 1960 783 totum,
1991 741 2063 773 aut
2097 746 2149 772 ex

193 824 277 855 toto
301 825 488 870 partem,
524 827 596 856 aut
627 832 679 857 ex
711 831 797 856 uno
831 816 974 870 plures
1007 824 1262 865 monstrant,
1294 824 1367 855 aut
1399 829 1450 855 ex
1482 814 1678 869 pluribus
1703 813 1879 868 singula.
1938 813 2005 854 Ex
2030 819 2150 867 parte

193 905 353 947 totum,
390 906 452 937 ut:
479 898 549 948 „in
574 897 754 952 puppim
780 895 874 935 ferit
902 894 1061 947 unda“,
1092 904 1183 935 aut:
1206 910 1305 946 „me
1327 894 1475 935 iisdem
1503 895 1734 949 parietibus
1755 904 1844 934 tuto
1870 908 1957 934 esse
1980 894 2152 933 tecum“

192 992 270 1032 pro
309 977 458 1017 eadem
499 977 641 1017 domo.
709 977 837 1018 Hune
873 985 1048 1030 tropum
1086 977 1396 1030 metonymiam
1433 977 1700 1030 grammatici
1739 985 2003 1026 memorant,
2036 984 2151 1016 cata-

193 1056 360 1096 chresin
401 1057 527 1096 etiam
568 1057 742 1106 Gracci,
792 1070 924 1110 quam
957 1070 1032 1095 nos
1078 1055 1328 1096 abusionem
1368 1057 1572 1108 dicimus,
1616 1067 1664 1098 ut
1702 1071 1842 1112 quum
1873 1056 2152 1113 perhibemus

191 1146 391 1177 naturam
431 1137 613 1177 deorum
658 1152 736 1191 pro
770 1136 1016 1176 substantia.
1074 1135 1124 1176 In
1164 1136 1396 1191 conjunctis
1426 1153 1530 1179 vero
1561 1138 1703 1179 verbis
1735 1138 2022 1192 orationisque
2052 1149 2155 1176 con-
2183 1131 2271 1174 515

193 1226 311 1259 textu
350 1217 562 1260 servanda
600 1227 698 1259 sunt
736 1217 862 1270 haee,
920 1226 967 1258 ut
1007 1218 1261 1261 constructio
1301 1226 1592 1274 coagmentata
1632 1226 1671 1260 et
1710 1217 1925 1260 conclusio
1964 1215 2152 1274 perfecta

191 1385 264 1426 gine
289 1384 442 1429 positam,
468 1399 566 1430 quum
586 1387 683 1429 vulgo
707 1400 778 1419 cum
801 1389 939 1421 deesset.
964 1388 1073 1420 Locus
1098 1394 1149 1420 est

192 1447 224 1478 in
246 1447 389 1479 oratione
411 1460 469 1491 pro
496 1444 590 1480 doffio
615 1448 696 1492 (cap.
719 1448 787 1491 10).

266 1516 303 1542 ut
328 1509 396 1558 qui]
425 1511 590 1552 Conjunxi
618 1524 700 1555 quae
730 1511 864 1543 Grotius
890 1511 1147 1555 interpunctione

191 1580 392 1617 separaverat
422 1580 488 1605 nat:
516 1575 606 1618 qni«,
647 1575 838 1607 Ciceronem
862 1580 992 1607 secutus
1018 1575 1071 1619 (in
1093 1575 1147 1606 Pi-

190 1646 258 1667 son.
277 1635 325 1679 9).

265 1694 334 1742 his]
363 1695 498 1728 Grotius
531 1696 630 1729 edidit
652 1697 749 1736 haec,-
781 1696 1062 1740 quoniamlautem
1084 1707 1149 1728 vox

190 1761 354 1804 usurpatis
384 1760 575 1804 praecessit,
616 1760 810 1792 anteriorum
840 1760 1016 1792 editionum
1036 1759 1148 1793 lectio-

191 1835 263 1856 nem
287 1824 417 1856 omnino
443 1824 590 1867 praetuli.

265 1887 301 1917 in
324 1884 474 1930 puppim]
504 1885 661 1926 Virgilius
679 1883 778 1929 (Aen.
796 1886 833 1925 1,
863 1884 962 1927 115):

248 1947 374 1989 »Ipsius
397 1953 473 1977 ante
502 1947 608 1978 oculos
631 1948 745 1990 infleris
769 1958 789 1976 a
810 1947 930 1978 vertice
955 1950 1073 1989 pontus

239 2008 278 2041 In
297 2009 429 2053 puppim
450 2009 596 2040 serit«—
611 2027 659 2032 --

191 2085 286 2118 quem
306 2073 392 2104 haud
418 2073 484 2105 scio
505 2085 544 2104 an
566 2073 634 2116 ipse
657 2077 768 2104 noster
787 2071 976 2115 respexerit.

263 2135 452 2181 parietibus]
474 2136 588 2167 Cicero
604 2136 656 2180 (de
673 2141 752 2168 orat.
769 2137 804 2176 5,
820 2135 899 2179 42)=
914 2133 1055 2168 »Videtis
1073 2145 1146 2178 pro-

191 2198 275 2230 fecto
305 2210 406 2240 genus
436 2199 497 2230 hoc
527 2203 648 2236 totum,
674 2210 773 2241 quum
795 2197 912 2229 inflexo
940 2201 1146 2229 commutato-

193 2270 256 2302 que
276 2259 373 2290 verbo
392 2271 443 2290 res
462 2259 572 2290 eadem
596 2259 785 2291 enunciatur
809 2258 969 2299 ornatiu53
1002 2258 1052 2290 cui
1073 2262 1148 2289 sunt

192 2319 324 2352 finitima
343 2319 397 2351 illa
412 2321 515 2352 minus
534 2326 660 2361 oruata,
685 2321 742 2352 sed
758 2326 864 2352 tamen
880 2333 946 2353 non
962 2320 1147 2363 ignoranda,

194 2395 292 2428 quum
315 2383 450 2424 intelligi
475 2383 621 2415 volumus
642 2384 762 2428 aliquid
786 2390 841 2416 aut
860 2397 903 2417 cx
921 2391 1014 2429 parte
1035 2390 1149 2423 totum,

194 2450 230 2476 ut
258 2456 316 2488 pro
343 2444 497 2487 aedificiis
524 2456 621 2487 quum
644 2447 784 2489 parietes
808 2452 863 2478 aut
888 2452 971 2479 tecla
998 2446 1148 2488 dicimus,

195 2513 248 2540 aut
269 2520 310 2540 ex
322 2513 386 2539 toto
398 2513 539 2551 partem«
564 2513 624 2539 eet.
649 2509 842 2555 Exemplum
854 2516 886 2543 et
900 2511 1005 2556 ipsum
1023 2523 1040 2543 e
1057 2510 1150 2544 Cice-

194 2581 271 2602 rone
289 2569 399 2613 (Catil.
426 2570 463 2610 1,
494 2568 530 2612 8)
552 2569 686 2614 petitum
703 2576 763 2605 est.

271 2630 466 2678 memorant]
502 2631 552 2666 Ita
581 2632 695 2667 melius
727 2634 829 2669 codex
853 2635 1059 2670 Monacensis
1083 2634 1151 2679 (C)

1198 1400 1256 1432 pro
1271 1394 1529 1420 memoraverunt
1544 1388 1577 1420 in
1592 1388 1694 1420 editis.
1721 1387 1841 1420 Hausit
1856 1399 1932 1420 vero
1950 1398 1967 1420 e
1985 1386 2154 1427 Cicerone,

1199 1450 1254 1493 qui
1274 1450 1366 1492 (orat.
1389 1450 1714 1493 27)»J1ypalla9en«,
1737 1449 1858 1492 inquit,
1887 1450 2065 1489 »›1·hctores,
2090 1460 2152 1480 me-

1199 1513 1372 1554 tonymiam
1391 1511 1584 1552 grammatici
1603 1516 1734 1551 vocant,
1759 1509 1846 1552 quod
1864 1510 1992 1541 nomina
2018 1510 2153 1540 transfe-

1198 1580 1326 1613 runtur3
1343 1573 1537 1604 Aristotcles
1554 1578 1658 1604 autem
1678 1572 1879 1603 translationi
1893 1573 1972 1602 haec
1994 1570 2062 1614 ipsa
2080 1570 2154 1601 sub-

1194 1635 1302 1676 jungit
1329 1640 1361 1665 et
1386 1636 1590 1672 abusionem,
1627 1645 1722 1677 quam
1747 1629 1991 1678 κατάχρηόιν
2012 1637 2154 1663 vocant«

1198 1699 1248 1729 De
1272 1698 1382 1729 eadem
1402 1698 1511 1729 confer
1531 1696 1785 1739 Quinctilianum
1807 1696 1862 1739 (8,
1887 1696 1927 1735 2,
1955 1696 1995 1735 53
2021 1707 2051 1740 p.
2072 1695 2155 1728 199.

1199 1761 1239 1801 8,
1263 1761 1302 1800 6,
1325 1760 1390 1799 543
1418 1772 1447 1803 p.
1463 1759 1546 1791 525.
1570 1759 1610 1798 9,
1636 1759 1667 1798 1,
1690 1759 1730 1797 53
1757 1770 1788 1801 p.
1803 1758 1877 1789 565
1902 1755 2037 1800 Spald.).

1274 1819 1506 1865 coaqmentata]
1523 1820 1624 1852 Miror
1640 1818 1789 1852 Grotium
1811 1818 1950 1850 edidisse
1967 1828 2154 1862 coctuqmen·

1198 1889 1286 1922 tata,
1327 1883 1413 1926 quod
1441 1882 1531 1913 nihili
1563 1887 1629 1923 est5
1669 1886 1811 1913 nostram
1835 1886 1942 1912 autem
1965 1879 2155 1920 lectionem,

1198 1959 1293 1991 quam
1311 1946 1405 1978 etiam
1431 1945 1637 1979 Monacensis
1655 1946 1757 1977 codex
1774 1944 1841 1989 (C),
1867 1943 2153 1984 Reichenauensis‚

1198 2013 1230 2039 et
1247 2008 1515 2039 Darmstattensis
1537 2008 1708 2051 praebent,
1742 2007 1782 2038 ad
1802 2007 1976 2049 marginem
1993 2006 2154 2048 rejecisse.

1198 2071 1319 2104 Confer
1340 2071 1434 2103 modo
1460 2071 1650 2103 Ciceronem
1670 2071 1732 2116 (de
1758 2075 1836 2102 orat.
1852 2072 1893 2112 5,
1918 2070 1997 2115 45)=
2019 2069 2155 2113 »Sequi-

1196 2140 1250 2166 tur
1275 2136 1474 2167 continuatio
1501 2135 1686 2175 verborum,
1715 2146 1797 2178 quae
1824 2135 1903 2166 duas
1931 2145 1983 2166 res
2006 2133 2152 2173 maxime,

1198 2199 1435 2231 collocationem
1447 2198 1600 2242 primum,
1626 2198 1742 2230 deinde
1766 2198 1895 2230 modum
1913 2197 2071 2241 quendam
2086 2195 2152 2239 for-

1198 2273 1346 2307 mamque
1377 2260 1547 2292 desiderat.
1583 2260 1808 2293 Collocatiom's
1832 2265 1881 2291 est
1908 2268 2093 2301 componere
2119 2261 2152 2288 et

1198 2327 1320 2354 struere
1347 2322 1444 2353 verba
1470 2321 1515 2354 sie
1542 2327 1577 2352 ut
1607 2333 1688 2354 neve
1718 2332 1812 2364 asper
1842 2331 1951 2351 eorum
1975 2328 2151 2350 concursus

1198 2395 1278 2417 neve
1296 2384 1421 2415 hiulcus
1437 2383 1494 2424 sit,
1525 2383 1582 2415 sed
1600 2381 1836 2427 quodammodo
1858 2383 2098 2424 coaqmentatus
2117 2383 2151 2410 et

1198 2447 1311 2481 levis.«
1343 2446 1407 2478 Ubi
1430 2458 1525 2491 quem
1544 2447 1672 2478 modum
1691 2446 1892 2492 formamque
1915 2441 2068 2486 appellat,
2091 2453 2149 2473 nu-

1198 2520 1322 2542 merum
1343 2508 1496 2540 orationis
1525 2513 1663 2552 spectat,
1688 2519 1782 2551 quem
1809 2510 1918 2537 noster
1938 2503 2151 2535 conclusionis

1200 2572 1358 2605 vocabulo
1386 2571 1559 2614 significat,
1594 2572 1698 2616 ipsum
1727 2569 1916 2602 Ciceronem
1941 2566 1995 2611 (de
2017 2570 2094 2598 orat.
2114 2566 2162 2606 2,

1200 2637 1241 2679 93
1269 2641 1346 2670 orat.
1364 2634 1431 2679 51)
1453 2640 1594 2678 secutus,
1615 2634 1759 2676 infraque
1776 2630 1817 2676 (§.
1837 2631 1909 2663 519
1929 2628 2031 2676 sequ.)
2051 2629 2148 2675 pluri-

1703 2694 1750 2726 56
