2310 2860
759 152 958 194 Martiani
990 152 1188 208 Capellae
1226 153 1296 194 lib.
1318 153 1391 195 VJ.
1428 156 1458 205 §.
1480 154 1577 197 637.
2049 160 2137 203 505

183 257 329 299 itidem
367 259 428 300 sol
468 269 684 301 revertens
722 260 911 301 similiter
945 275 1022 315 per
1062 260 1151 301 illos
1190 261 1267 301 iter
1298 260 1446 311 ducat,
1496 271 1535 302 et
1572 263 1722 317 procul
1752 263 1805 305 ab
1836 264 1901 307 his
1934 267 2136 322 utrinque

183 338 368 389 secedat,
419 339 603 381 dubium
641 356 726 382 non
767 351 826 382 est
869 341 973 396 quin
1027 340 1088 381 bis
1128 339 1317 381 hiemem
1356 350 1395 381 et
1432 341 1618 382 secundo
1659 344 1871 398 patiantur
1910 356 2134 398 aestaten13

184 418 341 471 quibus
367 434 505 474 quum
533 431 648 463 ortus
679 422 784 463 Solis
814 431 891 472 est,
924 435 1076 462 eorum
1103 419 1370 475 antipodibus
1408 431 1584 476 apparet
1606 437 1791 466 occasus.
1838 426 2007 468 Verum
2036 428 2133 470 illae
2161 424 2251 469 608

183 498 293 540 duae
327 502 536 556 regiones,
572 518 679 559 quas
716 504 863 545 fascias
902 504 1003 544 item
1034 501 1141 550 dixi,
1181 513 1371 554 quarum
1401 515 1487 543 una
1523 503 1739 546 vicinantis
1771 505 1950 548 Plaustri
1988 509 2133 564 algore

185 591 416 634 crustatur,
447 584 577 625 altera
601 584 891 626 transaustrini
916 584 1071 624 halitus
1103 581 1336 623 desertione
1367 582 1649 634 contrahitur,
1700 586 1915 640 antipodas
1941 589 2133 643 proprios

182 674 266 701 non
298 661 479 713 habent,
529 663 601 704 sed
631 665 745 719 ipsae
775 664 854 706 sibi
883 665 1067 706 invicem
1099 664 1308 705 contraria
1337 661 1445 705 fiunt
1477 664 1733 708 habitatione
1764 668 2001 723 antipodae,
2034 670 2134 711 nul·

183 739 335 796 losque
374 753 490 784 ortus
529 744 721 786 siderum
763 745 926 801 absque
965 746 1140 801 planetis
1175 745 1378 800 utrinque
1412 757 1648 800 noverunt,
1704 763 1815 804 quae
1847 751 2021 805 quidem
2054 752 2134 793 illis

182 835 266 862 non
294 837 425 878 supra
455 835 582 880 caput
609 835 731 876 eunt,
761 826 836 866 sed
866 825 918 866 de
949 825 1089 867 medio
1120 824 1258 866 lateris
1283 827 1492 868 oriuntur.
1549 828 1702 869 Stellae
1733 831 1858 871 etiam
1888 830 2002 873 fixae
2031 832 2136 872 coeli

181 917 254 943 sex
288 904 343 944 eis
377 905 575 947 videntur
605 906 844 956 mensibus,
888 921 962 947 sex
992 907 1139 948 itidem
1169 921 1254 948 non
1287 918 1512 963 apparent,
1561 910 1812 965 ortivusque
1845 911 2029 951 circulus
2065 925 2136 952 ae-

182 985 446 1039 quinoctialis
491 987 572 1028 illis
618 998 695 1038 est,
748 1002 937 1042 seuaque
991 1003 1044 1029 ex
1095 988 1265 1029 zodiaco
1307 989 1424 1044 signa
1469 990 1742 1045 conspiciunt.
1815 991 2015 1045 Denique
2062 1006 2136 1033 sex

182 1065 401 1104 mensibus
432 1065 608 1119 diesque
639 1074 869 1120 noctesque
899 1067 1139 1120 patiuntur,
1182 1079 1228 1109 ut
1258 1069 1450 1123 utrisque
1480 1069 1566 1124 poli
1598 1070 1776 1124 axisque
1806 1071 1975 1111 termini
2005 1086 2136 1126 supra

179 1144 383 1183 verticem
420 1144 668 1197 videantur3
711 1145 786 1186 sed
823 1145 928 1186 haec
966 1146 1083 1202 prior
1123 1149 1447 1204 SeptentrioniS,
1497 1150 1628 1193 altera
1657 1150 1830 1207 ,Canopi
1865 1151 2008 1193 stellae
2038 1151 2136 1192 illu-

179 1235 306 1268 strata
337 1226 523 1282 fulgore,
567 1236 705 1270 cetera
732 1242 818 1269 non
849 1239 1073 1271 noverunt.

811 1408 890 1450 DE
927 1408 1059 1450 CIRC
1068 1409 1213 1450 UITU
1257 1409 1506 1451 TERRAE.

351 1526 552 1576 Quarum
602 1528 826 1581 regionum
869 1527 1037 1569 habitus
1078 1526 1266 1583 prodidit
1303 1527 1568 1569 doctissimus
1606 1528 1890 1583 Pythagoras,
1944 1528 2015 1569 sed
2065 1544 2139 1585 ego

178 1608 269 1663 ipsa
301 1608 547 1663 peragravi,
594 1622 647 1647 ne
678 1622 766 1662 qua
796 1607 903 1648 mihi
944 1608 1085 1662 ignota
1116 1607 1333 1648 videretur
1365 1608 1501 1662 portio
1540 1621 1761 1661 superesse
1792 1608 1971 1658 telluris,
2016 1609 2137 1661 cujus

179 1696 316 1728 terrae
351 1687 476 1728 totius
518 1686 688 1727 habitus
733 1687 871 1727 onmis
908 1686 1150 1743 plenusque
1189 1687 1410 1741 circuitus,
1458 1697 1507 1728 ut
1544 1687 1844 1729 Romanorum
1876 1688 2139 1730 dimensione

177 1843 253 1864 mox
283 1843 340 1875 pro
378 1831 497 1864 secedit
529 1830 609 1863 alios
642 1830 783 1863 succedit
812 1830 920 1872 legere
951 1830 1074 1862 notavit
1101 1830 1135 1862 in
1185 1833 1389 1879 artibusque,
1419 1843 1516 1876 quum
1533 1832 1563 1863 B
1587 1838 1619 1864 et
1635 1832 1668 1865 V
1690 1833 1934 1878 orthographica
1951 1838 2073 1866 tantum
2089 1844 2136 1865 ra-

177 1892 335 1934 mat-gine,
362 1892 451 1923 male.
1185 1894 1272 1926 tione
1304 1895 1464 1936 differant,
1504 1908 1597 1940 quam
1630 1907 1680 1928 me
1707 1908 1773 1928 non
1799 1908 1909 1929 curare
1939 1908 2035 1941 saepe
2064 1909 2135 1942 pro-

255 1952 438 1998 crustatim]
466 1953 648 1993 Glaciatur‚
688 1952 1007 1999 κρυσταλλοῦται.
1029 1951 1133 1985 Gnor.

180 2034 227 2040 —
256 2015 313 2049 Sic
334 2021 366 2047 et
383 2013 573 2046 Ammianus
594 2014 800 2045 Marcellinus
818 2014 896 2058 (15,
924 2015 987 2054 103
1012 2026 1042 2057 p.
1062 2015 1132 2047 108

179 2076 311 2120 Gron.):
331 2077 452 2108 »hicme
473 2088 549 2108 vero
572 2077 687 2107 humus
704 2081 849 2107 crustata
862 2075 1052 2117 frigoribus«
1074 2080 1133 2109 ete.

1182 1959 1289 1990 fessus
1315 1971 1393 1990 sum.
1432 1957 1540 1990 Aliam
1563 1959 1735 1992 lectionem
1764 1962 1966 2008 aretio-usque
1991 1966 2077 1993 recte
2104 1960 2137 1992 in

1183 2021 1358 2063 marginem
1384 2022 1517 2054 Grotius
1544 2023 1663 2064 rejecit.

256 2136 445 2182 antipotlae]
482 2137 593 2171 Malim
621 2137 804 2180 antipodes,
838 2137 895 2168 sed
922 2149 997 2169 sane
1023 2138 1131 2169 confu-

179 2214 230 2234 sas
252 2202 490 2234 terminationes
518 2213 613 2245 saepe
637 2201 670 2232 in
691 2200 808 2232 talibus
830 2201 962 2232 vocibus
979 2201 1131 2233 invenias.

178 2264 236 2298 Sic
258 2264 327 2297 Cic.
353 2266 408 2298 lib.
435 2267 451 2297 l
486 2266 525 2297 de
560 2265 621 2296 div.
650 2265 793 2296 Druides
821 2264 911 2305 dicit,
955 2277 1052 2309 quum
1080 2265 1133 2296 alii

180 2338 290 2359 omncs
315 2325 475 2371 ὃρυΐὸας
509 2327 624 2360 dicant.
666 2327 792 2359 Similia
829 2333 904 2359 sunt
928 2328 1133 2361 Macomades

179 2388 407 2426 Macomadae,
443 2387 658 2421 Manum-ides
693 2390 921 2422 Marmaridae.
952 2390 1056 2423 Gnor.
1083 2408 1131 2413 —

179 2452 348 2484 Editiones
389 2456 462 2483 ante
505 2450 654 2484 Grotium
691 2459 857 2497 praeterea
895 2454 976 2486 male
1011 2455 1132 2497 antipo-

181 2517 311 2561 ducque.

259 2574 456 2624 ortivusque]
484 2575 540 2610 Sic
561 2588 578 2609 e
601 2576 708 2610 Grotii
726 2577 910 2619 conjectura
925 2579 1056 2624 reposui
1079 2589 1135 2625 pro

1257 2081 1421 2130 utrisque]
1462 2083 1576 2116 Codex
1610 2084 1815 2116 Monacensis
1848 2083 1918 2128 (Α)
1951 2086 2137 2132 utriusque,

1183 2144 1282 2185 male3
1308 2145 1432 2177 incolae
1460 2144 1543 2177 enim
1567 2140 1733 2188 utriusque
1757 2157 1857 2181 zonae
1885 2145 2018 2188 frigidae
2041 2145 2135 2187 sigui-

1183 2208 1363 2239 nificantur.

1257 2267 1480 2313 Pytliaqoras]
1515 2269 1607 2301 Haec
1635 2276 1684 2301 cst
1708 2270 1893 2301 harmonica
1915 2270 2018 2306 ratio,
2041 2279 2136 2311 quam

1184 2330 1324 2374 appellat
1343 2330 1470 2361 Plinius
1499 2330 1552 2373 (2,
1580 2331 1680 2373 115),
1711 2341 1810 2373 »quae
1834 2335 1947 2360 terram
1969 2328 2135 2370 nonagesi-

1184 2403 1267 2423 mam
1293 2397 1416 2422 sextam
1441 2391 1538 2423 totius
1561 2392 1671 2423 mundi
1690 2397 1812 2435 partem
1836 2390 1935 2423 facin«

1259 2456 1355 2486 totius
1373 2454 1513 2501 habitus]
1541 2454 1597 2488 Sic
1617 2454 1744 2487 codices
1759 2452 2039 2494 Darmstattcusis‚
2060 2453 2135 2485 Rei-

1184 2518 1404 2558 chcnauensis,
1427 2523 1458 2550 et
1472 2519 1684 2552 Monacenses
1707 2516 1761 2561 (A.
1782 2517 1834 2560 C),
1861 2516 1999 2548 lectione
2017 2528 2035 2548 a
2054 2515 2136 2549 Gro-

1188 2581 1232 2614 tio
1252 2594 1379 2627 quoqne
1398 2581 1516 2614 dudum
1530 2582 1564 2615 iu
1580 2581 1720 2624 margine
1739 2585 1863 2621 notata5
1882 2579 1975 2623 vulgo
1992 2581 2137 2615 anibitus.

1686 2641 1733 2675 64
