2310 2860
754 144 954 185 Martiani
993 143 1191 200 Capellae
1230 143 1301 185 lib.
1326 144 1378 185 ΙΙ.
1417 146 1450 196 §.
1490 144 1584 187 170.

192 265 403 307 arcusque
434 251 693 307 Dictynnae,
742 261 1037 307 tympanaque
1069 250 1274 306 Cybeleia
1305 249 1573 293 videbantur.

189 333 393 388 colorque
432 334 591 388 vertigo
630 332 806 374 terribili
846 331 1036 388 quadam
1075 334 1291 387 majestate
1328 332 1541 374 rutilabat.

2056 147 2145 191 225

1635 252 1864 295 Triformis
1895 254 2021 295 etiam
2055 254 2141 296 dis-

1622 334 1747 385 Quae
1785 335 1880 377 licet
1922 336 2142 392 cornigera

190 421 230 454 ct
250 427 399 469 aspera
434 414 648 455 videretur
675 414 1003 469 aggesfionibus,
1035 423 1275 470 opportuna
1294 421 1437 454 tamen
1469 422 1508 454 et
1534 412 1662 456 felem
1686 425 1726 456 et
1749 431 1944 469 cervam,
1975 426 2014 459 et
2041 432 2142 458 con-

188 573 281 605 ctiam
306 579 433 617 pastore
450 573 642 606 Plutarchus
666 574 736 617 (seu
756 574 901 618 quisquis
927 572 999 605 libri
1022 573 1062 605 de
1085 573 1141 604 ssu-

187 638 325 669 minibus
352 643 464 670 alictor
487 638 593 680 fuerit)
621 638 745 677 scribit,
775 638 1031 681 superstitiosum
1059 639 1143 669 hunc

190 699 290 730 solam
326 700 450 730 Lunam
483 705 668 731 veneratum
697 711 767 731 esse
799 700 1020 744 profundaque
1049 705 1142 732 nocte

187 763 256 804 ejus
287 763 435 806 mysteria
468 763 657 796 celebrasse.

261 827 371 872 sistra]
407 828 599 859 Plutarchus
622 827 680 871 (de
702 827 745 859 Is.
766 840 798 872 p.
815 828 922 870 576)=
949 827 1065 860 »Sistri
1090 839 1141 859 su-

187 891 304 934 periori
328 896 417 934 parte
447 890 575 921 rotundi
603 896 793 933 conspectus
824 891 973 922 admonet
1000 891 1039 922 de
1066 902 1140 934 qua-

189 958 260 983 tuor
283 952 469 995 corporibus
495 964 576 995 quac
597 951 832 983 concutiuntur.
857 952 939 983 Nam
960 964 1041 995 quac
1068 964 1141 995 pars

187 1014 295 1046 mundi
325 1014 407 1045 ortui
439 1019 469 1044 et
498 1013 598 1044 obitui
629 1018 679 1044 est
711 1013 864 1053 obnoxia,
901 1026 937 1045 ca
961 1013 1142 1045 continetur

186 1076 282 1116 globo
316 1076 447 1113 Lunae,
479 1075 575 1118 inque
606 1086 643 1105 ea
675 1075 781 1106 omnia
812 1080 981 1106 moventur
1010 1086 1045 1105 ac
1073 1086 1140 1105 mu-

185 1144 292 1171 tantur
326 1138 448 1169 rationc
481 1143 617 1181 quatuor
650 1138 897 1177 clementorum,
935 1138 1017 1179 ignis
1048 1145 1139 1181 puta,

184 1208 305 1241 terrae,
344 1212 463 1244 aquae,
497 1204 529 1231 et
559 1200 669 1231 acris«
713 1200 888 1244 (Conferre
918 1200 993 1232 licet
1018 1200 1139 1244 Appul.

185 1271 258 1298 met.
283 1277 313 1309 p.
332 1265 404 1296 '759
436 1263 521 1295 Oud.
547 1270 578 1295 et
602 1264 757 1296 Baechini
788 1265 827 1295 de
859 1264 961 1295 sistris
989 1264 1138 1296 disserta-

186 1326 320 1366 tionem,
354 1325 442 1367 Traj.
471 1325 510 1356 ad
539 1325 601 1356 Rh.
636 1326 744 1358 1696.
771 1326 795 1358 4
821 1331 1050 1370 praetereaque
1079 1326 1138 1357 Fa-

185 1387 282 1421 bretti
307 1387 408 1419 Inser.
431 1399 463 1430 p.
484 1387 566 1417 467.
588 1386 688 1429 488).

258 1452 478 1497 Eleusinaque
506 1447 646 1494 lampas]
684 1448 740 1482 Sic
772 1450 961 1481 Eleusinum
989 1449 1140 1482 Cererem

187 1514 266 1545 dixit
290 1512 457 1544 Arnohius
479 1522 538 1554 pro
560 1511 770 1542 Eleusiniam.
789 1511 893 1544 Gnor.
911 1530 958 1534 ——
983 1512 1057 1542 Non
1077 1511 1139 1542 Ar-

184 1576 297 1607 nobius
322 1579 454 1613 tantum,
479 1572 536 1604 scd
559 1572 673 1603 melior
691 1572 785 1603 etiam
809 1573 955 1617 scriptor,
981 1572 1139 1604 Minucius

185 1638 276 1669 Felix
297 1637 380 1681 (21,
402 1637 451 1673 i),
478 1634 630 1667 Cererem
653 1633 723 1666 solo
747 1635 923 1666 Eleusinae
952 1634 1140 1676 cognomine

184 1700 355 1733 denotavit.

259 1763 419 1810 Cybeleia]
443 1765 493 1796 De
513 1764 676 1808 Cybele'tis
698 1764 878 1797 cerimoniis
897 1764 964 1796 sivc
980 1763 1140 1808 mysteriis

184 1831 255 1862 vide
282 1829 519 1873 Apollodorum
544 1831 595 1872 (5,
624 1831 664 1869 5,
693 1828 737 1871 1).

261 1891 428 1937 triformis]
455 1891 621 1924 Arnobius
646 1893 694 1935 (5.
726 1905 757 1936 p.
778 1892 876 1934 iim:
903 1891 995 1922 vNon
1019 1890 1140 1923 indocti

184 1955 259 1996 viri,
293 1966 396 1997 neque
423 1954 509 1997 quod
534 1953 695 1985 induxerit
718 1953 818 1984 libido
847 1952 1038 1994 garrientes,
1063 1952 1138 1983 Dia-

184 2031 274 2058 nam,
303 2017 470 2055 Cererem,
495 2016 634 2052 Lunam,
667 2020 762 2058 caput
785 2026 856 2046 esse
886 2014 981 2045 unius
1008 2013 1060 2045 dei
1085 2013 1139 2045 tri-

183 2080 256 2112 viali
283 2078 489 2121 germanitate
509 2077 734 2121 pronuntiantt
759 2088 863 2121 neque
886 2082 920 2107 ut
945 2081 1019 2107 sunt
1038 2075 1139 2107 trinae

184 2142 459 2176 dissimilitudines
489 2141 669 2180 nominum,
706 2153 912 2185 personarum
945 2139 1138 2172 differentias

184 2215 248 2239 tres
267 2220 354 2239 esse:
374 2207 498 2237 Lunam
515 2206 565 2236 his
588 2205 735 2237 omnibus
753 2205 874 2246 vocari,
897 2210 992 2249 atquc
1014 2204 1047 2235 in
1069 2204 1138 2246 ejus

186 2284 336 2304 vocamen
364 2271 560 2314 reliquorum
587 2270 701 2301 scriem
726 2275 944 2302 coacervatam
969 2280 1040 2300 esse
1064 2279 1136 2309 cog-

186 2335 365 2366 nominum«
399 2334 442 2377 (v.
462 2334 617 2365 Prudent.
632 2333 664 2365 in
688 2332 869 2376 Symmaeh.
886 2332 912 2373 Ι,
929 2331 1027 2375 565).
1041 2329 1137 2363 Adde

186 2397 264 2427 illud
283 2395 393 2427 Ovidii
417 2395 494 2438 (her.
513 2395 578 2433 12,
605 2396 680 2438 79)=

245 2457 326 2488 »Per
348 2456 480 2500 triplicis
501 2457 609 2489 vultus
636 2469 820 2504 arcanaque
841 2469 934 2489 sacra
962 2456 1106 2488 Dianae«

187 2528 218 2552 ct
247 2521 331 2560 (met.
353 2521 386 2560 7,
410 2519 487 2562 49)ε

239 2601 283 2605 -
304 2600 350 2604 -—
375 2593 449 2624 uper
473 2593 567 2614 sacra
587 2581 755 2614 triformis·
788 2604 835 2610 —

1192 578 1225 605 et
1245 571 1374 603 Horatii
1393 569 1460 615 (od.
1479 571 1520 612 5,
1546 571 1610 613 22,
1633 571 1686 615 4)=

1243 655 1290 660 —
1309 656 1357 661 —
1375 635 1469 666 »diva
1493 635 1662 667 triformis«
1685 654 1730 659 ——
1747 654 1793 661 --

1192 697 1340 731 Graecis:
1365 693 1498 743 Βριμὼ
1525 696 1738 743 τρίμορφος
1765 698 1936 742 (Lycophr.
1959 698 2078 741 1176).

1264 759 1400 805 verti-qo]
1429 762 1556 805 Corpus
1578 762 1792 805 sphaericum,
1818 769 1852 793 ut
1876 768 1907 794 et
1928 762 2014 803 alibi,
2034 774 2052 794 a
2074 773 2141 794 ver-

1192 822 1306 862 tendo,
1328 819 1373 856 τὸ
1397 818 1775 869 κυκλοφορούμενον.
1793 824 1897 856 Gnor.

1268 884 1399 930 aspera]
1435 886 1473 917 ln
1503 886 1575 919 MS.
1607 887 1734 918 videtur
1766 888 1865 918 fuisse
1902 893 1951 918 »et
1978 888 2143 930 sphaerica

1192 950 1402 980 crederetur.-‹
1426 949 1530 981 Gnor.
1546 968 1593 974 —
1610 950 1706 982 Male.
1732 952 1859 994 Aspera
1883 951 1966 982 cuim
1988 953 2143 994 awestio-

1193 1012 1285 1042 nibus
1312 1011 1477 1042 videbatur
1499 1011 1599 1042 Luna.
1627 1011 1684 1044 Sic
1708 1012 1808 1052 enim,
1832 1025 1898 1043 non
1918 1013 2144 1056 eyeslionibns,

1191 1075 1362 1115 legendum
1392 1086 1464 1105 esse
1498 1085 1548 1105 mc
1575 1075 1754 1107 docuerunt
1779 1076 1907 1108 codices
1931 1076 2144 1108 Monacenses

1191 1137 1243 1179 (B.
1261 1136 1299 1167 C.
1313 1136 1353 1166 D.
1370 1135 1412 1178 E)
1437 1140 1468 1166 et
1491 1134 1764 1168 Darmstattensis.
1797 1137 1890 1168 Unde
1913 1138 2007 1168 etiam
2034 1137 2143 1169 lectio-

1191 1211 1264 1232 nem
1286 1211 1416 1244 »parum
1432 1210 1562 1243 aspera«
1589 1199 1622 1230 in
1639 1199 1791 1242 Ilugiano
1815 1200 1925 1232 codice
1946 1200 2062 1244 sprcu'.
2080 1200 2144 1231 Lu-

1190 1275 1249 1295 nae
1280 1263 1364 1294 enim
1396 1262 1580 1307 superficies
1604 1263 1732 1295 omnino
1760 1275 1874 1307 aspera
1895 1263 1988 1295 nobis
2016 1275 2144 1307 quoque

1191 1327 1317 1359 videtur
1341 1327 1439 1371 (cons.
1458 1327 1624 1359 Plutarch.
1648 1327 1687 1359 de
1709 1327 1788 1359 faeie
1811 1327 1844 1359 in
1865 1326 1981 1370 Luna).

1260 1389 1368 1435 felem]
1396 1390 1483 1422 Felis
1513 1391 1624 1422 Lunae
1649 1391 1743 1434 (quae
1769 1391 1820 1423 hic
1845 1403 1916 1424 cum
1939 1390 2054 1430 Diana,
2083 1390 2145 1422 Ce-

1191 1463 1261 1482 rere
1288 1451 1476 1495 Cybeleque
1500 1451 1717 1494 confunditur)
1740 1464 1828 1484 sacra
1847 1464 1903 1489 eo,
1928 1452 2014 1495 quod
2038 1464 2143 1482 narra-

1193 1521 1243 1545 tur
1283 1527 1317 1546 se
1347 1515 1387 1546 ad
1417 1515 1529 1546 Lunae
1566 1515 1791 1547 conversiones
1829 1521 1968 1555 mutare,
2009 1515 2145 1546 mirabili

1193 1577 1439 1624 6υμπαθεὶᾳ,
1469 1578 1595 1621 qualem
1625 1579 1769 1619 aelurus,
1794 1590 1850 1609 seu
1872 1578 1944 1609 felis
1964 1589 2046 1617 mas,
2072 1590 2143 1610 cum

1191 1639 1271 1671 Sole
1294 1639 1399 1670 habet.
1435 1637 1504 1670 Sed
1530 1644 1562 1670 et
1581 1640 1652 1670 selis
1678 1640 1762 1682 apud
1785 1639 1964 1682 Aegyptios
1989 1639 2066 1670 Isidi
2095 1651 2142 1670 sa—

1191 1707 1286 1734 crata.
1311 1701 1373 1734 Isis
1400 1707 1505 1733 autem
1529 1702 1624 1734 Luna
1649 1708 1706 1734 est.
1725 1702 1828 1735 Gnor.
1847 1722 1894 1727 —
1920 1703 2008 1733 Felis
2031 1703 2143 1733 Lunae

1190 1770 1272 1796 teste
1295 1764 1470 1796 Plutarcho
1493 1761 1617 1796 dicatur
1634 1761 1698 1799 διὰ
1721 1762 1766 1799 τὸ
1788 1763 1968 1799 ποικίλον
1995 1763 2058 1798 καὶ
2078 1776 2142 1798 νυ-

1189 1823 1383 1872 κτουργὸν
1401 1823 1465 1860 καὶ
1482 1823 1643 1872 γονιμὸν
1658 1825 1730 1861 τοῦ
1746 1825 1912 1872 θηρίου,
1942 1832 1974 1857 et
1997 1838 2035 1857 co
2057 1827 2143 1870 quod

1188 1894 1336 1920 narretur
1354 1900 1389 1919 se
1406 1889 1445 1919 ad
1462 1888 1572 1920 Lunae
1593 1888 1818 1921 conversiones
1841 1889 1975 1920 mirabili
1993 1891 2141 1931 ὄυμπα-

1189 1948 1281 1996 θείᾳ
1306 1956 1436 1982 mutare.
1461 1949 1561 1982 Gonz.
1578 1969 1625 1975 —
1663 1950 1794 1983 Minime
1816 1950 1992 1982 Martianus
2018 1951 2141 1981 Lunam

1189 2026 1262 2047 cum
1285 2014 1405 2055 Diana,
1432 2013 1570 2056 Cerere,
1601 2014 1789 2059 Cybeleque
1811 2014 1969 2054 confudit,
1998 2019 2033 2045 ut
2058 2013 2139 2046 Gro—

1187 2076 1233 2108 tio
1258 2076 1361 2109 visum
1385 2082 1451 2117 est,
1479 2077 1536 2109 sed
1555 2077 1706 2121 mysteria
1733 2082 1855 2108 tantum
1880 2078 1991 2107 harum
2011 2076 2139 2108 dearum

1189 2140 1294 2172 omnia
1318 2140 1350 2172 in
1374 2141 1468 2172 Luna
1491 2141 1632 2185 reposita
1656 2152 1728 2172 esse
1746 2140 1844 2172 finxit.
1873 2140 1972 2183 Quod
1996 2141 2035 2171 ad
2061 2139 2135 2170 Plu-

1189 2202 1289 2234 tarchi
1311 2202 1417 2234 locum
1434 2202 1488 2246 (de
1508 2202 1593 2234 Iside
1616 2216 1647 2246 p.
1670 2204 1758 2245 576)
1785 2202 1908 2242 attinet,
1930 2214 1969 2232 ex
1989 2213 2027 2233 eo
2045 2211 2134 2244 prae-

1188 2264 1332 2296 cedentia
1358 2264 1453 2295 verba
1474 2275 1539 2296 non
1561 2264 1793 2308 praetereunda
1814 2269 1919 2303 crant,
1949 2274 2029 2306 quae
2057 2263 2133 2292 hacc

1188 2331 1277 2357 sunt:
1311 2324 1515 2357 »Cur-nmini
1549 2327 1640 2357 'sistri
1668 2325 1702 2356 in
1735 2325 1852 2356 vertice
1882 2324 2015 2365 infigunt
2037 2321 2133 2364 felem

1185 2391 1322 2421 humana
1352 2389 1459 2420 facien
1504 2389 1685 2420 Humanam
1721 2389 1749 2419 ci
1780 2400 1851 2419 esse
1887 2387 1997 2418 faciem
2025 2389 2133 2417 noster

1187 2453 1316 2497 quidem
1341 2465 1407 2485 non
1431 2452 1529 2494 dixit,
1557 2465 1662 2497 neque
1697 2453 1800 2484 dicere
1826 2450 1943 2495 potuit,
1974 2449 2000 2480 si
2026 2448 2130 2489 sistra,

1187 2527 1268 2559 quae
1285 2515 1379 2547 felem
1399 2515 1431 2546 in
1456 2515 1612 2560 superiori
1626 2509 1716 2558 parte
1736 2516 1974 2556 repraesentant
1995 2511 2036 2554 (v.
2048 2511 2129 2542 Bae-

1188 2580 1269 2611 rhin.
1294 2579 1334 2611 de
1361 2579 1443 2611 sistr.
1470 2592 1502 2624 p.
1523 2580 1579 2612 ¹6.
1603 2579 1774 2610 montfanc.
1798 2581 1859 2606 ant.
1894 2576 1976 2618 cxpl.
1999 2574 2039 2607 ΙΙ.
2066 2577 2128 2606 tal».

1676 2640 1722 2670 29
