2310 2860
293 192 381 236 480

877 180 1075 224 Martiani
1105 177 1304 234 Capellae
1333 176 1405 217 lib.
1425 175 1479 216 V.
1510 177 1540 227 ᾗ.
1563 175 1661 216 566.

696 288 825 343 Quod
855 289 888 330 si
919 288 1125 344 probatur
1157 294 1197 326 et
1231 291 1343 324 caret
1371 281 1557 333 fastidio,

692 371 910 417 Nonnulla
941 378 1108 426 promet
1138 381 1250 424 quae
1284 364 1452 406 novella
1480 364 1635 415 texuit,

693 455 934 509 Deditaque
965 452 1064 494 fient
1094 465 1206 507 quae
1236 456 1420 491 vetustas
1451 445 1672 501 praeterit3

689 536 762 576 Sin
793 548 923 574 sanna
953 532 1075 587 typhi
1105 531 1217 571 naris
1259 531 1397 570 imum
1431 528 1620 578 torseris,

694 614 854 669 Pigebit
885 626 1004 653 arma
1035 610 1251 651 horruisse
1282 609 1470 660 coelites,

694 691 1040 746 Formidinisque
1069 699 1175 731 tunc
1204 691 1322 732 locus
1355 688 1622 739 movebitur,

697 776 889 826 Silvane,
931 774 1084 815 falcem
1116 785 1253 828 quum
1285 770 1389 826 petis
1420 770 1674 810 Saturniam.

697 856 752 897 At
779 864 826 897 tu
855 854 1114 905 reclamans,
1159 851 1384 892 rhetorum
1417 851 1589 891 sacrum
1621 849 1744 900 tuba,

699 935 910 992 Clangore
942 950 1065 978 verso
1097 932 1298 976 Tulliana
1327 944 1582 988 percrepans

698 1019 748 1060 In
780 1028 915 1060 castra
945 1019 1100 1069 abibis,
1143 1031 1230 1072 quo
1259 1029 1338 1056 nec
1368 1028 1465 1056 osor
1495 1011 1688 1053 invidens

699 1099 791 1141 Nec
820 1099 934 1142 livor
965 1108 1052 1140 ater
1081 1107 1120 1138 te
1149 1104 1353 1150 sequatur
1386 1094 1645 1149 praecluem.

307 1239 405 1271 bellus
426 1240 458 1268 et
479 1233 662 1267 rubellulus.
686 1232 820 1265 Persius
843 1236 875 1263 et
897 1229 1052 1264 Martialis
1073 1229 1182 1261 w‘num
1201 1240 1254 1260 ru-

307 1300 422 1332 bellum
449 1301 635 1330 memorant.
658 1294 776 1327 Suum.
802 1293 862 1336 (ad
895 1292 1014 1325 Saxon.
1041 1305 1074 1336 p.
1100 1290 1255 1333 150).—

308 1363 429 1396 Confer
452 1366 595 1393 nostrum
615 1359 696 1390 infra
718 1356 760 1400 (ξ.
778 1356 874 1397 864).

381 1423 551 1469 deditaque
583 1418 681 1464 fient]
718 1418 792 1449 Hoc
824 1421 872 1447 est
910 1416 1090 1447 »tradentur
1123 1416 1156 1446 in
1188 1425 1258 1446 meo

310 1498 406 1531 opere
432 1497 512 1530 quae
534 1497 552 1516 a
576 1482 738 1515 veteribus
765 1485 839 1512 sunt
863 1478 1016 1518 omissa«3
1041 1478 1168 1510 tametsi
1192 1489 1259 1510 rec-

310 1549 374 1580 tius
396 1547 459 1589 legi
485 1545 587 1590 possit
615 1545 709 1576 edita.
727 1543 873 1575 vacis.
890 1560 937 1565 —
972 1539 1102 1570 Dictum
1125 1545 1175 1571 est
1203 1550 1261 1584 pro

311 1612 432 1643 tradita
461 1609 583 1653 potius,
606 1613 641 1639 ut
663 1606 791 1639 omnino
815 1603 960 1646 ejusdem
978 1601 1067 1634 verbi
1089 1602 1263 1644 composita

313 1673 396 1704 varie
418 1671 502 1704 inter
523 1681 557 1701 se
578 1667 826 1700 confunduntur.

386 1745 492 1766 sanna
510 1730 610 1776 typhi]
628 1732 677 1762 De
693 1740 811 1767 sanna,
833 1727 916 1758 unde
934 1727 1133 1758 subsannare
1147 1730 1179 1756 et
1193 1735 1263 1756 san.v

314 1798 440 1833 aiones,
460 1794 540 1826 nulli
551 1805 615 1824 non
632 1798 751 1823 notum.
775 1790 900 1833 Typhus
911 1800 973 1819 vox
988 1788 1112 1819 Graeca
1124 1785 1268 1831 (Suidasz

315 1855 444 1903 τυφὸς
456 1853 679 1897 ἀλαζονεία)
693 1866 749 1898 pro
765 1853 854 1897 fastu
865 1851 1011 1883 Arnobio
1030 1851 1164 1893 aliisque
1178 1860 1268 1880 usur-

316 1924 408 1963 pata3
440 1918 479 1950 de
501 1928 563 1961 qua
585 1916 630 1947 sic
652 1916 811 1947 Isidorus:
838 1914 941 1946 »Ulua
961 1918 993 1944 et
1019 1913 1133 1955 typhus
1151 1911 1268 1943 herbae

318 1981 400 2012 circa
418 1979 538 2018 fontes,
564 1977 712 2021 paludes,
738 1981 911 2017 stagnaque
931 1979 1115 2013 naseuntur,
1142 1985 1182 2004 ex
1201 1970 1269 2016 qui-

318 2043 379 2074 hus
408 2041 501 2078 ulva,
533 2038 566 2070 id
601 2043 650 2069 est
675 2037 763 2079 alga,
806 2036 932 2067 mollior
970 2040 1001 2066 et
1034 2033 1269 2078 quodammodo

319 2099 448 2145 fungus,
471 2101 554 2133 dicta
572 2100 611 2131 ab
634 2100 769 2141 uligine3
798 2100 910 2141 typlms
931 2109 1006 2129 vero
1026 2109 1105 2141 quae
1130 2098 1181 2140 (m.
1198 2096 1271 2140 quia

321 2168 372 2200 vel
392 2165 492 2210 quod)
527 2176 561 2195 se
585 2163 674 2207 aquis
699 2163 804 2202 inflet,
831 2162 913 2193 unde
941 2167 973 2193 et
996 2161 1057 2193 sibi
1079 2160 1272 2204 placentium

322 2228 484 2261 hominum
506 2230 612 2256 tumor
632 2224 745 2266 typhus
768 2222 970 2266 appellatum«
1004 2221 1058 2253 Ah
1077 2221 1187 2253 eadem
1209 2220 1270 2252 ori-

322 2290 394 2332 gine
411 2294 443 2320 et
462 2287 636 2330 Typhones
656 2289 689 2316 et
711 2284 883 2326 Typhoeus
908 2283 1066 2315 dicuntur.
1085 2283 1147 2315 Est
1170 2288 1274 2313 autem

323 2349 435 2400 τύφω
459 2355 492 2382 et
514 2345 688 2396 τύφομαι
710 2346 843 2379 Graecis
869 2357 934 2378 non
963 2352 1027 2378 tam
1057 2347 1155 2391 infla,
1181 2356 1275 2389 quam

1364 1226 1442 1260 »Sin
1461 1238 1565 1259 sanna
1593 1226 1736 1269 Typltum
1760 1237 1838 1257 nare
1862 1228 1942 1256 sima
1969 1228 2148 1257 intorserit«

1309 1290 1366 1321 sed
1392 1289 1462 1320 vide
1490 1301 1530 1320 ne
1554 1287 1730 1319 Martianus
1755 1299 1813 1330 pro
1838 1298 1926 1318 more
1951 1298 2008 1317 suo
2035 1287 2183 1318 audacior
2206 1299 2262 1331 per

1310 1349 1576 1393 prosopopoeiam
1592 1348 1734 1379 Sannam
1748 1347 1853 1390 Typhi
1871 1347 1904 1378 id
1920 1353 1968 1379 est
1983 1347 2162 1380 irrisionem
2178 1360 2261 1380 arro-

1311 1411 1435 1454 gantiae
1453 1409 1721 1450 liliamsoluerit,
1755 1420 1933 1453 sensusque
1960 1409 2012 1441 hic
2031 1410 2086 1441 sit:
2109 1410 2178 1442 »sin
2204 1411 2264 1454 (tu)

1312 1475 1423 1508 Sauna
1444 1473 1550 1519 Typhi
1572 1473 1634 1504 ima
1657 1473 1742 1504 naris
1767 1473 1918 1505 torseris«
1945 1479 2003 1505 cet.
2029 1475 2133 1506 Imum
2161 1480 2265 1506 antem

1313 1541 1405 1571 naris
1428 1545 1577 1585 torquere
1595 1537 1680 1568 idem
1699 1537 1785 1580 quod
1805 1537 1942 1568 Horatio
1965 1536 2070 1581 (epist.
2093 1539 2125 1578 1,
2149 1539 2183 1578 5,
2205 1538 2266 1579 25)

1314 1612 1410 1632 nares
1432 1611 1604 1643 corruqmz’
1638 1610 1709 1629 esse
1737 1603 1860 1641 potest3
1896 1604 2090 1642 quapropter
2120 1598 2265 1630 mutatio-

1314 1675 1387 1695 nem
1426 1662 1569 1706 quamvis
1610 1661 1774 1702 ingeniose
1809 1661 1848 1692 ab
1880 1660 2016 1692 Heinsio
2057 1662 2269 1703 excogitatam

1315 1731 1432 1758 certam
1470 1729 1575 1755 tamen
1603 1723 1731 1755 omnino
1756 1735 1820 1755 non
1844 1723 1955 1755 haheo.

1390 1790 1545 1831 sequatur
1560 1781 1755 1827 praecluem]
1783 1782 1908 1814 Sensus
1931 1783 2029 1814 totius
2051 1784 2198 1816 carminis
2219 1784 2270 1816 hic

1319 1857 1387 1880 esse
1417 1847 1559 1879 videtur:
1593 1846 1638 1877 »si
1679 1845 1827 1887 suffragia
1863 1852 1968 1878 vestra
2002 1847 2112 1879 tulerit
2137 1854 2169 1880 et
2203 1847 2270 1880 sine

1319 1910 1444 1942 fastitlio
1469 1909 1575 1941 audita
1595 1909 1706 1949 suerit,
1736 1908 1816 1940 disci
1837 1909 1911 1941 inde
1937 1915 2087 1953 poterunt
2107 1910 2270 1950 nonnulla,

1321 1984 1402 2015 quae
1428 1983 1446 2002 a
1465 1985 1515 2006 me
1541 1973 1611 2016 ipso
1634 1978 1760 2015 reperta
1784 1978 1874 2012 sunt,
1903 1973 2129 2005 vetustioribus
2148 1978 2270 2017 praete-

1321 2033 1398 2072 rita3
1425 2032 1473 2063 sin
1492 2034 1586 2065 risum
1609 2033 1763 2064 meruisse
1786 2033 1946 2074 videatur,
1974 2040 2040 2065 tum
2063 2046 2138 2065 sane
2162 2035 2271 2077 poeni-

1321 2096 1401 2127 tebit
1431 2095 1563 2127 coelites
1591 2097 1680 2128 illius
1714 2096 1855 2127 horroris
1886 2108 1981 2138 quem
2009 2096 2087 2139 ipsis
2117 2097 2272 2129 adventus

1321 2157 1514 2189 Rhetoricae
1539 2164 1673 2189 armatae
1692 2157 1885 2195 incusserat,
1917 2168 2014 2198 quum
2041 2157 2192 2190 Silvanus
2216 2159 2272 2191 fal-

1324 2232 1393 2252 cem
1420 2219 1602 2251 Saturniam
1627 2218 1895 2262 circumspiceret,
1923 2230 2028 2262 neque
2053 2222 2187 2265 amplius
2212 2224 2273 2255 sor-

1325 2280 1433 2312 midini
1456 2280 1546 2311 locus
1571 2279 1646 2318 erit3
1674 2279 1729 2310 scd
1752 2285 1803 2318 tu,
1828 2290 1989 2311 sacrorum
2006 2281 2168 2314 rhetorum
2187 2284 2273 2328 tuba,

1325 2343 1488 2384 indignata
1517 2343 1699 2381 clangorem
1723 2342 1857 2373 mutabis
1884 2355 1964 2386 aque
1994 2346 2172 2395 praeceptis
2199 2346 2274 2378 artis

322 2417 444 2459 fumi-qo
462 2418 494 2446 et
511 2412 654 2444 incendo.
667 2410 819 2443 Gno‘rae—
834 2409 933 2440 Plura
950 2410 1036 2441 dabit
1051 2409 1204 2442 Heinsius
1224 2408 1278 2452 (ad
1327 2404 1489 2437 tradendis
1520 2402 1559 2434 ad
1587 2402 1746 2433 orationes
1775 2403 1922 2436 Tulliano
1950 2413 2038 2436 more
2061 2406 2221 2438 habendas
2244 2412 2274 2438 te

324 2479 421 2511 ovid.
442 2481 515 2509 met.
541 2475 604 2513 14,
635 2475 700 2513 053
725 2485 756 2516 p.
780 2472 850 2503 941
870 2472 1013 2515 Buram),
1038 2473 1092 2516 qui
1115 2478 1146 2504 et
1167 2476 1277 2504 nostro

324 2542 394 2574 loco
419 2539 462 2570 ita
484 2535 698 2580 retingendum
724 2532 873 2574 conjecit:

1328 2466 1479 2509 recipies,
1514 2475 1576 2507 quo
1609 2464 1779 2506 gloriosam
1811 2469 1841 2497 te
1875 2477 1935 2499 nee
1964 2478 2039 2499 osor
2070 2479 2128 2499 nee
2161 2468 2275 2500 invidia

1332 2529 1424 2570 nigra
1448 2532 1605 2571 sequatur.
1615 2540 1625 2553 u

1076 2592 1545 2616 ..ψ-’-
