2310 2860
242 145 334 191 522
809 138 1009 182 Martiani
1047 136 1247 194 Capellae
1282 135 1354 178 lib.
1385 135 1462 178 111.
1501 138 1534 189 §.
1554 135 1655 178 525.

245 254 370 298 Unde
401 252 534 303 venit,
576 259 620 290 ut
651 248 800 305 aliger,
830 247 1031 304 frugifer,
1073 245 1269 301 accipitcr
1305 244 1493 286 habeant
1527 259 1674 287 omnes
1709 259 1850 298 casus,
1889 245 2054 302 Jupiter
2093 246 2201 290 duos

244 334 427 378 habeat?
485 332 639 382 Quum
678 339 867 381 sanetus,
911 329 1028 384 pius,
1071 327 1209 367 bonus
1242 327 1396 368 similia
1426 328 1526 379 sint,
1579 342 1657 369 cur
1696 328 1878 369 dicimus
1915 330 2122 382 sanctior,
2164 341 2202 371 et

243 418 334 473 pior
364 430 448 455 non
479 413 690 456 dicimus?
746 411 899 454 deinde
936 411 1119 452 sanctior
1148 408 1458 460 sanctissinum,
1502 408 1655 449 bonior
1683 408 1940 450 bonissiinus
1969 425 2053 452 non
2084 412 2199 454 dica—

241 496 366 536 mus?
427 495 578 545 Quum
617 494 727 535 dicat
765 492 992 547 Virgilius:
1034 489 1149 531 fandi
1182 499 1310 544 atque
1338 489 1532 542 nefandi3

240 579 446 630 nefarius,
495 594 518 620 a
552 578 680 619 fando
719 577 851 618 farius
895 589 980 616 non
1015 571 1200 615 dicitur?
1251 571 1400 622 Quare
1444 572 1659 624 sejunctus
1696 573 1850 615 amissa
1893 574 2200 630 praepositione

239 660 392 702 dicitur
436 661 628 714 junctus,
680 673 856 700 securus
896 666 937 698 et
973 654 1148 697 sedulus
1196 653 1347 694 eadem
1394 653 1558 709 perdita
1595 669 1681 695 non
1731 656 1901 697 valeant
1939 656 2200 697 memorari?

1593 504 1732 545 quum
1771 506 1793 531 a
1823 491 2006 533 nefando
2036 493 2199 535 dicatur

240 742 391 792 Quum
432 741 626 783 dicamus
663 740 817 797 singuli
858 739 962 791 viri,
1014 737 1205 793 singulae
1242 737 1467 789 mulieres,
1510 739 1674 793 singula
1716 740 1891 792 scrinia3
1944 753 2080 795 quare
2114 754 2197 780 non

237 823 419 865 dicimus
462 823 653 879 singulus
702 823 793 873 vir,
849 820 1016 876 singula
1062 820 1240 872 mulier,
1289 819 1506 875 singulum
1558 821 1792 861 scrinium?
1851 822 2002 872 Quum
2046 836 2199 871 venor,

236 905 395 960 piscor,
428 920 622 961 aucupor
651 903 805 944 similia
835 901 937 952 sint,
977 914 1056 941 cur
1090 910 1268 942 venator
1297 910 1338 942 et
1366 902 1549 958 piscator
1578 902 1755 954 dicitur,
1794 912 1833 943 et
1858 911 2092 958 aucupator
2114 916 2199 942 non

234 986 410 1035 dicitur,
456 985 529 1025 scd
571 983 756 1039 auceps?
810 982 901 1023 Cur
933 982 1031 1024 volo
1072 997 1157 1023 non
1195 982 1326 1022 habet
1358 983 1694 1038 imperativum?
1757 981 1848 1023 Cur
1884 983 1977 1023 fare
2007 982 2195 1038 primam

238 1065 356 1106 verbi
397 1079 626 1120 personam
670 1079 755 1104 non
794 1063 951 1105 habet?
1005 1063 1155 1113 Quare
1191 1063 1305 1102 solco
1347 1065 1623 1118 praeteritum
1654 1063 1892 1119 perfectum
1924 1078 2008 1103 non
2042 1061 2198 1104 habet?

235 1147 388 1196 Quum
433 1155 554 1186 canta
594 1154 635 1185 et
671 1145 770 1185 lava
807 1144 959 1184 similia
1005 1144 1107 1191 sint,
1166 1155 1244 1181 cur
1274 1143 1441 1182 cantavi
1470 1143 1616 1192 faciat,
1674 1152 1713 1182 et
1744 1143 1888 1183 lavavi
1920 1157 2007 1182 non
2041 1141 2198 1182 faciat?

231 1227 340 1269 Item
372 1242 547 1269 corusco
579 1236 619 1267 ct
648 1236 767 1278 ton03
806 1224 1027 1266 coruscavi
1058 1223 1176 1274 facit,
1206 1223 1350 1264 tonavi
1381 1237 1467 1262 non
1496 1221 1622 1262 facit?
1655 1222 1773 1272 Quid
1798 1222 1915 1278 quod
1947 1238 2023 1278 ego
2054 1237 2191 1263 unum

232 1324 377 1350 casum
410 1308 586 1363 recipit?
630 1307 783 1357 Quum
817 1306 1047 1354 calceatus,
1080 1312 1288 1351 annatim,
1331 1310 1516 1354 togatus,
1548 1301 1774 1354 penulatos
1804 1302 1923 1354 paria
1958 1301 2197 1350 videantur,

232 1403 368 1443 quare
407 1387 547 1427 calceo
588 1395 628 1426 et
666 1400 788 1426 armo
826 1384 1030 1433 dicimus,
1073 1392 1169 1436 togo
1208 1390 1248 1421 ct
1280 1381 1436 1435 penulo
1469 1396 1557 1421 non
1592 1380 1856 1421 admittitur?
1893 1381 2196 1422 Nominativus

228 1469 450 1525 singularis
487 1468 532 1508 in
573 1482 622 1507 us
660 1467 803 1507 exiens
843 1458 1127 1515 &omnihus
1163 1463 1351 1518 positivis
1381 1464 1417 1504 E
1449 1462 1702 1518 productam
1735 1461 1865 1502 habet
1893 1461 1937 1502 in
1970 1461 2195 1513 adverbiis,

228 1560 277 1592 ut
313 1550 462 1591 doetus
498 1547 640 1599 docte,
688 1560 848 1588 avarus
899 1559 1051 1596 avare,
1093 1558 1248 1599 parcus
1278 1558 1427 1599 parce,
1476 1543 1618 1584 bonus
1661 1552 1702 1583 et
1734 1543 1876 1584 malus
1912 1558 1991 1585 cur
2020 1544 2193 1599 corripit

229 1702 398 1736 declinatio
415 1701 546 1742 mutari,
570 1701 614 1732 ait
634 1699 778 1732 Servius.
805 1696 973 1730 Charisius
990 1696 1044 1727 lib.
1060 1696 1090 1727 1:
1107 1696 1186 1728 Om-
1311 1701 1428 1731 similia
1450 1698 1536 1744 sint]
1568 1699 1618 1730 Ita
1649 1699 1768 1731 rectius
1800 1699 1834 1730 in
1868 1699 2032 1730 codicibus
2056 1698 2191 1730 Reiclffl-

227 1767 296 1806 nia,
324 1765 443 1810 inquit,
467 1765 500 1797 in
523 1764 736 1796 declinatione
759 1761 914 1793 voeabula
935 1772 1001 1792 non
1025 1761 1100 1803 plus
1123 1772 1186 1792 una
1237 1762 1390 1802 nanensi,
1418 1760 1682 1801 Darmstattensi,
1715 1766 1749 1792 et
1777 1760 1966 1794 Monacensi
1990 1760 2062 1804 (C),
2096 1772 2190 1804 quam

228 1830 352 1873 syllaba
372 1835 530 1861 creseunt.
563 1829 691 1858 Rursus
715 1826 852 1857 ibidem:
872 1825 1016 1867 Anci'pes
1036 1824 1186 1855 dixerunt

227 1898 352 1923 veteres
382 1903 453 1923 eum
482 1889 622 1929 ratione,
652 1899 693 1919 ne
722 1887 862 1929 genitivo
885 1887 1034 1929 ancipitis
1060 1885 1185 1916 duabus

228 1955 388 1986 videretur
401 1953 532 1997 syllabis
551 1964 705 1984 crescere.
730 1951 838 1983 Plaut.
855 1950 938 1982 Rud.
950 1963 958 1980 ε
971 1949 1056 1980 Post
1076 1949 1184 1981 altrin-

228 2030 320 2050 secus
342 2022 393 2048 cst
413 2016 589 2048 securicula
615 2017 772 2059 anzi-spes«

304 2077 448 2123 Jupiter]
474 2079 579 2117 Duos,
599 2077 715 2121 inquit,
739 2087 833 2108 casus
858 2075 953 2106 habet
966 2074 1107 2117 Jupiter,
1126 2086 1184 2106 no·

227 2142 411 2174 minativuln
430 2147 464 2174 et
486 2141 679 2173 vocativum:
697 2145 771 2171 sunt
787 2145 893 2170 tamen
912 2144 945 2169 et
966 2138 1020 2181 qui
1042 2139 1185 2181 anirris

227 2205 353 2248 Jupitm·
371 2204 535 2247 Jupitrem
559 2203 677 2234 dicunt.
699 2202 805 2234 Gnor.
825 2218 874 2223 -—
920 2199 1090 2232 Placuisse
1122 2201 1185 2231 hoe

229 2268 390 2301 Caesellio
405 2266 536 2300 Vindici
550 2266 733 2297 Priscianus
750 2266 798 2310 (G.
812 2277 844 2308 p.
860 2265 931 2296 180
946 2263 1060 2307 Basil.)
1074 2263 1183 2303 tradit,

229 2331 468 2375 Quinctilianus
477 2337 582 2362 autem
597 2331 645 2374 (1,
657 2331 693 2369 G,
703 2330 770 2369 235
786 2341 820 2372 p.
831 2329 900 2360 155
916 2327 1057 2371 Spald.)z
1069 2338 1183 2371 nquae-

228 2396 318 2427 damu
347 2395 454 2438 inquit
480 2394 625 2425 »nomina
657 2393 784 2425 casibus
816 2397 940 2431 carent,
979 2391 1134 2435 quaedam
1164 2402 1183 2421 a

229 2457 339 2501 primis
353 2457 458 2489 statim
470 2455 683 2500 positionibus
702 2460 768 2484 tota
783 2459 953 2492 mutantur,
971 2458 1006 2483 ut
1019 2453 1175 2495 J11p1'le1·.«

228 2519 371 2550 Isidorus
392 2519 468 2549 item
491 2517 605 2560 (etym.
625 2517 663 2555 1,
691 2517 711 2546 7
730 2516 749 2545 s.
777 2527 807 2559 p.
827 2516 872 2545 17
892 2513 1011 2557 ,xi-ev.)
1036 2515 1096 2546 hoc
1122 2526 1178 2545 no·

228 2592 301 2610 tucn
325 2581 406 2610 inter
430 2580 550 2621 diptota
574 2577 680 2608 refert.

1235 1833 1313 1858 sunt
1339 1826 1422 1870 apud
1447 1825 1607 1858 Grotium.

1315 1898 1486 1944 Vir-ymas]
1512 1899 1596 1931 Aen,
1616 1900 1652 1939 1,
1680 1899 1771 1931 545:

1294 1976 1356 2008 »Λί
1376 1981 1503 2018 sperate
1524 1975 1598 2006 deos
1617 1985 1770 2006 memores
1789 1973 1889 2017 fandi
1904 1978 2001 2020 atque
2023 1972 2181 2016 raeficndi.·=

1308 2048 1498 2095 §iugulat-is]
1519 2049 1673 2081 Attamen
1695 2049 1823 2081 Gellius
1847 2048 1991 2090 »singulo
2014 2058 2129 2078 numo«
2157 2055 2188 2078 ct

1243 2112 1386 2154 »singulo
1417 2124 1588 2151 numero«,
1619 2112 1758 2142 Plautus
1789 2109 1970 2151 »singulum
1993 2108 2180 2150 vestigium*

1234 2175 1391 2206 dixerunt.
1418 2175 1512 2206 Conf.
1538 2174 1577 2204 E.
1595 2173 1621 2204 I.
1638 2173 1682 2204 A.
1699 2172 1882 2215 Seyl'ertuni
1905 2170 2025 2213 (latein.
2046 2169 2186 2214 Sprach-

1232 2238 1321 2268 lehre
1341 2235 1371 2279 ξ
1388 2237 1496 2267 1570.
1518 2234 1641 2277 2449).

1302 2318 1388 2364 fare]
1415 2319 1502 2351 Yide
1524 2329 1620 2361 supra
1643 2315 1684 2359 (ξ.
1707 2315 1806 2357 511).
1839 2316 1926 2346 Fare
1951 2315 2091 2347 secunda
2113 2328 2183 2360 per—

1233 2397 1311 2416 sona
1338 2382 1500 2414 indieatixi
1528 2393 1600 2412 esse
1623 2385 1748 2423 potest,
1779 2385 1888 2422 potest
1911 2391 1986 2410 vero
2011 2380 2107 2411 etiam
2127 2380 2182 2411 iin-

1229 2446 1377 2492 pcrativi,
1402 2451 1439 2476 ut
1462 2445 1546 2488 apud
1576 2443 1748 2485 Virgilium
1774 2442 1873 2486 (Aen.
1897 2444 1938 2482 ὅ,
1963 2443 2071 2486 562)2
2100 2443 2182 2474 »fare

1229 2523 1324 2552 age«,
1356 2508 1453 2551 idque
1485 2505 1686 2537 verisimilius
1714 2510 1779 2545 est,
1817 2505 1891 2548 quia
1924 2504 1999 2536 inde
2025 2504 2180 2537 contraria

1228 2582 1361 2617 prorsus
1384 2569 1464 2601 ratio
1490 2581 1559 2601 cum
1587 2568 1795 2600 antecedente
1822 2567 1891 2598 volo
1915 2566 2054 2598 efficitur.
