2310 2860
712 143 912 185 Martiani
944 143 1142 200 Capellae
1180 143 1251 185 lib.
1271 142 1346 186 VJ.
1383 146 1414 196 ᾗ.
1436 145 1538 187 616.
2009 146 2098 188 529

137 249 277 291 eidem
309 259 644 302 commutatum3
692 264 793 291 nam
824 251 1071 301 Trinacria,
1111 251 1229 305 quod
1261 251 1393 291 tribus
1426 253 1723 307 promontoriis
1755 254 1964 310 triangula
1995 270 2094 297 cen-

137 339 299 372 seatur:
328 331 490 386 quippe
514 344 675 381 unum,
710 331 828 385 quod
861 345 883 371 a
910 331 1112 386 Pachyno
1143 331 1185 370 iu
1216 331 1556 386 Peloponnesum
1587 334 1629 374 in
1661 336 1883 376 meridiem
1918 351 2093 378 versum

135 420 311 471 spectat,
328 411 653 467 quadringentis
683 410 964 466 quadraginta
986 410 1174 452 millibus
1201 424 1224 450 a
1247 412 1427 451 Graecia
1450 412 1715 466 disparatur,
1747 415 1920 456 Pelorus
1949 426 2092 458 autem

136 506 337 532 occasum
375 493 630 548 Italiamque
668 493 853 548 inspicit,
902 507 1014 546 quae
1057 492 1163 533 freto
1204 491 1320 531 mille
1354 493 1590 547 quingentis
1630 495 1823 548 passibus
1853 506 2096 550 separatur3

135 570 395 626 Lilybaeum
425 572 594 613 Africae
630 571 733 612 fines
773 571 888 613 videt
917 570 959 611 in
993 581 1163 612 centum
1196 572 1403 626 octoginta
1434 572 1635 613 millibus.
1692 574 1789 628 Ipsa
1821 585 1960 616 autem
1993 591 2095 632 pro-

137 652 353 693 montoria
389 653 497 693 inter
539 668 583 694 se
614 661 781 694 terreno
820 652 969 693 itinere
1011 652 1283 708 disparantur
1321 655 1400 695 sic:
1433 670 1457 695 a
1487 655 1638 695 Peloro
1669 655 1922 710 Pachynum
1962 655 2096 697 millia

137 741 310 773 centum
357 734 620 789 septuaginta
665 749 759 785 sex,
819 733 917 774 inde
960 734 1220 788 Lilybaeum
1278 734 1478 785 ducenta,
1536 734 1633 775 inde
1675 735 1878 777 Pelorum
1922 746 2093 777 centum

137 815 418 871 quadraginta
456 817 548 857 tria.
617 815 818 857 Coloniae
856 816 900 856 in
943 817 1082 858 Sicilia
1123 817 1339 872 quinque,
1393 817 1520 857 urbes
1561 817 1774 872 sexaginta
1814 827 1919 868 tres,
1970 816 2092 857 fluvii
2125 818 2214 860 647

136 896 361 953 fontesque
407 899 712 955 quamplures,
771 913 820 940 ac
855 899 1007 940 montis
1056 899 1216 940 Aetnae
1266 898 1475 939 miracula
1520 898 1711 939 noctibus
1750 899 1842 939 totis
1888 899 2096 940 vomentis

136 976 353 1030 iucendia3
410 980 530 1033 cujus
573 989 709 1021 crater
740 979 880 1020 stadiis
911 980 1057 1034 viginti
1092 989 1236 1035 patens
1268 978 1414 1020 favilla
1444 979 1777 1019 Taurominium
1812 978 2096 1034 Catinamque

136 1058 360 1112 respergit,
406 1073 560 1114 magno
606 1060 784 1114 strepitu
823 1059 1017 1114 mugiens
1049 1067 1088 1100 et
1117 1058 1348 1099 immensos
1379 1047 1566 1113 fragores
1596 1058 1788 1100 intonans
1812 1059 2093 1101 obluctatione

135 1135 428 1180 flammarum.

710 1299 791 1340 DE
834 1298 1062 1340 INSULIS
1101 1297 1293 1339 SICULI
1332 1297 1523 1339 FRETI.

307 1400 356 1442 In
391 1402 533 1443 Siculo
569 1403 695 1443 etiam
739 1402 846 1444 freto
884 1403 1042 1444 insulas
1089 1418 1177 1444 esse
1215 1417 1300 1443 non
1340 1402 1521 1442 dubium
1571 1411 1642 1445 est.
1709 1403 1900 1444 Africam
1942 1416 2091 1443 versus
2122 1401 2211 1442 [348

138 1482 322 1534 Gaulos,
371 1484 516 1525 Melita
556 1498 580 1524 a
611 1483 841 1524 Camarina
878 1484 1085 1539 octoginta
1124 1492 1310 1539 quatuor
1339 1483 1529 1523 millibus
1560 1497 1788 1538 passuum,
1835 1497 1860 1523 a
1893 1482 2098 1537 Lilybaeo

138 1574 309 1606 centum
348 1564 575 1616 tredecim,
620 1564 826 1615 Cossura,
873 1564 1150 1614 Hieronesos,
1199 1563 1362 1614 Coene‚
1405 1562 1655 1617 Lopadusa,
1704 1562 1915 1614 Aethusa,
1963 1577 2097 1618 quam

208 1696 388 1743 triangula]
416 1697 524 1731 Variis
547 1698 657 1739 figuris
680 1699 855 1743 geographi
879 1704 1027 1740 utuntur,
1057 1704 1094 1730 ut

137 1764 293 1792 terrarum
321 1761 527 1802 regionumve
559 1761 677 1792 formas
711 1761 909 1801 describant,
947 1761 1091 1805 inprimis

139 1821 271 1864 Strabo,
304 1823 359 1868 qui
380 1830 416 1855 ut
434 1823 589 1859 ‚Siciliam
613 1824 666 1866 (2,
695 1836 727 1867 p.
748 1822 816 1865 85)
842 1823 1017 1864 triangulo,
1050 1822 1093 1854 ita

138 1883 329 1928 Hispaniam
345 1886 389 1930 (p.
405 1886 490 1928 127)
508 1885 627 1926 tergori
643 1885 746 1925 bovis,
764 1885 1028 1928 Peloponnesum
1043 1884 1093 1927 (8,

137 1962 170 1994 p.
185 1948 273 1992 555)
293 1949 370 1981 folio
391 1949 527 1992 platani,
552 1948 816 1992 Mesopotamiam
831 1949 884 1991 (2,
910 1961 943 1991 p.
954 1949 1010 1979 79.
1030 1946 1093 1990 80)

139 2012 272 2056 pulvino
298 2011 454 2053 remigum
482 2010 548 2042 sive
576 2012 652 2054 (16,
680 2024 710 2054 p.
728 2010 813 2053 '74ss)
832 2009 974 2051 navigio,
999 2008 1091 2040 Aria-

138 2086 212 2106 nam
239 2074 293 2117 (2,
322 2087 354 2118 p.
380 2072 441 2116 78)
463 2072 798 2117 parallelogrammati,
824 2071 948 2103 Indiam
973 2071 1015 2115 (p.
1035 2072 1093 2104 78.

140 2136 202 2179 87)
216 2136 367 2175 rhombo,
389 2135 590 2166 Pattalenem
611 2135 764 2174 insulam,
787 2146 881 2178 quam
899 2133 999 2165 Indus
1020 2133 1094 2165 facit

140 2197 226 2242 (15,
256 2210 287 2241 p.
311 2196 401 2240 701)
438 2197 614 2238 triangulo,
649 2202 765 2228 terram
799 2195 1003 2227 habitabilem
1038 2196 1091 2239 (2,

139 2274 172 2306 p.
192 2262 275 2292 115.
306 2261 387 2292 116.
422 2262 504 2293 118.
543 2261 623 2292 119.
656 2259 750 2302 122)
786 2260 959 2303 chlamydi,
993 2259 1093 2291 Ponti

141 2322 294 2355 ambitum
312 2322 355 2365 (p.
373 2322 456 2363 125)
480 2321 600 2365 duplici
624 2328 810 2354 curvaturae
836 2333 928 2354 arcus
951 2320 1095 2365 Scythici

141 2386 228 2431 (add.
247 2384 278 2429 §
295 2385 399 2429 (3611),
422 2386 674 2429 promontorium
694 2386 860 2430 Europam
880 2386 919 2417 ab
933 2385 1014 2418 Asia
1032 2385 1094 2417 dis-

142 2449 318 2482 terminans
346 2449 404 2492 (2,
435 2461 466 2493 p.
491 2449 561 2481 124
587 2449 627 2493 f.)
652 2462 783 2494 caprae,
816 2449 916 2482 Asiae
945 2449 1030 2481 latus
1056 2449 1095 2480 ab

143 2511 318 2556 Aethiopia
333 2511 407 2542 inde
429 2511 470 2542 ad
487 2510 654 2543 Oceanum
670 2512 715 2556 (p.
729 2513 800 2545 150
820 2511 854 2555 f.)
876 2511 1013 2556 parduli,
1035 2511 1094 2541 lli-

145 2573 275 2619 spauiae
303 2572 466 2616 regionem
495 2572 549 2618 (5,
577 2586 608 2619 p.
626 2574 697 2607 157
714 2573 749 2618 s.)
775 2573 902 2617 navigio
929 2578 1100 2618 comparat.

1145 1697 1267 1729 Confer
1294 1702 1327 1728 et
1351 1701 1496 1728 nostrum
1527 1707 1623 1740 supra
1652 1695 1693 1740 (ἓ.
1711 1696 1795 1728 659.
1821 1695 1917 1738 645).
1953 1695 2004 1726 De
2025 1694 2096 1739 ipso

1144 1759 1274 1794 Siciliae
1293 1760 1421 1791 nomine
1445 1760 1583 1791 Ovidius
1605 1760 1688 1803 (fast.
1706 1760 1747 1800 4,
1768 1760 1872 1803 419)=

1201 1839 1212 1852 ιι
1224 1825 1322 1854 Terra
1338 1824 1439 1854 tribus
1458 1824 1600 1867 seopulis
1612 1829 1740 1855 vastum
1754 1824 1917 1866 procurrit
1928 1824 1964 1854 in
1979 1833 2100 1869 aequor

1191 1885 1354 1916 Trinacris
1377 1898 1397 1915 α
1419 1887 1526 1928 posim
1548 1897 1665 1917 110111οη
1688 1886 1804 1928 adepta
1826 1886 1914 1917 Iocin«

1142 1949 1243 1980 Plura
1266 1948 1354 1979 dabit
1375 1948 1546 1980 Cluverius
1564 1948 1645 1993 (Sic.
1662 1954 1727 1982 ant.
1748 1961 1779 1992 p.
1796 1949 1817 1980 7
1832 1947 1947 1992 sequ.).

1218 2010 1373 2056 Pelorus]
1407 2011 1457 2042 Ita
1490 2011 1617 2043 Plinius
1650 2018 1681 2043 et
1718 2011 1868 2043 Martiani
1902 2010 1976 2042 libri
2006 2008 2098 2049 editi,

1143 2075 1253 2119 scripti
1265 2075 1479 2107 Monacenses
1494 2075 1548 2120 (A.
1557 2075 1599 2118 C)
1615 2081 1647 2107 et
1660 2074 1934 2107 Reichenauensis
1948 2074 2024 2105 daut
2036 2074 2096 2104 Pe-

1143 2137 1240 2168 lorias
1263 2149 1334 2168 curn
1358 2136 1491 2177 Selino,
1529 2137 1587 2168 sed
1609 2149 1703 2169 causa
1728 2136 1872 2168 mutandi
1891 2135 1990 2167 nulla.
2019 2135 2096 2165 Mox

1142 2198 1250 2242 potius
1271 2200 1520 2245 quingentenum
1533 2209 1688 2242 passuum
1702 2198 1850 2240 legerim,
1882 2196 2037 2228 ablativus
2055 2206 2094 2225 ex

1143 2262 1228 2294 notis
1251 2261 1453 2292 librariorum
1481 2273 1541 2305 per
1563 2273 1703 2294 errorem
1729 2268 1818 2293 ortus
1843 2261 1975 2291 videtur.

1217 2325 1423 2367 septuaginta
1448 2322 1528 2368 sex]
1563 2323 1691 2354 Plinius
1721 2323 1902 2364 sexaginta.
1924 2319 2028 2350 Gnor.
2048 2333 2096 2340 —-

1143 2386 1244 2419 Immo
1266 2386 1435 2417 Harduino
1453 2391 1535 2418 leste
1557 2387 1627 2428 ejus
1646 2385 1773 2418 codices
1791 2382 1979 2421 LXXXVI,
2007 2390 2095 2411 mox-

1147 2460 1209 2493 que
1228 2447 1366 2488 CLXX,
1397 2447 1452 2479 ubi
1478 2453 1590 2479 noster
1613 2453 1741 2479 centum
1765 2443 2070 2492 quadragintatria.

1221 2509 1386 2556 Cossum]
1422 2511 1672 2544 Cossurensium
1706 2510 1882 2550 elegantem
1913 2504 2094 2536 memoriam

1152 2573 1251 2606 habes
1274 2573 1307 2605 in
1332 2573 1515 2607 orationum
1536 2572 1829 2615 triumphornmque
1853 2567 2010 2609 catalogo:

1645 2632 1692 2663 67
