2310 2860
205 196 300 238 664

755 191 956 233 Martiani
987 189 1188 247 Capellae
1217 189 1289 230 lib.
1320 188 1440 231 VIII.
1470 190 1503 240 §.
1528 189 1631 230 849.

207 301 458 357 diquesecus
496 297 701 339 interstitii
737 296 971 346 detineant,
1021 294 1169 335 solaris
1207 305 1351 336 tamen
1391 294 1599 345 circulus,
1654 294 1730 348 qui
1768 294 2048 346 subtermeat,
2094 302 2167 334 aut

208 382 403 424 evehitur
436 388 508 419 aut
539 377 765 419 descendit.

209 460 476 503 versitatibus
509 458 749 500 videantur.

826 377 936 417 Hinc
970 375 1082 417 venit
1103 384 1150 416 ut
1178 389 1202 416 a
1232 375 1328 416 Sole
1358 375 1473 431 signa
1507 388 1608 415 cum
1639 372 1808 415 dierum
1839 373 2071 415 transcurri
2100 372 2166 414 di-

773 640 853 681 DE
897 637 1305 682 PLANETARUM
1336 638 1596 679 ORBIBUS.

379 747 646 788 Transeursa
677 747 782 787 ratio
815 756 874 787 est
903 747 1122 800 signorum
1154 745 1400 786 coelestium
1435 754 1561 798 atque
1586 743 1710 784 etiam
1739 742 2024 794 circulorum,
2056 756 2171 782 nune

208 828 477 883 planetarum
505 827 629 868 orbes
655 827 906 878 edisseram,
940 843 1047 882 quos
1075 827 1250 883 quidem
1283 842 1367 868 non
1401 825 1452 866 ab
1485 826 1701 866 erroribus
1732 824 1989 865 suis—nain
2021 823 2171 864 iisdem

209 911 314 951 Solis
346 911 579 951 rationibus
613 919 898 950 commeantes
937 909 1042 950 nihil
1079 909 1206 950 licere
1245 909 1466 965 patiuntur
1508 906 1819 949 erroris—sed
1860 906 1961 962 quia
2001 905 2169 947 diversa

210 993 389 1033 varietas
431 992 681 1034 mortalibus
723 992 917 1047 caligines
954 991 1193 1032 intentionis
1231 989 1432 1041 offundit,
1486 1003 1572 1029 non
1603 988 1792 1044 planetas
1823 987 1896 1028 sed
1927 987 2170 1042 planontas‚

281 1138 353 1158 cum
379 1125 516 1170 dierum]
544 1125 640 1157 Alios
667 1127 776 1168 legere
804 1138 876 1158 cum
901 1129 1001 1158 variis
1026 1126 1059 1157 in
1084 1138 1164 1157 mar-

210 1186 282 1228 gine
311 1188 444 1220 Grotius
463 1188 602 1227 notavit,
630 1188 726 1231 idque
746 1188 840 1219 etiam
858 1189 891 1219 in
914 1188 1077 1220 codicibus
1095 1188 1165 1219 Μο-

209 1249 341 1280 nacensi
366 1250 422 1292 (C)
447 1255 478 1280 ct
500 1250 748 1280 Darmstattcnsi
775 1255 895 1289 exstat,
926 1254 961 1280 ut
983 1260 1099 1292 anceps
1125 1248 1166 1279 sit

212 1310 317 1353 optio,
346 1311 402 1342 sed
424 1322 492 1341 eam
514 1311 614 1354 ipsam
636 1311 676 1342 oh
702 1322 830 1342 causam
853 1311 1012 1352 vulgatam
1040 1321 1166 1341 servare

210 1374 316 1405 malui.

285 1448 495 1493 transcursa]
522 1449 561 1480 Iu
588 1448 752 1480 nonnullis
782 1448 946 1480 codicibus
977 1447 1165 1479 Bondamus

210 1511 290 1553 (var.
314 1511 385 1542 leet.
414 1523 446 1554 p.
464 1510 526 1553 47)
555 1510 717 1542 invenisse
746 1522 780 1541 se
808 1515 944 1541 testatur
977 1516 1166 1542 transcursa

209 1573 335 1604 ratione
355 1574 542 1616 signorum,
569 1572 655 1616 quod
679 1578 711 1603 et
734 1571 1166 1603 Ettenlieimmi'iusteriensis

209 1642 320 1668 noster
348 1637 445 1667 habet
472 1636 641 1680 placetque
665 1635 843 1667 Arntzenio
870 1636 921 1679 (ad
943 1648 1095 1679 panegyr.
1117 1635 1165 1675 Π,

209 1712 243 1743 p.
262 1700 364 1743 741),
392 1705 423 1731 at
446 1699 573 1741 vulgata
602 1699 706 1730 nostri
732 1699 804 1729 usui
831 1699 1099 1730 accommodatior
1122 1699 1167 1730 vi·

211 1765 314 1796 detur.

287 1836 484 1881 edisseram]
521 1837 615 1869 Hane
641 1837 832 1878 lectionem,
864 1849 959 1881 quam
988 1850 1028 1869 ex
1057 1838 1167 1870 codiee

211 1899 625 1930 Ettcnlieimmunstericnsi
658 1900 779 1942 recepi,
816 1900 883 1941 jam
915 1900 1167 1943 Oudenderpius

213 1962 267 2005 (ad
291 1961 411 2006 Appul.
434 1962 466 2002 I,
491 1975 521 2006 p.
539 1962 626 2005 451)
652 1963 786 1993 duorum
811 1963 957 1994 codicum
983 1963 1169 1995 auctoritate

212 2024 497 2056 commendaverat.
533 2023 618 2056 Vide
640 2029 671 2055 ct
696 2036 791 2067 supra
816 2023 856 2067 (ἓ.
876 2024 972 2067 817).

287 2101 459 2143 poliuntur
476 2097 607 2143 erroris]
624 2099 763 2131 Codices
773 2099 1169 2131 Ettcnlieimmx'instcrien-

215 2160 259 2192 sis
286 2167 318 2192 ct
343 2160 520 2192 Gratianus
543 2161 721 2200 erroribus,
749 2161 804 2191 sed
824 2161 951 2202 xnlgata
975 2174 1040 2193 non
1066 2162 1170 2193 miuus

216 2222 316 2263 bona,
341 2223 437 2253 modo
460 2221 632 2263 genitivum
644 2221 763 2263 jungas
786 2234 856 2253 cum
880 2224 969 2254 nihil.

290 2301 443 2344 caligines
468 2297 670 2343 intentionis]
699 2298 754 2330 Sic
779 2300 956 2331 Martianus
980 2300 1081 2332 multo
1107 2301 1170 2332 ele-

214 2361 340 2404 gantius
363 2374 457 2405 quam
480 2360 627 2391 librarius
642 2360 1089 2404 Ettenlieimniiinsteriensis,
1117 2362 1172 2406 qni

216 2425 406 2469 calt'qitzoscaes
429 2424 622 2455 intentiones
645 2422 781 2466 scripsit.

290 2502 347 2532 sed
366 2499 553 2545 plumintas]
581 2500 619 2531 Id
650 2505 700 2531 est
723 2499 777 2543 qni
800 2512 864 2532 non
890 2507 953 2532 tam
980 2501 1041 2544 ipsi
1066 2506 1173 2532 errent

216 2574 311 2605 quam
342 2562 487 2594 homines
514 2562 547 2593 in
577 2573 716 2593 errorem
750 2561 882 2601 ducant,
919 2563 980 2593 hoe
1012 2563 1095 2593 enim
1124 2567 1174 2594 est

217 2623 390 2670 π’ἣανᾷν,
422 2630 456 2655 ut
482 2623 565 2668 apud
589 2623 724 2656 Sextum
745 2623 826 2667 (adv.
846 2625 991 2655 mathem.
1011 2625 1072 2666 ΣΟ,
1096 2623 1173 2666 98)=

1217 1121 1424 1169 σοφίζεται
1445 1120 1486 1157 δὲ
1510 1122 1552 1157 ἐν
1573 1117 1730 1161 τούτοις
1745 1118 1766 1155 ὀ
1783 1117 1989 1167 Διόδωρος
1999 1118 2063 1155 καὶ
2083 1119 2173 1166 παρ’

1216 1181 1458 1230 ἀμφιβολίαν
1481 1180 1664 1222 βούλεται
1685 1180 1787 1228 ἡμᾶς
1811 1182 1979 1228 :fl-archs.
2016 1184 2172 1214 Planctus

1218 1247 1302 1278 enim
1326 1247 1429 1278 dictos
1452 1259 1523 1279 esse
1545 1252 1669 1278 constat
1689 1242 1768 1280 ἀπὸ
1787 1246 1859 1291 τῆς
1877 1241 2047 1292 πλάνης,
2076 1251 2112 1277 ut
2131 1245 2174 1276 ait

1217 1310 1361 1341 Isidorus
1380 1309 1525 1352 (orig.5,
1553 1310 1616 1348 70,
1643 1309 1722 1351 20),
1746 1308 1779 1338 id
1803 1314 1852 1338 est
1875 1309 1914 1338 ab
1935 1320 2061 1346 errore,
2087 1307 2172 1351 quia,

1218 1377 1253 1401 ut
1275 1370 1430 1402 Macrobii
1456 1371 1508 1412 (ad
1533 1382 1636 1402 somn.
1663 1369 1751 1413 Seip.
1769 1371 1805 1410 1,
1835 1369 1894 1413 14)
1913 1370 2018 1401 verbis
2037 1375 2173 1418 utamur,

1226 1438 1276 1464 »et
1300 1444 1396 1463 eursu
1419 1444 1477 1463 sno
1498 1433 1643 1463 seruntur
1665 1438 1696 1464 et
1714 1438 1824 1464 eontra
1846 1434 1999 1477 sphaerae
2020 1434 2174 1465 maximae

1217 1496 1251 1527 id
1269 1502 1319 1527 est
1337 1496 1436 1540 ipsius
1455 1496 1537 1527 coeli
1557 1497 1708 1540 impetum
1726 1497 1885 1529 contrario
1906 1503 1994 1529 motu
2013 1498 2053 1529 ad
2072 1498 2173 1530 orien-

1218 1563 1282 1589 tem
1310 1558 1348 1589 ab
1372 1558 1536 1590 occidente
1556 1558 1763 1599 volvuntur«,
1791 1560 1875 1591 unde
1899 1560 2016 1592 sactum
2040 1566 2108 1601 est,
2137 1566 2173 1591 ut

1217 1622 1333 1663 vulgus
1359 1622 1522 1653 hominum
1551 1622 1648 1654 nullis
1677 1623 1803 1664 legibus
1822 1623 1991 1655 adstrictos
2012 1635 2070 1667 per
2093 1624 2175 1655 coeli

1219 1683 1322 1726 spatia
1351 1683 1458 1724 vagari
1490 1684 1694 1716 existimaret.
1741 1685 1810 1717 Sed
1845 1698 1916 1717 eum
1945 1697 2085 1717 errorem
2107 1685 2175 1728 jam

1217 1745 1313 1776 Plato
1342 1745 1508 1788 impugnat
1530 1745 1582 1788 (tle
1604 1745 1688 1787 legg.
1716 1747 1749 1786 7,
1774 1759 1804 1789 p.
1822 1746 1924 1790 821),
1952 1748 2094 1791 aequalis
2115 1747 2174 1780 sci-

1218 1809 1294 1840 licet
1316 1809 1462 1849 Eudoxi,
1495 1822 1589 1852 quem
1608 1810 1743 1853 primum
1769 1811 1882 1842 horum
1908 1811 2047 1842 siderum
2069 1817 2175 1843 motus

1220 1883 1260 1902 ex
1283 1870 1435 1914 Aegypto
1464 1871 1498 1902 in
1529 1871 1697 1903 Graeciam
1725 1873 1927 1904 transtulisse
1956 1879 2093 1905 testatur
2115 1873 2174 1907 Sc-

1219 1946 1298 1966 neca
1327 1936 1471 1978 (quaest.
1503 1940 1566 1966 nat.
1591 1937 1623 1975 7,
1652 1935 1705 1979 5),
1737 1936 1770 1967 in
1795 1949 1898 1981 eoque
1927 1943 2040 1981 postca
2066 1950 2176 1970 omnes

1221 1997 1444 2037 consentiunt;
1473 1998 1558 2028 unde
1582 1997 1697 2030 Cicero
1722 1999 1775 2042 (de
1799 1999 1895 2031 divin.
1915 2001 1947 2040 1,
1976 2000 2051 2043 1¹)=

1280 2059 1392 2102 »Quae
1410 2059 1507 2090 verbo
1533 2065 1563 2091 et
1580 2060 1675 2102 falsis
1699 2060 1873 2105 Grajorum
1894 2063 2025 2094 vocibus
2044 2066 2166 2102 errant,

1271 2122 1319 2153 Re
1342 2133 1419 2152 vera
1446 2127 1534 2153 certo
1557 2121 1650 2165 lapsu
1669 2125 1838 2170 spatioque
1861 2124 2034 2166 feruntur«

1222 2189 1254 2215 et
1278 2184 1340 2214 alio
1370 2184 1444 2216 loeo
1470 2185 1523 2228 (2,
1553 2185 1628 2228 71)=
1657 2185 1843 2227 »Astrologi
1871 2192 1977 2217 motus
2005 2186 2177 2218 errantium

1223 2248 1386 2279 stellarum
1412 2254 1620 2289 notaverunt,
1646 2250 1795 2280 imentns
1817 2254 1867 2280 est
1890 2249 1968 2280 ordo
1992 2250 2083 2281 iniis
2102 2251 2177 2282 stel-

1222 2310 1278 2350 lis,
1311 2310 1366 2352 qui
1398 2322 1464 2341 non
1496 2310 1703 2353 putabattlr«;
1745 2311 1855 2342 confer
1887 2317 1919 2342 et
1945 2313 2023 2343 haec
2051 2312 2108 2355 (Ν.
2133 2312 2175 2346 l).

1223 2372 1262 2412 2,
1292 2370 1369 2414 20)=
1402 2371 1557 2403 »Maxime
1582 2382 1657 2402 vero
1679 2377 1753 2402 sunt
1777 2372 1978 2404 admirabiles
2001 2379 2106 2405 motus
2125 2385 2177 2406 ea-

1223 2446 1292 2465 rum
1315 2433 1456 2476 quinque
1481 2434 1663 2475 stellarum,
1689 2447 1770 2478 quac
1791 2435 1876 2478 falso
1898 2442 2052 2468 vocantur
2065 2449 2177 2469 εννηη-

1224 2502 1288 2536 1es3
1321 2495 1399 2526 nihil
1430 2495 1514 2526 enim
1550 2502 1650 2536 errat,
1695 2497 1781 2540 quod
1808 2497 1841 2529 in
1876 2497 1961 2528 omni
1992 2499 2177 2531 aeternitate

1224 2562 1392 2589 conservat
1413 2568 1604 2602 progressus
1628 2557 1835 2603 reliquosque
1858 2565 1964 2591 motus
1993 2566 2177 2594 constantes

1225 2625 1256 2651 et
1279 2625 1395 2651 ratos«
