2310 2860
188 206 248 248 66

776 196 975 240 Martiani
1014 193 1215 251 Capellae
1249 192 1322 235 lib.
1351 191 1384 235 I.
1422 195 1455 245 ᾗ.
1480 192 1553 234 25.

191 326 339 353 cursor
365 308 576 366 Apollinei
606 307 867 363 plerumque
899 304 987 346 axis
1018 301 1228 343 celeritate
1259 300 1478 352 vincatur,
1508 315 1558 342 ac
1587 311 1806 343 remorata
1835 302 2011 343 statione
2043 315 2146 343 con-

191 393 336 433 sistens
377 399 590 446 captetur,
645 387 915 442 demumque
964 383 1130 426 festinat
1167 391 1462 438 praevertere3
1507 391 1650 423 tamen
1694 382 1802 424 dum
1845 383 2142 437 consequitur,

190 475 248 516 ita
276 473 453 514 libratus
486 469 717 520 antevenit,
748 477 796 509 ut
826 468 974 508 cessim
1004 465 1266 521 plerumque
1295 464 1549 506 recursitans
1580 463 1761 518 gaudeat
1792 463 2006 519 occupari.
2046 462 2145 504 Una

189 556 315 610 igitur
355 561 547 593 vestrum
589 551 742 591 Jovem
782 550 852 605 pia
891 548 1068 605 pignora
1109 546 1344 588 eonvenite.
1416 544 1594 586 Certum
1632 545 1791 600 quippe
1831 554 1911 597 est,
1957 544 2074 599 quod
2106 553 2146 584 et

190 685 324 718 consilio
357 683 494 728 protuli,
529 687 566 714 ut
591 681 812 721 ostenderem,
849 691 944 723 quam
971 689 1141 723 perversus

189 749 250 780 istc
275 745 505 790 interpretandi
528 757 586 789 per
615 745 816 787 conjecturas
845 742 959 773 modus
980 742 1036 781 sit,
1065 754 1140 784 qua·

1192 687 1303 708 vocem
1333 678 1407 709 licet
1428 683 1492 708 tam
1516 689 1587 708 cum
1609 676 1781 709 indicativo
1807 690 1901 721 quam
1919 690 1990 710 eum
2014 676 2144 719 subjun-

1193 739 1275 771 ctivo
1297 740 1391 783 jungi
1423 740 1463 785 (ξ.
1489 739 1566 784 ll),
1605 746 1744 772 attamen
1775 741 1836 772 hoe
1858 741 1950 782 loco,
1981 753 2044 785 quo
2072 740 2144 772 sub-

188 823 258 843 rum
275 810 354 841 aliae
377 809 446 840 aliis
465 820 591 852 semper
605 807 774 846 meliores,
804 811 907 837 certae
931 804 1037 836 nullae
1060 803 1140 843 s3ut3
1187 803 1352 845 junctivus
1388 807 1540 836 vincatur
1573 805 1717 849 proxime
1755 804 1936 849 praecedit,
1974 804 2029 836 τίκ
2059 804 2147 837 credi

189 884 324 918 quarum
349 872 376 903 si
402 883 496 915 quam
519 870 552 902 in
579 875 702 901 textum
725 868 903 912 receperis,
940 879 1008 898 eam
1033 866 1141 897 delens

187 949 321 971 neeesse
339 937 409 977 erit,
426 935 528 967 sicubi
543 934 646 966 codex
663 934 746 965 sorte
763 938 909 977 repertus
927 931 1031 970 fucrit,
1050 931 1141 972 cujus

186 1003 283 1035 lectio
308 1001 435 1033 defendi
457 999 572 1043 possit.

261 1076 327 1096 non
350 1060 512 1106 convenil]
544 1057 837 1098 Reichenauensis,
876 1056 1075 1088 Basilceusis
1110 1062 1142 1088 et

186 1124 454 1159 Darmstattensis
479 1135 649 1170 nunquam
670 1133 729 1165 pro
758 1133 824 1152 non
848 1119 975 1150 habent.

262 1186 386 1232 cursor]
413 1187 535 1219 Confer
561 1184 685 1216 Lucani
705 1183 753 1226 (l,
780 1181 884 1224 662)=

236 1270 285 1275 —
301 1268 348 1272 -—
372 1255 542 1295 »tuomque
566 1249 651 1280 celer
675 1248 837 1290 Cyllenius
858 1247 995 1278 haeret.-

187 1316 220 1344 ct
240 1311 274 1343 in
299 1306 446 1355 Priapeis
468 1310 541 1354 (76,
573 1309 632 1352 10)
657 1321 802 1349 versum,
833 1321 897 1352 quo
921 1313 1045 1340 saerata
1068 1318 1140 1339 esse

187 1374 302 1406 dicitur
329 1373 483 1416 »Cyllene
510 1373 606 1404 celem'
628 1372 688 1403 deo
710 1372 850 1403 nivosa.=‹
883 1372 1008 1404 Vocem
1029 1382 1141 1402 cursor

188 1436 360 1468 Cornelius
378 1436 490 1479 Nepos
520 1434 614 1466 etiam
638 1435 700 1466 hoc
733 1445 830 1465 sensu
865 1433 911 1476 (iu
935 1432 1080 1465 Miltiade
1102 1432 1139 1475 4)

186 1503 361 1548 usurpavit.
400 1502 490 1534 Idem
511 1498 645 1532 Graecis
667 1494 832 1544 δρομεὺς
855 1484 930 1528 erat.
968 1496 1068 1527 Plura
1099 1496 1138 1527 de

186 1565 369 1599 cursoribus
400 1561 575 1605 Pignorius
602 1560 665 1606 (de
690 1571 771 1592 serv.
797 1572 829 1603 p.
855 1559 925 1590 147
948 1558 998 1590 ed.
1024 1557 1140 1602 1625)

185 1630 281 1663 dabit.

260 1697 422 1725 remorata
445 1687 597 1733 statione]
623 1688 817 1719 Remoratur
834 1685 993 1716 interdum
1011 1684 1136 1715 Mercu-

184 1755 251 1787 rius
277 1754 405 1798 planeta
436 1756 511 1796 post
542 1749 671 1789 Solem,
703 1748 737 1780 id
765 1747 852 1791 quod
881 1746 962 1777 iufra
987 1744 1028 1790 (ξ.
1050 1744 1137 1787 880)

185 1816 302 1849 clarius
320 1815 461 1846 docetur.
485 1812 582 1844 Adde
598 1810 722 1842 Lucani
739 1811 799 1841 hos
817 1820 928 1853 versus
949 1808 1021 1852 (10,
1040 1806 1139 1850 201):

236 1896 284 1902 —
301 1895 349 1901 —
366 1875 442 1908 „Sol
457 1881 598 1917 tempora
624 1873 739 1904 dividit
761 1872 856 1911 armi,

235 1940 345 1971 Mutat
362 1944 453 1970 nocie
477 1937 580 1975 diem,
604 1935 770 1981 radiisque
793 1933 974 1977 potentibus
997 1938 1086 1964 astra

236 2002 291 2032 Ire
312 2006 418 2038 vetat,
443 2010 620 2045 cursusque
643 2008 742 2040 vassos
769 1996 905 2027 statione
932 2000 1110 2034 moratur«,

187 2074 269 2107 quos
294 2061 462 2093 verisimile
485 2065 534 2092 est
557 2065 703 2091 nostrum
726 2058 761 2089 in
783 2063 888 2089 mente
910 2057 1070 2088 habuisse.

262 2122 450 2169 eotnsistens]
483 2123 537 2155 Ad
558 2125 643 2155 hunc
666 2122 772 2154 locum
797 2122 906 2162 glossa
927 2121 1046 2153 codicis
1066 2121 1135 2152 Mo-

188 2188 335 2221 nacensis
357 2188 414 2232 (E)
440 2188 603 2219 observat:
635 2186 749 2217 „radiis
773 2185 857 2217 enim
882 2185 970 2217 Solis
992 2185 1136 2217 confixus

191 2257 276 2284 stare
290 2250 414 2282 videtur
430 2251 599 2282 immobilis
616 2256 647 2282 et
664 2256 740 2282 tune
756 2251 968 2282 stationarius
988 2249 1129 2281 (licitum

191 2314 243 2347 Cf.
260 2313 322 2358 pal.
340 2324 382 2344 er.
399 2313 456 2344 ΠΙ.
478 2312 506 2356 §.
523 2314 614 2353 285,
640 2312 695 2344 uhi
721 2312 814 2344 etiam
841 2312 880 2343 de
901 2312 1052 2344 Mercurii
1080 2324 1138 2343 no-

190 2376 276 2408 mine
297 2372 482 2418 ΛῙονίμου
508 2373 651 2405 disserui.
679 2375 872 2407 Conferatnr
894 2380 1058 2418 praeterea
1080 2386 1137 2406 no-

193 2445 260 2472 ster
277 2436 402 2468 duobus
426 2435 495 2466 aliis
517 2435 596 2467 loeis
622 2435 698 2480 (§.8
721 2442 753 2468 et
775 2435 870 2479 880).

267 2496 426 2543 captetur]
460 2497 659 2538 Bongarsius
693 2497 819 2539 legebat
858 2499 1022 2540 captetur,
1053 2497 1140 2541 quod

195 2561 290 2593 etiam
313 2559 448 2593 Grotius
470 2557 503 2589 in
525 2557 665 2599 margine
688 2559 859 2590 annotavit.
886 2559 955 2591 Sed
975 2559 1053 2591 nihil
1073 2571 1139 2590 mu-

196 2624 334 2656 tandum.
353 2623 453 2655 Gotz.
475 2640 521 2645 -
545 2621 644 2653 Haud
674 2622 800 2666 quidem
823 2622 956 2664 ignoro,
989 2634 1007 2655 a
1028 2629 1139 2657 nostro

1191 871 1299 910 potest
1327 879 1398 898 eum
1430 879 1468 898 eo
1501 867 1706 898 indicativum
1735 873 1858 910 captat,
1894 878 1988 910 quem
2013 865 2146 899 Grotius

1193 929 1309 969 edidit,
1333 930 1481 971 junctum
1505 930 1614 961 fuisse.
1654 931 1799 962 Praetuli
1829 930 1926 972 igitur
1954 930 2146 962 anteriorum

1193 994 1368 1025 editionum
1395 994 1566 1026 lectionem
1595 1001 1761 1038 captetur,
1801 1001 1834 1026 ct
1866 995 2057 1042 demumque
2086 1006 2146 1039 pro

1194 1055 1351 1088 Grotiano
1379 1057 1525 1095 demum,
1559 1057 1748 1100 praesertim
1773 1063 1943 1102 postquam
1970 1068 2081 1089 vocem
2099 1055 2146 1100 fe-

1191 1119 1293 1150 stiunt
1337 1130 1396 1162 pro
1428 1118 1585 1162 festinata
1630 1118 1724 1150 etiam
1767 1119 1970 1151 restitueram
2002 1118 2148 1151 codicum

1191 1180 1386 1212 Dresdensis
1414 1185 1445 1211 et
1462 1180 1728 1211 Darmstattensis
1749 1181 1947 1212 auctoritate.

1264 1239 1413 1285 libratus]
1441 1241 1526 1272 Male
1549 1241 1755 1274 Monacensis
1781 1242 1836 1286 (E)
1864 1243 2026 1275 liberatus.
2061 1242 2147 1275 Vide

1189 1305 1272 1337 infra
1295 1303 1336 1348 (ξ.
1355 1305 1429 1336 880
1453 1303 1541 1348 not).

1264 1366 1401 1412 cessim]
1428 1368 1540 1399 Retro.
1568 1366 1624 1399 Sic
1646 1367 1728 1398 infra
1752 1366 1806 1398 lib.
1827 1367 1920 1399 VIII.

1350 1431 1379 1464 C
1379 1433 1537 1478 essimque
1555 1431 1768 1474 formidantes

1339 1496 1471 1527 Abeunt
1490 1495 1587 1538 pedes
1613 1501 1758 1527 tremore.

1189 1557 1367 1602 Apulejus:
1390 1559 1436 1590 Et
1467 1558 1699 1601 lagenaljuxta
1734 1555 1854 1589 orificio
1891 1556 2006 1588 cessim
2040 1556 2146 1588 dehis-

1189 1627 1281 1652 cente
1304 1620 1450 1664 patescit.
1488 1619 1640 1651 Justinus
1660 1620 1694 1651 in
1714 1620 1864 1663 Epitome
1891 1619 2057 1663 Pompcji:
2077 1619 2148 1651 Aut

1189 1684 1216 1714 si
1243 1685 1303 1715 hoc
1328 1695 1441 1727 parum
1469 1689 1535 1724 cst,
1565 1683 1609 1715 ite
1639 1683 1772 1724 cessim,
1804 1683 1945 1715 inhibete
1975 1695 2081 1715 remos
2115 1688 2148 1715 ct

1189 1757 1206 1776 a
1226 1745 1312 1777 bello
1330 1745 1493 1777 discedite.
1521 1745 1658 1777 Glossa:
1676 1745 1819 1786 Cessim,
1843 1745 2008 1786 gradatim.
2035 1745 2146 1777 Utitur

1188 1808 1247 1839 hac
1266 1819 1344 1839 voce
1360 1806 1532 1851 Alphenus
1548 1807 1580 1838 J.
1603 1807 1641 1839 C.
1659 1806 1709 1838 bis
1727 1806 1760 1838 in
1780 1806 1852 1848 lege.
1880 1806 1937 1838 »Si
1958 1819 1999 1838 ex
2017 1807 2138 1850 plagis-

1189 1874 1279 1900 sexta
1313 1881 1331 1900 a
1361 1869 1424 1900 fine
1454 1870 1486 1901 ff.
1511 1868 1551 1900 ad
1580 1868 1602 1900 l.
1626 1867 1801 1912 Aquiliam.
1831 1867 1936 1900 Gnor.
1963 1885 2010 1890 —-
2048 1867 2145 1900 Adde

1188 1931 1317 1962 omnino
1336 1929 1548 1974 Stephanium
1567 1930 1619 1974 (ad
1637 1930 1799 1962 Saxonem
1818 1943 1850 1974 p.
1868 1929 1951 1973 165)
1969 1935 2001 1960 et
2022 1929 2146 1967 doctos,

1188 1995 1243 2040 qui
1266 2007 1307 2026 ex
1329 2006 1368 2025 co
1391 1995 1585 2035 hauserunt,
1610 1993 1696 2025 viros
1722 1994 1762 2025 ad
1785 1993 1984 2038 Appulejum
2002 1993 2080 2038 (Op.
2105 1994 2146 2026 P.

1185 2057 1211 2089 Ι.
1239 2069 1271 2101 p.
1297 2056 1368 2088 126
1386 2054 1496 2098 Oud.).

1262 2115 1424 2161 occupari]
1450 2115 1607 2147 Praeeedi
1634 2128 1651 2147 a
1679 2115 1769 2149 Sole.
1786 2115 1892 2148 Vae.
1913 2135 1960 2139 —
1990 2115 2141 2157 Intelligo

1194 2180 1314 2222 »Jungi
1329 2192 1400 2212 cum
1416 2178 1495 2211 Sole
1512 2179 1630 2223 quippe
1649 2191 1722 2210 eum
1744 2184 1921 2210 assecutos
1943 2172 2065 2210 Cicero
2075 2179 2143 2222 qui—

1188 2243 1261 2274 dem
1278 2241 1331 2285 (de
1348 2240 1433 2272 univ.
1453 2239 1490 2284 9)
1516 2240 1641 2272 scribit:
1671 2251 1789 2282 »eaque
1806 2239 2026 2280 conversione,
2049 2253 2145 2284 quam

1187 2306 1271 2338 inter
1295 2317 1329 2336 se
1351 2304 1472 2336 habent
1490 2303 1638 2343 Lucifer,
1658 2303 1862 2341 ,Met-curius,
1888 2302 1965 2341 Sol,
1989 2304 2046 2334 alii
2064 2305 2143 2337 alios

1188 2371 1345 2407 vincunt,
1389 2369 1594 2414 vicissimque
1621 2367 1836 2406 vincuntur«,-
1889 2365 1945 2397 sed
1975 2367 2036 2398 hoc
2069 2367 2142 2400 loeo

1190 2432 1292 2466 omnis
1316 2430 1416 2463 oratio
1439 2429 1592 2463 Mercurii
1612 2440 1683 2461 eum
1706 2427 1860 2473 Apolline
1885 2430 2142 2472 conjunctionem

1188 2495 1352 2542 postulare
1377 2494 1520 2535 videtur,
1554 2493 1638 2525 unde
1664 2492 1760 2524 etiam
1782 2493 1952 2526 lectionem
1973 2507 2142 2539 occupare,

1190 2570 1284 2602 quam
1308 2556 1440 2588 Cortius
1470 2557 1576 2595 affert,
1609 2554 1850 2598 negligendam,
1882 2560 1915 2587 et
1946 2556 2068 2598 vulgari
2092 2557 2139 2589 in-

1189 2620 1382 2654 haerendum
1407 2619 1491 2651 duxi.
