2310 2860
231 450 237 459 '
269 445 502 501 qualitatis,
544 444 660 499 quod
690 445 732 485 in
768 445 857 497 ejus
889 445 1147 499 expositione
1178 446 1438 487 monstrabo.

266 182 358 224 400
845 176 1044 219 Martiani
1085 176 1285 233 Capellae
1323 177 1396 218 lib.
1426 176 1478 218 V.
1518 178 1679 229 §.4412

267 296 437 328 necatus
475 284 537 325 sit.
599 283 682 325 Sed
720 299 772 325 ne
812 283 953 325 forsan
993 292 1186 334 moveat,
1233 282 1352 337 quod
1390 292 1609 338 praetereo
1641 293 1844 338 quartum
1876 297 2052 339 statum,
2092 301 2223 342 quem

267 367 551 417 Hermagoras
589 363 769 414 invenit,
815 363 1008 403 subtilior
1045 363 1153 404 ratio
1190 372 1248 403 est
1283 377 1385 404 eum
1423 378 1509 405 non
1547 373 1727 415 statum,
1781 364 1855 405 sed
1890 377 2051 421 partem
2084 367 2225 409 dicere

1501 445 1630 488 Nune
1660 445 1890 486 dicendum
1922 456 1982 487 est
2006 447 2223 501 quomodo

265 534 394 567 status
419 525 689 565 inveniantur
716 525 759 564 in
783 539 921 564 causa.
961 525 1245 566 Inveniuntur
1274 526 1399 580 igitur
1441 542 1517 582 per
1548 527 1818 568 intentionem
1853 536 1892 567 et
1921 526 2225 581 depulsionem.

266 606 445 648 Intentio
485 616 543 646 est
580 605 756 659 objectio
792 605 881 658 ejus
921 604 1017 645 faeti
1057 605 1174 660 quod
1205 606 1246 646 in
1278 607 1485 659 judiciuin
1520 608 1655 659 venit3
1696 607 1889 663 depulsio
1921 616 1980 647 est
2010 605 2225 659 quaedam

2162 687 2226 728 Ex

266 769 332 810 his
370 769 537 809 duabus
582 769 689 808 inter
728 783 771 809 se
810 767 1160 809 concurrentibus
1211 767 1386 808 vocibus
1431 769 1618 809 nascitur
1665 769 1876 822 quaestio,
1922 783 2033 822 quae
2077 767 2227 808 dicitur

2147 847 2228 889 Sed

268 929 393 970 facile
425 938 483 969 est
515 928 680 979 videre,
711 927 814 981 quid
846 928 1008 981 objecto
1039 927 1206 968 crimini
1238 928 1568 983 respondeatur3
1617 928 1723 969 illud
1754 929 1877 970 facile
1908 942 1991 970 non
2021 938 2093 980 est,
2124 928 2229 983 quid

265 689 457 731 resistens
488 688 704 728 intentioni
734 687 919 742 negati03
975 697 1022 727 ut
1058 686 1093 726 si
1127 686 1314 737 dicatur,
1361 686 1544 728 occidisti
1577 697 1738 742 patrem
1765 714 1815 720 --
1841 703 1926 728 non
1958 687 2103 727 occidi.

266 858 417 900 status,
465 848 582 903 quod
612 848 670 887 ibi
702 852 823 902 quasi
856 847 907 888 ad
939 847 1220 905 pugnandum
1262 848 1474 888 actionum
1509 850 1616 889 acies
1652 849 1843 891 ordinata
1882 849 2086 891 consistat.

266 1010 418 1052 debeat
459 1008 640 1060 intendi,
684 1017 834 1049 utrum
874 1008 1059 1059 factum,
1109 1017 1176 1049 ut:
1207 1008 1430 1050 hominem
1474 1008 1680 1062 occidisti3
1726 1024 1780 1050 an
1818 1024 1976 1050 nomen
2011 1009 2131 1060 facti,
2162 1017 2225 1049 ut:

274 1168 493 1209 »Majestatem
522 1166 549 1197 is
582 1166 695 1197 minuit
725 1166 780 1210 qui
815 1166 1055 1209 amplitudinem
1087 1165 1223 1197 civitatis

268 1231 457 1262 detrimento
481 1230 601 1261 afficit«
636 1228 731 1261 Adde
762 1229 951 1262 Ciceronem
978 1230 1030 1273 (de
1052 1229 1169 1261 invent.
1188 1228 1223 1265 2,

271 1295 333 1333 173
373 1294 411 1325 de
440 1298 516 1324 orat.
541 1293 580 1333 2,
612 1293 670 1324 25.
700 1294 767 1331 483
809 1293 913 1336 partit.
942 1294 1020 1335 50),
1052 1291 1223 1334 Quinctili-

269 1369 365 1389 anum
391 1356 438 1400 (7,
463 1358 503 1395 5,
533 1355 612 1398 56),
639 1362 671 1387 et
693 1356 839 1387 Tacitum
860 1355 977 1398 (annal.
998 1357 1035 1394 1,
1057 1355 1130 1397 72).

343 1415 564 1461 Saturninus]
591 1417 717 1448 Eodem
741 1417 887 1460 exemplo
916 1417 1016 1447 utitur
1034 1414 1224 1459 Quinctilia-

266 1492 326 1512 nus
356 1481 409 1523 (3,
443 1481 506 1521 11,
532 1480 578 1523 G).
613 1480 698 1511 Eum
727 1480 811 1512 enim
845 1480 1000 1512 occidisse
1033 1480 1225 1521 arguebatur

266 1544 305 1576 C.
328 1543 480 1574 Rabirius
501 1542 652 1586 (sueton.
672 1543 766 1575 Caes.
793 1544 849 1576 12.
871 1544 934 1574 Dio
962 1544 1054 1575 Ca'ss.
1068 1545 1128 1583 57,
1152 1542 1225 1585 26).

341 1611 494 1652 quartum
513 1603 646 1648 statum]
670 1605 827 1635 Nimirum
840 1606 1061 1636 translationis
1075 1604 1223 1647 (§.455),

266 1679 361 1710 quem
384 1668 435 1698 vel
461 1667 576 1699 Cicero
601 1667 654 1710 (de
679 1667 795 1698 iuvent.
819 1668 855 1706 1,
887 1667 946 1709 11)
968 1667 1069 1698 tribus
1091 1666 1223 1709 reliquis

266 1730 446 1771 subjunxit,
474 1729 713 1772 Quinctilianus
739 1735 842 1761 autem
867 1730 920 1773 (5,
944 1730 985 1769 4,
1012 1729 1071 1772 15)
1097 1735 1129 1760 et
1153 1729 1222 1773 ipse

266 1791 305 1822 ad
334 1792 521 1837 qualitatem
543 1792 713 1822 transferre
738 1791 863 1823 videtur
885 1791 1006 1835 (cont'er
1032 1791 1169 1823 eundem
1190 1795 1222 1823 et

265 1854 305 1891 5,
334 1854 373 1891 G,
400 1852 470 1895 68).

339 1911 578 1958 He1'171a901·as]
605 1913 821 1945 Mcminerunt
845 1913 916 1955 ejus
941 1920 973 1945 et
995 1913 1113 1947 Strabo
1141 1913 1220 1956 (15,

266 1986 297 2018 p.
315 1976 383 2006 621
411 1976 578 2019 Casauh.):
604 1973 856 2022 »Ἑρμαγόρας
875 1974 895 2010 ὁ
921 1975 994 2017 τὰς
1014 1974 1220 2024 ῥητορικὰς

267 2036 416 2081 τέχνας
434 2036 696 2084 συγγράψαςιι,
714 2040 995 2082 etQuinctilianus
1009 2041 1144 2084 passim,
1163 2039 1221 2071 sed

267 2106 302 2132 ut
325 2101 387 2131 duo
413 2101 556 2142 ejusdem
580 2102 717 2133 nominis
740 2103 883 2134 homines
912 2104 1127 2145 distinguendi
1146 2104 1220 2143 sint,

266 2176 400 2207 quorum
429 2165 508 2195 alter
530 2166 582 2206 (5,
613 2167 649 2205 l,
678 2166 737 2207 16)
763 2167 922 2210 antiquior
947 2167 1120 2207 Cicerone,
1142 2167 1221 2198 alter

265 2227 319 2267 (5,
349 2227 387 2264 1,
416 2226 480 2268 18)
509 2238 572 2257 non
602 2226 701 2258 multo
731 2232 802 2258 ante
832 2226 1096 2269 Quinctilianum.
1135 2229 1218 2259 ller-

267 2301 413 2329 magorae
439 2290 638 2332 disciplinam
656 2290 799 2333 inprimis
822 2292 954 2335 exponit
975 2291 1130 2325 Aurelius
1150 2291 1220 2323 Au-

266 2352 411 2394 gustinus
437 2352 481 2395 (p.
500 2353 572 2384 295
599 2365 688 2395 sequ.
713 2354 822 2396 pith).

341 2429 399 2458 per
412 2414 632 2460 intentiormn]
648 2416 762 2448 Cicero
778 2418 830 2459 (de
845 2417 962 2449 invent.
987 2419 1023 2458 1,
1051 2418 1104 2462 8)=
1128 2429 1219 2450 »con-

267 2476 388 2508 stitutio
412 2483 461 2507 est
481 2477 580 2520 prima
603 2478 762 2509 conflictio
788 2490 953 2510 causarum
976 2491 1015 2510 ex
1037 2480 1220 2522 depulsione

266 2541 453 2570 intentionis
482 2539 622 2582 prosecta
652 2540 713 2570 hoe
740 2539 849 2570 modo:
869 2539 1036 2581 {heisti—
1052 2553 1118 2572 non
1147 2540 1221 2579 feci,

267 2604 335 2629 aut:
355 2599 431 2641 jure
455 2599 545 2640 scrin«
586 2599 711 2632 Auctor
743 2599 782 2630 ad
814 2600 1014 2631 Herennium
1049 2603 1107 2643 (i,
1139 2602 1220 2639 ¹732

1283 1177 1341 1197 nex
1364 1167 1542 1198 intentione
1567 1171 1601 1197 et
1631 1165 1820 1208 infitiatione
1841 1166 1998 1207 judicatio
2026 1164 2229 1198 constituitur

1274 1229 1336 1260 hoc
1350 1228 1459 1259 modo:
1476 1229 1629 1259 intentio.-
1644 1228 1788 1259 occidisti
1805 1226 1957 1268 Ajacem,
1986 1227 2151 1269 infitiatio:
2164 1237 2229 1258 non

1275 1290 1393 1327 occidi,
1422 1291 1598 1334 judicatio.-
1625 1290 1846 1322 occideritne«
1890 1289 2037 1321 Alteram
2060 1285 2229 1335 κατάφα-

1275 1355 1346 1393 σιν,
1373 1353 1504 1384 alteram
1527 1349 1730 1398 ἀπόφασιν
1757 1352 1881 1385 Graece
1905 1353 1966 1385 dici
1991 1357 2099 1384 monet
2119 1350 2230 1392 Augu-

1276 1417 1377 1448 stinus
1395 1417 1438 1460 (p.
1453 1417 1540 1460 294)
1562 1429 1657 1461 quem
1691 1418 1810 1449 confer.
1853 1417 2006 1449 Ceterum
2029 1421 2115 1448 recte
2131 1415 2231 1458 Quie-

1274 1480 1402 1511 tilianus
1429 1481 1482 1524 (5,
1508 1482 1548 1520 9,
1574 1480 1609 1523 1)
1640 1482 1850 1512 intentionem
1878 1485 1911 1512 et
1940 1479 2157 1523 depulsionem
2190 1477 2229 1508 ad

1267 1543 1434 1587 judicialis
1456 1542 1583 1583 generis
1607 1542 1708 1574 officia
1732 1542 1904 1574 restrinxit.

1349 1604 1492 1646 depulsio
1515 1602 1581 1647 est]
1615 1604 1759 1635 Verbum
1782 1615 1800 1634 a
1822 1602 1937 1635 Grotio
1961 1601 2114 1633 omissum
2135 1612 2152 1633 e
2177 1610 2228 1632 eo-

1274 1664 1343 1695 dice
1370 1663 1560 1696 monacensi
1582 1663 1639 1706 (C)
1662 1663 1780 1695 addidi.

1348 1727 1391 1758 ad
1411 1725 1644 1771 pugnandum]
1679 1726 1794 1759 Cicero
1820 1726 1936 1770 (topic.
1953 1726 2030 1767 23)=
2064 1723 2229 1757 »refutatio

1272 1774 1379 1822 autem
1403 1790 1630 1830 accusationis,
1656 1790 1688 1822 in
1709 1802 1773 1833 qua
1795 1789 1942 1833 depulsio
1966 1787 2122 1828 criminis,
2147 1798 2230 1831 quae

1272 1853 1395 1885 Graece
1413 1848 1545 1891 ότάόις
1561 1852 1692 1892 dicitur,
1715 1851 1829 1883 Latine
1850 1850 2029 1894 appelletur
2043 1855 2171 1888 status,-
2195 1848 2229 1881 in

1272 1925 1336 1957 quo
1369 1914 1505 1957 primum
1531 1915 1653 1945 insistit
1677 1913 1769 1956 quasi
1804 1913 1844 1944 ad
1877 1912 2123 1956 repuqmmdum
2154 1921 2228 1942 eon·

1273 1987 1382 2017 gressa
1404 1975 1578 2008 defensio.«
1611 1974 1756 2006 Isidorus
1777 1974 1868 2017 (orig.
1893 1973 1934 2013 2,
1961 1974 2002 2013 53
2029 1972 2080 2015 1):
2107 1976 2229 2002 »status

1273 2037 1357 2081 apud
1378 2038 1523 2068 rhetores
1549 2049 1586 2068 ea
1610 2048 1662 2067 res
1685 2036 1800 2068 dieitur
1816 2035 1849 2066 in
1869 2047 1932 2078 qua
1954 2045 2050 2066 causa
2072 2033 2230 2070 consistit,

1271 2099 1305 2131 id
1330 2104 1380 2129 est
1405 2100 1599 2130 constitutio.
1636 2098 1752 2130 Graeci
1781 2102 1887 2128 autem
1911 2100 2033 2126 statum
2055 2105 2075 2124 a
2098 2099 2227 2124 comen-

1271 2164 1357 2194 tione
1385 2158 1520 2196 ὄτίὲὅιν
1550 2161 1677 2201 dicunt,
1719 2159 1826 2191 Latini
1856 2163 1961 2189 autem
1991 2167 2054 2188 non
2080 2156 2184 2187 solum
2211 2167 2229 2187 a

1269 2237 1380 2269 puqna
1400 2237 1459 2268 per
1483 2237 1579 2268 quam
1604 2226 1823 2266 expugnarent
1846 2219 2098 2264 propositionem
2118 2219 2228 2250 adver-

1272 2288 1361 2327 sarii,
1387 2288 1444 2318 sed
1461 2287 1549 2330 quod
1571 2287 1605 2318 in
1625 2297 1664 2317 eo
1687 2296 1760 2328 pars
1783 2289 1917 2326 utraque
1936 2283 2107 2315 consistit«
2130 2276 2227 2316 Στά-

1272 2355 1330 2389 σις
1347 2350 1431 2381 enim
1448 2350 1571 2382 Graece
1589 2348 1640 2379 vel
1661 2349 1833 2379 stationem
1854 2345 2031 2387 significare
2048 2349 2157 2388 potest
2175 2342 2228 2375 vel

1272 2414 1484 2452 discordiam,-
1509 2411 1593 2443 unde
1616 2415 1648 2441 et
1672 2410 1911 2453 Quinctilianus
1934 2408 1990 2452 (5,
2018 2410 2059 2448 6,
2080 2408 2118 2452 4)
2137 2405 2226 2438 dubi-

1272 2482 1393 2508 tanter:
1424 2486 1524 2519 oquae
1556 2473 1727 2517 appellatio
1765 2473 1880 2505 dicitur
1912 2472 2006 2503 dueta
2041 2471 2094 2502 vel
2118 2480 2160 2501 ex
2188 2480 2227 2500 eo

1273 2538 1359 2583 quod
1389 2536 1434 2568 ibi
1467 2536 1510 2568 sit
1537 2535 1657 2579 primus
1690 2546 1804 2568 causae
1830 2544 2037 2579 conqoessus,
2063 2529 2117 2561 vel
2139 2528 2226 2572 quod

1272 2602 1304 2631 in
1333 2603 1394 2631 hoc
1418 2609 1513 2631 causa
1537 2600 1717 2630 consistam
