2310 2860
2097 170 2156 184 *⁷-

789 164 989 208 Martiani
1021 163 1219 223 Capellae
1248 164 1321 208 lib.
1341 164 1418 208 IV.
1456 165 1487 219 ᾗ.
1508 164 1611 208 546.

933 349 1012 390 DE
1047 348 1462 391 DIFFERENTIA.

388 453 640 496 Differentia
671 464 730 496 est
760 453 971 496 sufficiens
1003 455 1055 497 ad
1086 454 1151 507 id,
1198 455 1316 511 quod
1347 459 1604 512 susceperiS,
1647 457 1860 511 discretio,
1900 469 1946 501 ut
1975 461 2009 501 si
2040 474 2175 516 quae-
2205 464 2298 506 516

219 543 360 586 ratur,
393 535 498 591 quid
527 536 634 577 inter
664 535 884 577 hominem
916 537 1075 578 intersit
1106 546 1144 576 et
1176 550 1364 591 equum,
1395 535 1551 578 sufficit
1581 547 1626 579 ut
1649 538 1863 592 dicamus,
1895 540 2012 596 quod
2044 541 2174 583 homo

218 616 338 672 bipes
384 626 462 668 est,
515 631 651 673 equus
697 617 959 674 quadrupes.
1032 618 1388 660 Animadvertere
1439 628 1582 660 autem
1627 619 1854 673 debemus,
1911 621 2027 677 quod
2073 623 2175 677 quia

218 697 380 739 multae
410 708 507 739 sunt
535 699 576 740 in
608 699 737 740 rebus
768 700 942 755 singulis
973 699 1255 751 differentiae,
1295 715 1655 756 unamquamque
1686 716 1776 742 rem
1810 702 2066 743 dissimiliter
2096 717 2172 743 nos

217 792 339 834 posse
369 778 579 831 dividere,
612 780 807 836 quotiens
837 780 879 821 in
912 795 959 821 ea
992 784 1225 836 poterimus
1258 784 1360 825 alias
1393 792 1520 840 atque
1552 783 1651 824 alias
1681 782 1936 824 differentias
1968 783 2170 824 invenire.

216 860 329 901 Nam
370 861 403 902 si
446 861 602 902 animal
647 861 913 903 voluerimus
957 861 1168 914 dividere,
1222 878 1451 919 possumus
1498 864 1541 906 in
1590 878 1739 915 sexus,
1791 863 1907 919 quod
1954 864 2034 905 alia
2076 872 2175 905 sunt

216 941 474 993 masculina,
514 941 594 982 alia
633 941 859 995 feminina3
914 958 1141 998 possumus
1180 945 1222 985 in
1265 955 1441 996 aetates,
1484 945 1602 1002 quod
1637 946 1719 987 alia
1758 954 1857 986 sunt
1886 945 2046 996 estiva,
2092 944 2173 985 alia

214 1022 468 1076 juventutis,
517 1024 598 1064 alia
628 1025 796 1077 senilia3
842 1040 1069 1080 possumus
1101 1027 1143 1067 in
1177 1027 1451 1081 quantitates,
1491 1027 1608 1082 quod
1641 1027 1721 1068 alia
1752 1036 1850 1068 sunt
1880 1041 2038 1082 parva,
2093 1026 2173 1067 alia

214 1117 389 1157 magna,
422 1103 502 1145 alia
537 1104 701 1157 media3
740 1120 967 1160 possumus
993 1107 1036 1146 in
1062 1109 1308 1146 varietatem
1344 1116 1504 1158 motus,
1541 1107 1657 1161 quod
1684 1107 1763 1147 alia
1794 1116 1892 1148 sunt
1921 1106 2174 1162 gradientia,

215 1182 295 1223 alia
317 1184 546 1239 serpentia,
578 1184 659 1226 alia
683 1186 881 1236 natantia,
913 1186 993 1227 alia
1022 1187 1228 1238 volantia3
1265 1200 1491 1241 possumus
1519 1187 1561 1227 in
1586 1187 1932 1229 habitaculorum
1955 1187 2175 1228 diversita-

214 1273 294 1315 teS,
337 1265 454 1319 quod
479 1266 560 1308 alia
589 1276 686 1308 sunt
712 1268 933 1322 aquatilia,
966 1269 1046 1310 alia
1077 1279 1264 1321 terrena,
1298 1267 1379 1309 alia
1410 1268 1543 1320 aeria,
1577 1268 1678 1321 alia,
1709 1279 1757 1310 ut
1784 1269 1978 1310 nonnulli
2009 1268 2175 1318 dicunt,

213 1345 355 1401 ignea3
395 1360 622 1402 possumus
659 1347 702 1387 in
732 1348 901 1403 linguae
931 1364 1106 1400 sonum,
1147 1349 1264 1404 quod
1297 1349 1378 1390 alia
1408 1359 1506 1391 sunt
1547 1350 1786 1406 loquentia,
1830 1351 1908 1393 alia
1949 1351 2174 1406 gementia,

215 1425 294 1466 alia
321 1425 536 1477 latrantia,
568 1426 649 1467 alia
673 1426 895 1470 ululantia.
931 1428 1124 1468 Sciamus
1152 1438 1293 1469 tamen
1316 1438 1356 1469 et
1377 1429 1561 1484 singulas
1593 1431 1798 1485 perfectas
1825 1446 1912 1471 esse
1935 1430 2175 1480 divisiones,

214 1517 253 1548 et
283 1523 430 1548 omnes
453 1508 494 1548 in
527 1508 700 1563 singulis
731 1508 925 1549 inveniri.
974 1510 1085 1550 Nam
1113 1511 1347 1551 masculina
1382 1510 1579 1550 animalia
1612 1520 1787 1565 possunt
1819 1520 1859 1551 et
1890 1510 1941 1551 ab
1977 1519 2073 1551 ortu
2105 1525 2170 1550 re-

214 1588 360 1639 centia,
393 1597 432 1628 et
455 1602 603 1643 parva,
627 1597 666 1628 et
693 1587 947 1643 gradientia,
979 1598 1017 1629 et
1046 1591 1271 1641 terrestria,
1303 1600 1342 1630 et
1366 1589 1592 1645 bipedalia,
1624 1600 1662 1631 et
1685 1590 1903 1645 loquentia
1928 1605 2029 1631 esse.
2061 1591 2173 1646 Ergo

212 1721 318 1753 onmia
339 1726 424 1753 reete
444 1721 631 1764 procedent.
655 1721 756 1753 Plura
783 1721 811 1753 si
834 1722 962 1766 cupies,
987 1722 1071 1766 apud
1088 1723 1169 1754 Por-

211 1785 357 1829 phyrium
383 1785 416 1817 in
441 1785 577 1827 Isagoge
611 1786 651 1829 (c.
670 1785 707 1828 2)
730 1785 835 1817 omnia
862 1786 999 1817 dilucide
1024 1787 1170 1830 exposita

211 1849 372 1890 invenies,
396 1848 481 1880 unde
506 1849 651 1880 Isidorus
674 1861 803 1893 quoque
821 1850 930 1893 (etym.
948 1851 983 1890 ΕΞ,
1005 1851 1067 1893 23)
1093 1852 1170 1882 hau-

213 1912 263 1943 sit.
302 1911 410 1943 Unum
441 1912 523 1943 addo
545 1911 704 1944 Senecam
738 1913 847 1956 (epist.
883 1913 987 1955 111)=
1025 1913 1169 1956 »singula

213 1975 361 2007 animalia
385 1975 528 2017 singulas
554 1975 674 2008 debent
700 1976 817 2007 habere
849 1976 1062 2017 substanti-‘¹53
1108 1978 1170 2009 ista

212 2037 317 2069 omnia
348 2049 446 2068 unum
474 2037 613 2069 animum
640 2037 767 2069 habent.
809 2037 922 2081 Itaque
948 2038 1072 2080 singula
1096 2050 1169 2072 csse

210 2106 366 2145 possunt,
404 2100 504 2132 multa
527 2113 599 2133 esse
623 2113 688 2132 non
715 2107 861 2145 possunt.
887 2101 958 2143 Ego
991 2107 1023 2133 et
1053 2102 1169 2135 animal

212 2173 281 2194 sum
308 2168 340 2194 et
364 2163 476 2202 homo,
511 2174 576 2194 non
601 2168 707 2194 tamen
726 2162 807 2194 duos
829 2174 901 2194 esse
925 2164 1029 2196 dices«
1055 2170 1114 2197 cet.

140 2239 253 2249 ’Ἢ
287 2227 373 2273 quod
397 2224 486 2273 quia]
514 2225 744 2258 Anacoluthon
767 2232 834 2268 est,
857 2227 932 2272 quia
956 2228 1101 2272 sequitur
1121 2228 1168 2260 in-

212 2286 352 2320 finitivus
383 2300 476 2331 posse
505 2300 564 2333 pro
596 2289 694 2320 verbo
725 2288 834 2329 finito,
866 2295 901 2321 ut
928 2291 1098 2322 verisimile
1128 2290 1169 2321 sit

214 2351 292 2383 haec
326 2351 518 2383 Man-nauum
548 2364 565 2384 e
596 2352 722 2385 Graeco
761 2353 916 2398 scriptore
953 2355 1169 2399 expressisse,

215 2413 299 2456 apud
330 2425 412 2457 quos
444 2415 523 2447 haec
555 2416 751 2450 constructio
786 2430 852 2450 nou
874 2430 945 2450 rara
974 2424 1024 2451 est
1047 2419 1170 2463 (confer

214 2475 393 2507 Foertsehii
421 2476 545 2508 observ.
569 2477 637 2509 crit.
663 2478 697 2510 in
721 2479 838 2523 Lysiae
861 2481 1022 2513 orationes
1049 2494 1079 2526 p.
1098 2481 1169 2524 78).

214 2538 340 2570 Pariter
358 2538 453 2570 etiam
474 2539 570 2583 paulo
588 2540 669 2574 infra
690 2541 733 2586 (§.
749 2544 838 2588 548)
857 2545 1046 2577 offendimus
1069 2544 1168 2577 Grae-

215 2611 283 2632 cam
307 2600 596 2642 constructionem,
617 2603 836 2639 attractionem
858 2606 1021 2648 videlicet,
1050 2606 1084 2639 in
1100 2617 1168 2638 vcr-

1221 1723 1270 1755 bis
1300 1724 1403 1756 »unde
1425 1723 1570 1768 quaestio
1595 1730 1661 1756 est«
1690 1735 1749 1768 pro
1783 1724 1841 1756 »ab
1866 1735 1904 1756 eo
1929 1725 1968 1756 de
1991 1737 2053 1772 quo
2079 1736 2172 1769 quae-

1222 1788 1282 1819 stio
1304 1794 1381 1820 estu

1296 1847 1488 1894 masculina]
1514 1848 1630 1881 Deleri
1664 1848 1785 1881 codicis
1809 1849 2015 1881 Monacensis
2042 1850 2096 1893 (F)
2122 1860 2174 1881 au·

1221 1913 1367 1946 ctoritate
1393 1913 1479 1957 quod
1502 1913 1587 1958 apud
1611 1913 1759 1946 Grotium
1785 1913 1930 1957 sequitur
1950 1919 1981 1945 et
2005 1919 2077 1945 ante
2102 1914 2174 1945 alia.

1289 1974 1486 2020 juventulis]
1512 1974 1568 2006 An
1589 1974 1801 2017 »jm'cnilia«‘?
1815 1974 1978 2007 Gno'r.——-
1997 1974 2087 2007 Cur?

1289 2037 1404 2084 ignea]
1442 2038 1536 2072 Sicut
1569 2039 1782 2079 salamandra,
1816 2051 1911 2082 quam
1943 2039 2050 2070 ferunt
2085 2038 2173 2069 inno-

1219 2115 1310 2135 cuam
1328 2103 1361 2135 in
1381 2103 1508 2145 ignibus
1532 2104 1647 2135 vixere.
1674 2104 1735 2135 Est
1752 2115 1853 2145 genus
1874 2103 2041 2148 serpentis.
2058 2102 2172 2134 Gross.

1219 2165 1303 2210 (cod.
1325 2165 1414 2198 Mon.
1437 2165 1478 2208 F)
1493 2184 1539 2190 ——
1562 2165 1685 2198 Confer
1708 2165 1895 2197 Hermetem
1926 2165 1972 2209 (in
1999 2164 2092 2197 Stoh.
2114 2163 2171 2195 ecl.

1222 2230 1259 2270 1,
1292 2229 1355 2269 52,
1383 2229 1453 2269 413
1487 2241 1520 2273 p.
1543 2229 1615 2261 997
1646 2228 1769 2273 Heer.).
1804 2229 1855 2260 De
1886 2228 2083 2260 salamandra
2109 2226 2170 2258 alio

1219 2290 1291 2322 loeo
1315 2290 1495 2334 (palaeogr.
1520 2290 1588 2323 crit.
1610 2290 1672 2324 HI.
1700 2289 1730 2335 §.
1750 2291 1840 2334 525)
1872 2291 1977 2321 addita
2007 2289 2076 2329 ejus
2107 2288 2169 2318 cffi—

1220 2353 1270 2396 gie
1292 2353 1352 2395 egi.
1379 2354 1531 2386 Ceterum
1548 2354 1643 2396 longe
1661 2354 1723 2385 alia
1740 2354 1886 2385 animalia
1907 2353 1946 2384 ad
1964 2353 2090 2393 igneum
2107 2350 2170 2383 ele-

1219 2420 1361 2447 mentum
1384 2416 1481 2447 refert
1505 2416 1600 2447 Plato
1621 2415 1783 2460 (Epinom.
1810 2428 1842 2459 p.
1858 2415 1927 2446 981
1949 2411 2060 2455 sequ.).

1295 2477 1464 2524 bipedalia]
1491 2478 1566 2514 MS.
1589 2480 1722 2523 bipedia.
1748 2478 1801 2510 Ex
1822 2479 1883 2509 hoc
1902 2475 2057 2508 vocabulo
2083 2474 2169 2507 vide-

1220 2547 1272 2573 tur
1295 2541 1371 2573 mihi
1389 2542 1509 2587 aliquid
1528 2542 1641 2574 deesse
1660 2548 1735 2586 post
1758 2553 1868 2573 vocem
1888 2540 2032 2581 uiguea«,
2058 2544 2169 2583 utpote

1218 2604 1283 2637 talc
1304 2605 1395 2650 quid=
1416 2605 1596 2639 Possumus
1621 2606 1653 2637 in
1675 2605 1793 2648 pedum
1814 2602 2057 2644 multitudinem,
2083 2601 2169 2647 quod

1681 2668 1728 2700 45
1749 2664 1772 2691 *
