2310 2860
45 652 130 694 661

157 121 249 162 540
721 113 921 156 Martiani
961 111 1158 167 Capellae
1197 110 1268 151 lib.
1292 110 1367 152 VI.
1408 113 1439 162 ᾗ.
1465 111 1566 152 660.

159 230 262 270 item
294 224 570 281 Strophades,
610 235 797 276 quarum
829 221 953 261 Naxo
984 218 1162 258 Homeri
1195 217 1391 272 sepulcro
1426 217 1690 268 veneranda,
1731 218 1922 274 aliaeque
1953 235 2111 276 quam-

160 311 304 366 plures
334 321 409 362 per
443 304 703 360 septuaginta
733 301 1037 357 longitudinem
1075 311 1115 341 et
1148 315 1223 356 per
1253 298 1435 340 ducenta
1464 299 1729 339 latitudinem
1762 299 1937 342 ducunt.
1996 302 2111 344 Inter

162 391 479 433 Cherronesum
511 395 550 427 et
581 383 884 426 Samothracen
917 381 1130 435 quaedam
1163 381 1258 422 loca
1293 391 1432 432 vasta,
1464 396 1579 422 nunc
1609 381 1852 424 Barbariea.

699 540 778 581 DE
822 539 1071 590 QUARTO
1114 538 1250 579 SINU
1286 538 1577 580 EUROPAE.

330 651 521 701 Quartus
547 662 649 690 vero
679 656 719 687 et
743 661 923 702 magnus
950 646 1151 700 Europae
1174 645 1288 686 sinus
1321 645 1372 685 ab
1399 645 1673 701 Hellesponto
1704 646 1906 701 incipiens
1938 644 2116 686 Maeotis

162 732 264 774 ostio
309 731 575 771 terminatur.
652 728 766 769 Nam
809 736 974 767 arctum
1016 741 1136 767 mare
1178 727 1285 768 inter
1323 726 1545 782 Europam
1581 737 1620 768 et
1648 728 1794 768 Asiam
1833 728 1874 768 in
1908 727 2117 782 angustias

163 823 325 870 septem
355 810 589 852 stadiorum
631 807 876 850 interfluens
906 816 1167 859 coarctatur3
1214 822 1320 862 quas
1363 809 1571 862 angustias
1601 808 1923 864 Hellespontum
1957 808 2115 857 dicunt,

164 896 242 936 ubi
278 894 446 934 Xerxes
493 889 670 932 Persidis
714 904 792 930 rex
838 887 1064 942 aggregatis
1109 888 1291 928 navibus
1335 898 1550 944 ponteque
1598 900 1837 931 constructo
1881 891 2116 932 exercitum

164 975 296 1016 duxit.
355 973 525 1014 Verum
555 971 658 1012 haee
689 968 929 1027 angustiora
961 967 1151 1022 quadam
1183 967 1502 1008 interrivatione
1533 984 1609 1024 per
1643 971 1850 1024 octoginta
1878 985 1953 1011 sex
1984 969 2117 1010 millia

164 1055 483 1104 distenduntur,
527 1067 573 1093 ae
603 1066 779 1093 rursum
810 1049 1066 1090 diffunditur
1097 1062 1216 1088 mare
1246 1048 1519 1099 latissimum,
1558 1050 1804 1103 iterumque
1833 1049 2117 1100 contrahitur3

164 1136 237 1178 sed
271 1135 400 1176 maris
431 1134 501 1175 illa
541 1132 709 1173 diffusio
741 1131 961 1186 Propontis
994 1129 1168 1179 dicitur,
1200 1126 1499 1182 secundaeque
1529 1129 1743 1183 angustiae
1772 1129 2012 1184 Bosphoros
2043 1143 2118 1183 ap—

164 1216 400 1272 pellantur,
455 1227 566 1267 quae
604 1210 842 1266 quingentis
885 1208 1076 1263 passibus
1122 1216 1276 1262 patent.
1347 1207 1455 1248 Item
1493 1208 1575 1249 hac
1609 1209 1767 1249 Darius
1804 1209 1963 1249 Xerxis
1998 1218 2117 1264 pater

167 1298 306 1353 copias
329 1303 454 1352 ponte
484 1292 733 1343 transmisit3
768 1291 889 1343 cujus
922 1289 972 1328 ab
996 1287 1267 1341 Hellesponto
1298 1287 1514 1342 longitudo
1545 1288 1735 1328 ducentis
1766 1288 1931 1342 triginta
1961 1302 2116 1328 novem

1753 1368 1796 1407 in
1846 1382 1931 1421 quo
1977 1367 2117 1408 medio

169 1379 355 1421 millibus
401 1375 627 1416 invenitur.
700 1370 867 1412 Deinde
911 1368 1133 1423 Scythicus
1178 1367 1321 1408 diHusi
1365 1368 1494 1408 maris
1545 1368 1682 1419 sinus3

165 1459 340 1504 Maeotis
379 1457 481 1498 ostio
518 1454 707 1510 jungitur
742 1452 860 1492 lacus
896 1450 1178 1500 Cimmerius,
1224 1449 1470 1504 Bosphorus
1510 1449 1625 1489 idem
1657 1458 1855 1490 vocatur:
1886 1449 1919 1489 is
1950 1449 2120 1489 duobus

163 1541 351 1583 millibus
392 1548 431 1579 et
470 1534 706 1593 quingentis
747 1532 960 1588 passibus,
1019 1531 1127 1572 inter
1158 1544 1265 1584 quos
1296 1528 1557 1584 Bosphoros,
1602 1529 1645 1569 id
1676 1539 1735 1570 est
1765 1528 2052 1570 Cimmerium
2082 1539 2121 1570 et

164 1621 403 1663 Thracium
426 1619 556 1666 latus,
586 1616 840 1668 interpatent
865 1611 995 1650 millia
1027 1610 1271 1664 quingenta.
1313 1609 1525 1650 Circuitus
1557 1624 1659 1650 vero
1687 1610 1811 1650 totius
1841 1610 1960 1649 Ponti
1992 1609 2117 1650 vicies

165 1701 299 1743 semel
325 1696 630 1755 quinquaginta
658 1693 868 1743 millibus,
899 1701 947 1732 ut
976 1691 1117 1733 Varro
1149 1704 1325 1746 quoque
1354 1705 1440 1731 non
1462 1690 1625 1742 reticet3
1658 1690 1760 1745 quia
1790 1690 1888 1730 dicit
1917 1690 2118 1746 Europae

163 1861 305 1893 tamlron
334 1859 418 1891 inter
443 1857 565 1889 insulas
600 1854 709 1887 retulit
740 1865 799 1897 pro
834 1853 970 1892 Andr05
1004 1851 1118 1882 deinde

165 1922 253 1966 quod
277 1921 472 1964 Strophades
498 1918 593 1958 dixit,
623 1928 706 1961 quae
730 1915 890 1958 Sporades
915 1914 1117 1958 appellaban-

167 1992 234 2023 tur,
272 1995 369 2027 quum
394 1981 593 2025 Strophades
621 1980 717 2020 longe
749 1977 883 2008 diversis
911 1976 942 2007 in
974 1976 1118 2018 partibus

166 2047 246 2078 sitae
271 2045 335 2076 sint
361 2043 567 2088 (Apollodor.
583 2043 620 2080 1,
643 2042 684 2079 9,
705 2040 765 2071 21.
790 2038 907 2070 Strabo
926 2040 966 2077 8,
987 2050 1017 2081 p.
1033 2037 1119 2069 559.

164 2109 282 2151 Vin-gil.
307 2107 394 2140 Aen.
418 2108 459 2146 5,
491 2105 596 2147 210);
626 2114 723 2146 porro
754 2103 839 2145 qnod
861 2103 1003 2141 IVaxon,
1035 2113 1117 2145 quae

163 2173 250 2204 inter
276 2169 435 2213 Cyclades
459 2173 524 2207 est,
553 2167 592 2197 ad
617 2165 780 2208 Sporades
803 2165 929 2205 retulit3
953 2169 1117 2208 postremo

166 2233 308 2266 omnium
334 2229 582 2268 atrocissimum,
611 2226 697 2270 quod
718 2227 850 2257 Homeri
872 2226 1052 2270 sepulcrum
1077 2237 1117 2257 ex

165 2297 204 2328 Ιο
229 2293 335 2326 insula
364 2292 397 2323 in
418 2292 554 2323 Ivaxum
583 2288 754 2319 transtulit.
784 2287 916 2319 Scilicet
942 2288 1025 2331 apud
1049 2286 1117 2318 Pli-

165 2357 255 2389 nium
278 2356 415 2396 legerat:
440 2353 511 2385 »Ios
540 2363 561 2382 α
587 2351 688 2382 Naxo
712 2349 823 2390 viginti
853 2355 989 2393 quatuor
1019 2348 1117 2380 millia

166 2431 318 2464 passuum
336 2417 471 2448 Homeri
493 2415 640 2459 sepulcro
668 2413 884 2453 veneranda«,
911 2414 995 2444 unde
1022 2413 1116 2443 simul

167 2485 312 2524 apparet,
337 2479 424 2510 unde
439 2478 572 2508 formam
594 2474 731 2508 nominis
753 2475 925 2506 inauditam
944 2476 1044 2507 IVaxo
1063 2476 1116 2506 ha-

166 2542 287 2581 huerit,
325 2552 418 2585 quam
448 2544 554 2572 tamen
587 2537 701 2580 injuria
730 2537 911 2570 mutandam
940 2537 973 2568 in
1000 2537 1117 2569 Naxos

1170 1846 1305 1880 Grotius
1329 1846 1465 1878 censuit.
1505 1845 1657 1878 Ceterum
1687 1845 1727 1877 de
1753 1845 1888 1876 Homeri
1910 1844 2057 1888 sepulcro
2088 1845 2120 1876 in

1168 1910 1206 1940 Ῑο
1228 1908 1333 1940 insula
1362 1908 1434 1939 vide
1462 1907 1662 1939 Nitzschium
1692 1907 1862 1951 (meletem.
1890 1907 1930 1939 de
1956 1907 2030 1938 hist.
2051 1907 2119 1939 110-

1168 1972 1246 2004 meri
1274 1985 1304 2015 p.
1324 1971 1420 2013 127).

1243 2034 1312 2065 loca
1337 2030 1444 2077 vasta]
1470 2032 1553 2064 Post
1574 2045 1662 2065 nunc
1683 2032 1810 2064 codices
1831 2030 2043 2064 Monacenses
2064 2030 2118 2074 (A.

1169 2096 1213 2141 C)
1236 2102 1268 2128 ct
1294 2096 1561 2127 Darmstattensis
1592 2097 1738 2128 inserunt
1767 2107 1867 2142 quae,
1900 2094 1986 2136 quod
2015 2099 2118 2124 tamen

1169 2158 1196 2190 si
1220 2169 1315 2202 quem
1340 2168 1469 2188 sensum
1492 2157 1623 2197 habeat,
1648 2169 1707 2201 pro
1728 2168 1790 2203 que
1811 2154 2029 2198 accipiendum
2051 2154 2120 2186 erit.

1243 2217 1397 2267 quartus]
1433 2219 1525 2250 Haec
1560 2229 1688 2262 quoque
1718 2216 1831 2260 partim
1865 2228 1906 2247 ex
1930 2215 2039 2246 Plinio
2064 2216 2119 2259 (4,

1171 2284 1233 2323 12,
1261 2282 1322 2324 24)
1346 2281 1459 2325 partim
1481 2293 1520 2313 ex
1548 2281 1661 2312 Selino
1682 2280 1757 2323 (12)
1775 2278 2011 2311 conscribillata
2034 2284 2119 2318 sunt,

1168 2358 1302 2392 quorum
1330 2344 1519 2388 interpretes
1543 2344 1582 2374 de
1607 2342 1742 2384 singulis
1763 2342 1918 2374 conseras.

1239 2410 1337 2441 vicies
1359 2406 1473 2451 semel]
1501 2407 1602 2437 Deest
1624 2407 1786 2443 centenis,
1816 2411 1852 2436 ut
1875 2417 1915 2436 ex
1936 2403 2043 2435 Plinio
2065 2416 2118 2448 ap-

1167 2476 1274 2516 paret5
1308 2469 1365 2501 sed
1390 2468 1485 2510 hujus
1516 2479 1644 2513 quoque
1673 2466 1799 2500 codices
1830 2465 1952 2511 antiqui
1972 2465 2120 2498 nonnulli

1167 2536 1228 2568 hoc
1248 2532 1404 2569 vocabulo
1431 2536 1550 2565 carent.
