2310 2860
708 284 1558 354 MARTIANI

912 454 1022 496 MIN
1026 452 1085 495 EI
1127 453 1351 496 FELICIS

157 603 2112 732 cAPELLAE,

763 799 900 843 AFRI
946 799 1390 844 CARTHAGINIEN
1397 801 1475 842 SIS
1485 832 1498 853 ,

1091 948 1166 980 DE

569 1082 1701 1163 MUSIGA

1008 1255 1148 1287 erm
1180 1255 1237 1287 tx.

349 1332 501 1428 Jam
535 1384 699 1426 facibus
728 1384 858 1442 lassos
892 1393 1084 1439 spectans
1115 1383 1405 1425 marcentibus
1439 1384 1553 1438 ignes

465 1468 708 1509 Instaurare
737 1466 856 1520 jubet
886 1474 985 1506 tunc
1021 1465 1263 1520 hymenaea
1294 1466 1459 1507 Venus.

350 1549 458 1601 Quis
491 1548 666 1600 modus,
706 1548 865 1602 inquit,
898 1547 1004 1588 erit?
1050 1560 1242 1600 quonam
1274 1546 1460 1586 sollertia
1489 1543 1573 1586 fine

459 1629 698 1684 Impedient
728 1627 938 1668 thalamos
969 1624 1118 1666 ludere
1149 1625 1399 1680 gymnasia?

346 1710 532 1765 Diriguit
563 1709 694 1750 comis
725 1708 981 1763 blandisque
1012 1719 1177 1750 assueta
1209 1707 1442 1762 Voluptas,

459 1793 513 1833 Et
543 1801 685 1832 noster
716 1791 877 1847 pallens
910 1790 1119 1831 contrahit
1149 1803 1225 1829 ora
1255 1802 1386 1843 puer3

347 1871 445 1928 Ipsa
476 1872 602 1912 etiam
635 1870 782 1911 fulcris
813 1869 1067 1910 redimicula
1097 1878 1265 1909 nectere
1295 1877 1416 1909 sueta

458 1953 587 1995 Flora
618 1952 770 1993 decens
804 1951 914 1991 trina
946 1951 1070 1992 anxia
1102 1966 1202 1992 cum
1236 1951 1410 1992 Charite
1440 1959 1512 1991 est.

347 2036 438 2077 Nec
468 2034 671 2076 melicum
703 2033 896 2074 recinens
927 2032 1177 2073 modulatur
1208 2033 1308 2073 tibia
1340 2045 1535 2083 carmen,

219 2175 441 2222 Redimfcula]
477 2176 720 2209 Commentator
747 2174 876 2218 quidam
904 2179 997 2206 vetus
1019 2174 1101 2205 redi-
1155 2174 1222 2207 erit.
1249 2187 1281 2219 p.
1302 2172 1364 2217 85)
1397 2171 1518 2205 vitandi
1545 2172 1652 2205 hiatus
1676 2184 1772 2206 eausa
1796 2173 1842 2208 sie
1867 2173 1963 2208 verba
1980 2173 2107 2219 disponi

147 2240 263 2272 micula
284 2241 381 2272 refert
401 2238 441 2271 ad
469 2243 657 2282 sequentem
681 2248 792 2269 vocem
817 2238 923 2277 trina,
951 2241 984 2268 et
1005 2236 1101 2268 inter·
1149 2238 1265 2280 jussit:
1295 2237 1397 2269 »trina
1428 2237 1527 2270 Flora
1556 2237 1711 2279 decens«,
1748 2237 1805 2270 sed
1835 2238 1930 2280 longe
1963 2244 2107 2282 praestat

146 2307 291 2349 pretatur
320 2305 408 2335 trina
440 2302 628 2334 redimicula
666 2301 727 2332 tria
766 2300 819 2332 fila
854 2300 934 2333 varii
965 2300 1104 2341 eoloris5
1153 2301 1280 2342 vulgata
1304 2300 1480 2332 seeundum
1500 2305 1691 2332 structuram
1712 2299 1831 2344 pariter
1847 2305 1880 2331 et
1896 2299 2105 2343 rhythmicam

146 2367 251 2408 rubri,
283 2365 450 2411 purpurei,
475 2365 680 2409 hyacinthini.
714 2364 783 2397 Sed
804 2364 940 2406 fallitur,
966 2370 1002 2396 ut
1031 2364 1102 2396 aliis
1151 2365 1323 2405 rationem,
1353 2377 1451 2408 quum
1477 2365 1582 2397 hiatus
1606 2365 1640 2396 in
1660 2376 1791 2397 caesura
1808 2363 2034 2396 usitatissimus
2053 2363 2104 2396 sit.

146 2429 322 2464 innum‘eris
346 2429 379 2461 in
400 2428 497 2469 loeis5
525 2429 849 2472 quummeserendmn
877 2429 919 2460 sit
942 2431 1031 2461 trina
1062 2428 1101 2460 ad
1226 2426 1390 2473 melicum]
1421 2428 1475 2462 Gl.
1495 2429 1525 2460 B
1558 2428 1730 2460 »mellitum
1753 2434 1784 2459 et
1800 2427 1920 2460 dulce«
1950 2428 2104 2473 Lepidior

146 2495 278 2528 Charite
307 2504 366 2538 pro
391 2492 494 2524 tribus
518 2491 721 2534 Charitibus3
753 2506 819 2525 nou
848 2498 884 2525 ut
910 2492 995 2525 idem
1016 2504 1100 2526 com-
1149 2503 1244 2536 quam
1269 2490 1376 2525 verior
1402 2490 1519 2533 glossa.
1558 2491 1709 2525 Melicum
1739 2501 1866 2522 carmen
1890 2489 1969 2522 dixit
1994 2491 2102 2535 hyme-

1148 2565 1280 2595 naeum,
1311 2553 1398 2598 quod
1424 2553 1479 2585 ille
1509 2565 1574 2585 non
1600 2551 1786 2596 simpliciter
1809 2551 2012 2595 recitaretur,
2045 2554 2102 2586 sed

1150 2621 1317 2650 caneretur
1334 2616 1374 2648 ad
1395 2615 1520 2658 tibiam,
1549 2620 1583 2647 ut
1606 2620 1638 2647 ct
1668 2625 1764 2660 supra
1791 2625 1831 2646 ex
1862 2613 2028 2660 Hesychio
2057 2615 2100 2649 vi-

1653 2679 1700 2710 87

146 2562 320 2597 mcntator,
347 2556 403 2602 qui
421 2555 585 2589 Charitem
602 2568 697 2588 unam
719 2557 810 2589 deam
831 2557 915 2589 facit.
925 2557 1073 2591 VULCAN.

220 2619 320 2668 trina]
347 2620 433 2655 Vide
456 2620 604 2667 superius
623 2619 666 2666 (ἓ.
687 2620 732 2665 1).
757 2621 925 2656 Vonckius
947 2621 992 2667 (in
1012 2633 1099 2668 spec.
