2310 2860
220 101 306 141 53⁴5
766 95 962 137 Martiani
1003 93 1201 149 Capellae
1240 93 1311 133 lib.
1335 93 1408 133 III.
1448 96 1476 144 ᾗ.
1501 95 1599 135 518.

100 233 108 243 .
160 229 186 245 ,ι
218 207 291 260 qui
323 220 398 260 per
429 204 472 244 X
505 202 833 258 pronunciatur,
874 210 922 242 ut
963 201 1126 240 instruo
1167 198 1348 239 instruxi
1384 199 1685 240 instruxeram.
1746 200 1916 241 Tertiae
1949 212 2167 257 correptae

226 285 377 334 verba,
419 298 528 338 quae
570 283 794 325 indicativo
825 282 953 324 modo
984 292 1176 336 tempore
1207 280 1416 335 praesenti
1446 294 1626 335 persona
1660 280 1800 335 prima
1831 281 1869 321 O
1900 281 2018 324 litera
2052 282 2169 322 nulla

226 366 305 406 alia
348 364 486 404 vocali
532 364 808 417 praecedente
848 363 1153 413 terminantur,
1198 376 1247 402 ea
1284 361 1509 403 indicativo
1547 361 1674 402 modo
1717 371 1909 417 tempore
1945 363 2168 417 praeterito

224 446 359 501 specie
400 445 590 486 absoluta
629 455 669 486 et
707 454 853 485 exacta
897 442 1125 484 duodecim
1176 440 1312 482 modis
1350 440 1628 481 declinantur.
1686 441 1740 482 Et
1770 450 1829 482 est
1866 441 2054 496 primus,
2094 442 2169 496 qui

222 527 365 567 tertiae
392 526 690 581 conjugationis
715 525 947 581 productae
976 525 1184 580 integram
1217 524 1404 564 formam
1435 524 1651 578 sequitur,
1681 533 1728 564 ut
1756 538 1887 580 supra
1911 522 2170 565 ostendimus

223 610 265 648 in
304 607 368 648 his
406 608 568 657 verbis,
616 621 727 662 quae
763 607 908 647 tertiae
946 603 1248 660 conjugationis
1289 612 1508 658 correptae
1545 602 1772 645 indicativo
1806 603 1935 645 modo
1979 613 2170 658 tempore

224 686 432 740 praesenti
469 701 650 741 persona
681 686 822 741 prima
856 686 895 726 io
927 685 1056 726 literis
1088 684 1393 736 terminantur3
1449 694 1497 725 ut
1527 685 1641 725 enim
1673 694 1732 726 est
1766 686 1891 741 cupio
1924 685 2066 741 cupivi
2097 698 2173 725 cu-

221 767 439 820 piveram,
471 766 528 806 sic
558 775 654 821 peto
685 767 814 821 petivi
844 766 1095 822 petiveram.
1146 765 1264 811 Haec
1296 779 1472 820 quoque
1496 764 1534 806 V
1561 765 1728 806 literam
1758 765 1973 806 interdum
2004 763 2171 805 subtra-

225 847 352 898 tunt,
384 857 423 888 ct
454 848 472 887 Ι
502 848 736 903 geminant,
772 857 819 888 ut
849 848 947 903 petii
977 848 1196 902 petieram.
1255 845 1476 886 Secundus
1508 854 1590 896 est,
1629 859 1769 900 quum
1800 846 1838 886 O
1870 846 1910 886 in
1943 845 1962 886 I
1992 860 2172 886 conver-

221 930 345 980 titur,
390 930 465 984 qui
502 929 666 984 primae
704 929 917 984 positionis
956 929 1078 970 verbi
1111 928 1149 969 O
1181 927 1347 968 literam
1388 927 1431 967 in
1468 926 1488 966 I
1527 935 1781 976 commutat,
1828 936 1867 967 et
1897 935 2174 982 praeeuntem

221 1010 433 1065 syllabam
463 1025 539 1051 seu
568 1020 731 1052 mutata
767 1010 904 1052 vocali
943 1024 1019 1050 seu
1048 1019 1347 1065 perseverante
1382 1006 1600 1062 producit3
1652 1007 1840 1062 deposita
1872 1008 1998 1047 etiam
2028 1022 2173 1047 conso-

222 1100 370 1141 nante,
408 1091 442 1130 si
487 1090 614 1131 fuerit
652 1090 812 1140 media,
851 1090 895 1130 in
936 1104 1069 1144 quam
1102 1091 1241 1145 prima
1280 1088 1436 1129 vocalis
1468 1088 1648 1139 desinat3
1706 1098 1751 1128 ut
1782 1103 1857 1143 ago
1889 1089 1952 1142 egi
1983 1103 2173 1143 egeram,

224 1170 318 1224 lego
351 1170 431 1224 legi
460 1170 667 1224 legeram3
706 1184 857 1210 eorum
887 1179 1052 1220 autem,
1084 1184 1196 1224 quae
1226 1170 1269 1210 in
1301 1177 1603 1210 consonantem
1634 1177 1811 1219 exeunt,
1852 1169 2049 1223 exempla
2079 1178 2176 1209 sunt

225 1250 350 1290 haec:
381 1250 528 1304 frango
568 1250 672 1305 fregi
711 1251 944 1305 fregeram,
983 1251 1117 1292 fundo
1159 1251 1250 1292 fudi
1286 1250 1499 1291 fuderam.
1568 1249 1758 1298 Quartus
1790 1258 1850 1288 est
1881 1249 1957 1302 qui
1988 1248 2175 1289 mediam

226 1340 525 1372 consonantem
566 1331 738 1385 deponit
778 1340 818 1370 et
854 1341 1132 1386 praeeuntem
1173 1329 1365 1370 vocalem
1397 1328 1590 1382 corripit,
1638 1336 1686 1367 ut
1723 1326 1836 1367 findo
1874 1326 1946 1367 fidi
1985 1327 2177 1378 fideram,

225 1409 368 1450 scindo
407 1409 508 1449 scidi
548 1410 770 1450 seideram.
842 1409 1043 1459 Quintus,
1079 1409 1117 1448 O
1152 1407 1273 1447 litera
1311 1406 1524 1462 deposita,
1555 1406 1595 1447 V
1626 1416 1665 1446 et
1696 1406 1715 1447 I
1746 1407 1940 1458 assumit,
1986 1417 2033 1448 ut
2063 1409 2177 1449 molo

226 1489 360 1528 molui
385 1489 646 1540 molum-am,
679 1490 769 1530 colo
798 1490 909 1530 colui
940 1489 1172 1530 colueram.
1217 1489 1389 1537 Sextus,
1422 1487 1497 1541 qui
1527 1487 1715 1542 deposita
1747 1488 1800 1538 O,
1832 1489 1859 1528 S
1884 1498 1922 1528 et
1946 1488 1966 1528 I
1991 1490 2178 1540 assumit,

229 1578 274 1608 ut
308 1583 436 1623 carpo
467 1571 605 1624 carpsi
638 1584 903 1624 carpseram3
947 1568 1086 1608 scribo
1110 1567 1256 1620 scripsi
1287 1566 1552 1621 scripseram.
1612 1565 1838 1620 Septimus,
1871 1567 1945 1620 qui
1978 1568 2016 1607 O
2047 1568 2179 1623 depo-

229 1649 305 1688 sita
344 1658 383 1689 et
419 1659 649 1703 praeeunte
691 1658 943 1691 consonante
979 1662 1054 1703 per
1093 1646 1120 1686 S
1151 1645 1372 1700 geminum
1410 1646 1738 1701 pronunciatur,
1787 1655 1833 1685 ut
1872 1655 1983 1686 meto
2023 1649 2179 1687 messui

230 1742 508 1769 lnessueraln.
570 1730 781 1781 Octavus,
826 1730 900 1786 qui
938 1728 1065 1769 simili
1112 1726 1375 1781 correptione
1412 1741 1489 1781 per
1531 1740 1669 1767 unum
1709 1727 1736 1767 S
1775 1736 2006 1781 praeeunte
2043 1729 2180 1769 vocali

231 1810 439 1865 producta
469 1811 725 1863 declinatur,
757 1821 804 1852 ut
833 1811 959 1853 trudo
989 1810 1096 1852 trusi
1124 1819 1349 1850 truseram.
1382 1808 1547 1859 Nonus,
1579 1809 1654 1863 qui
1689 1823 1765 1864 per
1790 1808 1834 1848 X
1861 1809 2180 1864 pronunciatur,

235 1900 279 1930 ut
317 1905 514 1946 expungo
554 1893 743 1948 expunxi
782 1906 1100 1948 expunxeram,
1147 1905 1261 1946 ungo
1294 1889 1403 1931 unxi
1433 1903 1661 1930 unxeram.
1733 1889 1959 1940 Decimus,
1999 1890 2074 1944 qui
2106 1905 2179 1946 per

232 1971 555 2023 geminationem
590 1973 754 2027 primae
782 1973 972 2029 syllabae
1006 1973 1245 2029 profertur,
1279 1980 1326 2012 ut
1357 1984 1499 2025 pungo
1531 1969 1695 2025 pupugi
1728 1983 2020 2025 pupugeram,
2052 1984 2179 2010 curro

235 2051 405 2091 cucurri
449 2065 740 2094 cucurreram.
798 2053 1084 2103 Undecimus,
1130 2053 1205 2106 qui
1236 2053 1472 2095 verborum
1503 2055 1836 2106 compositorum
1867 2051 2063 2091 ultimam
2093 2049 2179 2103 syl-

231 2130 374 2171 labam
406 2132 607 2186 geminat,
638 2144 682 2174 ut
713 2134 833 2175 trado
864 2133 1018 2175 tradidi
1046 2133 1327 2183 tradideram,
1358 2131 1490 2173 reddo
1520 2130 1686 2172 reddidi
1716 2129 1998 2171 reddideram.
2057 2129 2181 2169 Duo-

233 2211 444 2261 decimus,
477 2214 551 2268 qui
581 2215 622 2254 in
654 2215 838 2258 formam
879 2217 1151 2272 passivorum
1182 2213 1433 2264 resolvitur,
1477 2221 1524 2253 ut
1560 2211 1645 2252 fido
1684 2210 1785 2251 fisus
1821 2224 1940 2259 sum,
1986 2224 2052 2259 es,
2102 2218 2180 2254 est;

309 2392 441 2438 ereum]
470 2393 603 2426 Grotius
628 2395 660 2426 in
685 2396 839 2437 margine:
864 2397 902 2428 al.
927 2398 1088 2429 desinunt.
1234 2394 1291 2426 sed
1313 2403 1390 2425 usus
1412 2389 1700 2423 vetustissimorum
1722 2391 1840 2421 messui
1865 2390 2076 2433 comprobt.«

309 2457 444 2502 messui]
472 2458 656 2490 Priscianus
684 2461 731 2499 (8.
762 2462 821 2497 ll,
852 2462 915 2491 39·-
948 2474 978 2504 p.
1003 2462 1074 2493 402
1096 2460 1182 2503 Rr.):
1303 2468 1360 2499 per
1379 2451 1682 2497 XPl'fflssflst'fflstfl'l
1718 2452 1798 2485 3ῙῖῩο
1831 2453 2034 2486 M⁰¹¹³C⁰¹¹⁵is
2061 2452 2127 2495 (C)
2151 2457 2180 2482 οἶ

243 2518 347 2550 „Melo
371 2520 463 2551 eliani
484 2520 611 2563 qnidam
631 2523 776 2560 messivi,
801 2521 928 2566 quidam
955 2534 1087 2557 messem
1108 2522 1183 2565 feci,
1234 2517 1495 2551 Darmstaucnsis
1519 2518 1747 2549 anniam-inluta
