2310 2860
756 230 954 275 Martiani
993 226 1193 285 Capellae
1230 226 1302 269 lib.
1325 225 1400 269 ΙΙΙ.
1439 229 1468 279 §.
1492 225 1590 271 221.

857 336 1059 380 Phaleras
1090 343 1212 392 parat
1237 333 1402 386 libello,

853 417 910 461 Et
940 416 1034 460 vult
1067 416 1204 458 amica
1234 414 1341 458 fictis

857 497 1114 541 Commenta
1146 497 1260 540 ferre
1291 498 1509 555 primum,

855 580 973 623 Mem
980 593 1104 621 orans
1138 578 1316 634 frigente
1351 593 1454 621 vero

860 659 933 702 Nil
969 673 1091 715 posse
1127 674 1298 701 comere
1330 672 1484 710 usum,

854 740 1060 796 Vitioque
1094 739 1166 782 dat
1194 743 1344 797 poetae
1354 773 1366 792 ,

855 819 1045 862 Infracta
1074 819 1188 861 ferre
1223 828 1338 861 certa
1348 851 1361 872 ‚

855 902 1039 945 Lasciva
1072 901 1177 944 dans
1206 901 1365 958 lepori,

853 982 909 1026 Et
939 984 1139 1040 paginam
1170 993 1402 1026 venustans

855 1065 995 1107 Multo
1026 1065 1177 1107 illitam
1211 1064 1364 1106 colore.

856 1145 1022 1200 Atquin
1052 1143 1203 1199 prioris
1233 1143 1304 1183 ille

855 1223 1031 1266 Titulus
1062 1232 1208 1265 monet
1237 1223 1368 1264 libelli
1379 1255 1390 1274 ‚

855 1304 1030 1361 Mythos
1063 1302 1116 1344 ab
1148 1317 1223 1345 ore
1253 1303 1397 1359 pulsos

850 1386 1064 1440 Artesque
1095 1399 1200 1426 vera
1229 1385 1367 1426 fantes

851 1463 1146 1507 Voluminum
1175 1474 1429 1521 sequentem

859 1548 1092 1605 Praecepta
1123 1561 1389 1602 comparare.

861 1627 930 1670 Ad
960 1629 1068 1670 haec
1096 1627 1261 1682 jocante
1290 1627 1419 1668 rictu:

861 1709 903 1751 N
906 1708 934 1750 il
959 1708 1221 1751 mentiamur
1232 1739 1243 1759 ‚
1274 1708 1427 1763 inquit,

272 1842 438 1890 phaleras]
465 1844 607 1876 Primum
634 1854 812 1889 equorum,
842 1843 958 1876 deinde
981 1843 1076 1876 etiam
1095 1843 1151 1875 ho-

202 1907 318 1938 minum
352 1912 535 1939 ornamenta
564 1905 689 1951 (Barth.
713 1906 835 1938 advers.
859 1918 889 1951 p.
913 1904 1038 1949 1176),
1067 1904 1153 1936 unde

200 1970 316 2001 factum
339 1976 406 2011 est,
435 1976 470 2002 ut
499 1970 712 2014 metaphorice
734 1981 862 2014 quoque
888 1969 926 2001 de
955 1969 994 2000 iis
1019 1978 1153 2012 usurpe-

199 2037 266 2070 tur,
299 2031 415 2075 quibus
449 2033 558 2065 fucum
589 2032 691 2064 facere
723 2031 793 2063 aliis
821 2032 1023 2077 speciemque
1050 2028 1153 2062 asciti-

201 2094 274 2124 tiam
301 2093 347 2125 rei
370 2094 462 2126 alicui
484 2094 599 2126 addere
622 2105 794 2134 conemur3
827 2100 862 2125 ut
884 2106 911 2125 v.
936 2106 962 2125 c.
987 2093 1156 2137 phalerata

201 2158 295 2188 verba
325 2157 407 2201 apud
430 2158 614 2190 Terentium
635 2158 779 2203 (Phorm.
797 2159 832 2191 5.
855 2158 889 2190 2.
916 2158 984 2200 15).

275 2222 378 2252 amica
397 2220 494 2267 fictis]
519 2222 756 2267 Manuscriptus
785 2222 881 2254 habet
902 2223 1038 2260 amicta,
1068 2218 1156 2263 quod

202 2292 232 2316 et
256 2285 383 2318 rectius.
396 2283 500 2317 Gnor.
516 2305 562 2311 -—
577 2286 756 2330 Utrumque
775 2286 896 2319 bonum
917 2296 1046 2318 sensum
1064 2289 1172 2328 prae-x

200 2351 270 2389 het3
300 2349 417 2382 rectius
442 2354 590 2381 neutrum
615 2350 768 2391 dixerim3
805 2361 903 2394 quare
927 2349 1079 2391 majorem
1102 2358 1154 2380 eo-

200 2412 305 2443 dicum
332 2422 497 2443 numerum
524 2422 649 2455 sequor.

272 2474 411 2517 friqente
433 2471 521 2518 vero]
548 2472 587 2506 Id
610 2478 673 2504 est:
701 2473 856 2505 exstincta
882 2478 913 2504 et
931 2477 1077 2504 cessante
1100 2482 1154 2503 ve-

203 2543 303 2569 ritate.
320 2537 423 2569 Vae.
441 2554 488 2560 —
514 2536 673 2569 Produxit
693 2536 826 2583 prirnam
849 2536 1002 2579 syllabam
1025 2535 1157 2568 secundi

204 2598 292 2641 pedis
318 2598 565 2639 Anacreontiei‚
597 2603 633 2630 ut
664 2597 747 2630 alibi.
787 2597 844 2631 SIc
878 2597 959 2629 libro
981 2598 1063 2630 Vll:
1088 2598 1155 2630 Ma-

205 2661 277 2691 dida
304 2660 437 2705 detergit
464 2671 528 2695 ora.
552 2659 655 2696 Gnor.
672 2679 718 2687 —-
751 2659 890 2701 Melius,
918 2670 1012 2704 quam
1038 2659 1156 2692 Vulca-

1206 1842 1278 1874 nius
1292 1864 1301 1882 ,
1335 1851 1466 1873 sensum
1487 1839 1531 1872 ita
1555 1839 1677 1885 capies:
1702 1839 1753 1873 vel
1777 1840 1958 1882 veritatem,
1984 1852 2067 1886 qnae
2084 1841 2162 1875 alio·

1207 1905 1285 1950 quin
1308 1904 1394 1936 nuda
1419 1904 1568 1947 fingitur,
1603 1903 1793 1937 vestimento
1824 1904 1932 1950 aliquo
1962 1916 2072 1940 carere
2095 1916 2162 1939 non

1204 1980 1314 2015 posse,
1339 1969 1416 2014 quin
1435 1969 1568 2011 frigeat3
1596 1968 1766 2012 frigentem
1786 1975 1891 2002 autem
1912 1968 1985 2003 solo
2006 1981 2068 2003 usn
2082 1969 2162 2003 nihil

1207 2030 1343 2076 amplius
1373 2030 1552 2063 ornamenti
1578 2029 1731 2076 accipere.

1280 2090 1402 2137 pulsos]
1431 2090 1566 2124 Grotius
1581 2092 1734 2136 pulsans,
1756 2091 1962 2124 Britannicus
1977 2095 2011 2124 et
2023 2089 2159 2124 Reiehe·

1206 2153 1357 2186 nauensis
1374 2154 1507 2197 pulsas,
1531 2152 1807 2196 Cantabrigiensis
1829 2153 1962 2196 pulsus,
1991 2151 2027 2185 hi
2047 2162 2160 2186 omnes

1207 2217 1276 2249 sine
1300 2226 1410 2249 sensu.
1443 2215 1589 2260 Recepta
1612 2214 1710 2257 igitur
1729 2213 1935 2247 Monacensis
1959 2213 2080 2248 codicis
2104 2215 2161 2260 (C)

1207 2280 1345 2314 lectione
1365 2285 1538 2311 consu-uo:
1559 2277 1690 2310 »titulus
1714 2276 1817 2310 libelli
1838 2284 1948 2311 monet
1970 2279 2100 2325 mythos
2120 2279 2162 2312 ab

1207 2357 1262 2378 ore
1283 2343 1416 2389 pulsos,
1449 2343 1517 2375 sive
1540 2341 1678 2375 omissos
1707 2352 1809 2374 esses

1280 2419 1359 2440 vera
1374 2404 1497 2452 fantes]
1515 2405 1642 2438 Pariter
1659 2404 1832 2439 Cornelius
1851 2403 1995 2441 Severus
2009 2405 2043 2440 in
2054 2405 2162 2443 Aetna

1222 2472 1308 2515 257)
1337 2482 1466 2503 »vetum
1484 2469 1648 2514 professas
1671 2475 1776 2503 artes«
1798 2475 1975 2516 nuncupat.

1275 2534 1406 2579 jocante
1429 2530 1528 2578 rictu]
1552 2531 1710 2564 Horatius
1734 2532 1807 2577 (sat.
1831 2532 1869 2574 ¹,
1897 2532 1960 2574 10,
1982 2530 2036 2576 ⁷)=
2061 2529 2162 2564 ‚msa

1209 2598 1359 2630 diducere
1376 2598 1521 2629 rictum«
1556 2594 1693 2629 Ovidius
1713 2596 1792 2640 (arte
1813 2607 1872 2628 am.
1891 2596 1927 2636 5,
1942 2595 2045 2638 285)=
2068 2593 2162 2630 »Sint

1209 2659 1325 2692 modici
1342 2661 1456 2697 rictus,
1478 2657 1541 2691 sint
1555 2669 1673 2705 parvae
1696 2658 1845 2699 utrinque
1865 2657 2028 2690 lacunae.-
