2310 2860
296 207 386 250 412

878 203 1077 246 Martiani
1115 202 1313 259 Capellae
1347 200 1418 243 lib.
1447 201 1503 245 V.
1540 203 1572 255 §.
1597 201 1699 244 [161.

296 313 531 355 aestimator
567 311 666 366 justi
711 310 872 352 ratione
911 309 1164 366 perpendat,
1219 323 1342 364 posse
1380 309 1423 351 in
1465 309 1618 364 quavis
1661 322 1789 350 causa
1831 318 1870 350 et
1912 323 2061 352 omnes
2100 317 2230 351 status

293 392 510 441 exsistere,
553 399 592 430 et
629 391 790 431 multae
829 390 1030 441 rationes,
1071 389 1463 443 infirmationesque
1506 404 1780 440 numerosae,
1829 389 2088 445 perindeque
2117 388 2232 444 judi-

293 472 505 512 cationum
535 471 697 511 semina
728 471 916 525 copiosa3
963 485 1099 524 quum
1133 486 1271 511 unum
1304 471 1497 512 videlicet
1524 471 1685 512 factum
1717 471 1937 525 multiplici
1967 471 2127 511 ratione
2155 471 2232 512 de-

288 551 496 601 fenditur,
532 558 579 590 ut
617 549 787 590 Tullius
822 564 899 604 pro
928 549 1108 598 Milone,
1148 548 1265 603 quod
1295 549 1578 590 insidiatorem
1612 558 1652 589 et
1687 549 1803 604 quod
1840 549 2003 589 hostem
2036 549 2230 604 publicae

291 630 440 684 quietis
480 628 687 669 occiderit.

286 707 460 748 utilitate
499 709 750 750 defensionis
787 709 998 750 sumserit.

760 628 809 668 In
841 627 904 667 his
935 627 1060 682 igitur
1098 626 1166 666 ille
1200 636 1329 669 status
1369 630 1506 683 potius
1537 629 1775 683 apparebit,
1823 643 1953 682 quem
1986 638 2125 669 orator
2154 643 2231 683 pro

1061 707 1139 748 Illa
1178 708 1304 748 etiam
1339 709 1445 749 ratio
1485 724 1540 750 ex
1571 710 1745 750 oratoris
1776 710 2035 764 plerumque
2067 708 2231 749 adstru-

288 787 423 828 ctione
457 790 686 845 colligitur,
730 800 920 845 tuncque
950 790 1069 831 velut
1099 790 1320 831 rationales
1352 790 1421 830 alii
1451 799 1579 831 status
1611 801 1845 845 emergent,
1887 807 1934 832 ae
1963 791 2020 831 sie
2050 789 2104 830 ad
2134 804 2233 844 pro-

165 862 255 907 462
287 865 473 908 bationes
504 869 711 924 scriptura
748 863 974 925 profertur.
1034 870 1144 910 Hine
1172 870 1371 924 judicatio
1397 870 1538 925 legalis
1568 872 1747 921 orietur,
1794 871 1916 925 cujus
1947 871 2103 926 speeies
2135 878 2230 909 sunt

284 947 491 1002 quinque.
549 948 649 989 Una
687 958 767 1000 est,
802 964 941 1004 quum
976 950 1130 1005 scripto
1157 951 1314 1005 aliquid
1351 951 1531 1006 plurave
1569 953 1768 1007 ambigua
1806 952 2092 1002 eontinentur,
2123 964 2233 1004 quae

283 1042 309 1068 a
338 1029 511 1069 Graecis
549 1031 763 1082 ἀμφιβολία
803 1041 1090 1083 memoratur,
1136 1041 1183 1072 ut
1220 1047 1273 1072 ex
1309 1034 1612 1073 communione
1649 1032 1831 1073 nominis
1868 1047 1933 1072 res
1972 1032 2231 1087 plerumque

283 1108 575 1160 confunditur,
613 1120 661 1150 ut
694 1119 752 1150 est
784 1110 913 1150 istud:
946 1110 1135 1159 Quidam
1174 1120 1347 1150 taurum
1388 1111 1564 1165 legavit,
1605 1125 1692 1164 quo
1734 1111 1907 1150 nomine
1943 1124 2117 1151 servum
2152 1109 2231 1149 ha-

279 1187 433 1230 buerat
468 1188 704 1229 admodum
746 1190 993 1244 pretiosum,

282 1267 385 1321 quia
425 1267 522 1308 fecit
553 1282 710 1309 nomen
749 1269 1049 1324 amphibolum
1084 1272 1390 1325 quaestionem.

1053 1191 1218 1231 Verum
1250 1190 1309 1230 illi
1337 1190 1458 1230 heres
1483 1200 1681 1240 taurum,
1719 1190 1801 1230 hoe
1828 1199 1887 1231 est
1915 1190 2073 1231 bovem
2104 1188 2231 1239 dedit,

1466 1270 1571 1311 Item
1616 1285 1669 1311 ex
1705 1271 1931 1311 nominum
1969 1269 2228 1310 distinctione

278 1360 357 1400 per
397 1346 629 1400 syllabam,
687 1358 734 1388 ut
780 1351 855 1403 qui
896 1350 1092 1391 habuerit
1135 1350 1398 1405 propinquos
1447 1348 1576 1399 duos,
1634 1363 1770 1390 unum
1822 1350 1994 1390 Lesium
2036 1350 2229 1400 nomine,

281 1424 503 1479 aliumque
538 1426 777 1478 Milesium,
829 1428 1123 1483 heredemque
1169 1429 1425 1469 constituens
1463 1429 1520 1470 sie
1569 1429 1736 1469 loeutus
1773 1439 1851 1470 est:
1894 1430 2017 1471 heres
2054 1440 2139 1471 esto
2171 1432 2229 1471 mi

275 1503 375 1556 lesi,
419 1520 507 1560 qua
547 1505 817 1548 distinctionis
859 1508 1035 1564 ambage
1083 1519 1298 1550 certamen
1344 1518 1564 1560 exortum,
1621 1509 1727 1550 dum
1772 1510 1895 1550 heres
1933 1519 2018 1550 esto
2053 1510 2113 1549 mi
2146 1509 2231 1550 dis-

275 1585 425 1640 tinguit
471 1586 548 1640 qui
576 1587 725 1628 Lesius
755 1587 998 1638 dicebatur,
1052 1589 1157 1629 alius
1190 1603 1294 1629 vero
1335 1589 1532 1629 continua
1579 1589 1760 1629 nominis
1797 1588 1971 1643 jugitate
2014 1588 2228 1629 Milesium

275 1737 412 1777 tionem,
437 1748 531 1781 quam
554 1738 630 1770 item
648 1738 811 1782 (vicissim)
833 1745 997 1772 accusator
1016 1740 1169 1781 infirmet,
1196 1747 1229 1773 et

274 1800 374 1844 (inde)
400 1800 487 1832 velut
515 1802 701 1833 secundaria
725 1803 870 1845 quaestio
892 1809 1093 1846 procreatur«
1119 1810 1178 1836 cet.

347 1862 435 1892 velut
466 1861 659 1906 rationales]
697 1862 752 1894 Sic
788 1864 914 1895 codices
948 1865 1227 1908 Darmstattensis,

272 1921 565 1962 Reiehenaucnsis,
596 1928 628 1954 et
650 1923 855 1955 Monacensis
880 1924 952 1967 (C),
989 1925 1122 1957 Grotius
1146 1926 1228 1956 male

282 1982 387 2013 »velut
415 1985 591 2023 rationes«,
623 1989 659 2014 ut
686 1985 782 2027 paulo
810 1990 882 2016 ante
908 1991 1014 2016 aulem
1039 1998 1097 2030 pro
1119 1988 1229 2025 eliam,

275 2045 362 2087 quod
386 2045 512 2076 restitui
536 2057 575 2076 ex
596 2047 807 2078 anterioribus
833 2048 1027 2080 editionibus
1050 2049 1227 2081 codicibus-

275 2104 339 2151 que
363 2106 467 2138 dietis.

351 2168 511 2216 quinque]
537 2170 609 2202 Hae
639 2178 714 2203 sunt
740 2185 818 2216 quas
845 2174 883 2205 de
905 2176 1023 2216 scripto
1046 2180 1227 2207 controver-

277 2229 342 2261 sias
372 2229 487 2262 Cicero
520 2232 674 2273 appellat,
709 2246 840 2275 quarum
867 2235 968 2278 prima
992 2239 1042 2265 est
1064 2247 1106 2267 ex
1133 2237 1230 2267 ambi-

277 2303 341 2335 guo
366 2291 418 2333 (de
434 2291 552 2321 invent.
570 2292 604 2330 2,
630 2293 677 2323 40
700 2299 730 2324 et
756 2294 841 2336 41),
870 2295 967 2326 altera
992 2307 1034 2326 ex
1057 2298 1175 2339 scripto
1198 2303 1229 2329 et

276 2353 437 2384 sententia
471 2351 696 2395 (42—48)‚
731 2354 823 2385 tertia
855 2367 872 2387 e
901 2358 1072 2388 contrariis
1107 2357 1229 2400 leqibus

277 2414 371 2459 (49),
395 2420 506 2458 quarta
528 2426 570 2447 ex
593 2416 838 2449 ratiocinatione
861 2419 951 2461 (50),
978 2419 1089 2464 quinta
1112 2431 1154 2452 ex
1176 2421 1228 2452 de-

277 2477 422 2519 finitione
446 2476 531 2522 (51).

355 2535 586 2586 ἀμφιβολία]
621 2538 755 2571 Grotius
793 2540 919 2583 quidem
954 2539 1228 2590 ιῖμφιβολογία,

280 2601 365 2644 quod
387 2612 444 2647 per
477 2612 638 2646 syncopen
670 2602 892 2645 explicandum
916 2605 997 2638 soret
1027 2617 1085 2650 pro
1107 2603 1226 2652 pimpl-

1277 1738 1503 1785 βολολογιάτ
1527 1750 1586 1781 ego
1610 1751 1686 1772 vero
1708 1741 1833 1773 codices
1857 1747 1985 1773 secutus
2006 1754 2075 1773 sum
2093 1743 2228 1775 Reiclne-

1279 1813 1451 1832 nancnsem
1480 1807 1512 1833 et
1533 1802 1760 1833 monacensem
1790 1802 1863 1845 (C),
1893 1802 1948 1845 qui
1974 1815 2046 1835 cum
2073 1804 2229 1836 Cicerone

1279 1862 1332 1905 (ad
1355 1862 1415 1893 div.
1444 1864 1476 1901 7,
1504 1864 1582 1904 52),
1610 1863 1754 1894 Auctore
1783 1864 1823 1894 ad
1847 1864 2047 1895 Herennium
2071 1865 2124 1908 (2,
2153 1865 2228 1908 11),

1280 1922 1499 1965 Quinctiliano
1518 1925 1566 1967 (7,
1596 1925 1657 1964 10,
1679 1926 1720 1963 5³,
1745 1936 1775 1967 p.
1794 1925 1865 1956 164
1888 1924 2028 1968 Spald.),
2053 1932 2086 1957 et
2103 1926 2228 1958 Isidoro

1279 1986 1387 2029 (etym.
1412 1987 1448 2026 1,
1473 1988 1538 2027 54,
1568 1989 1631 2027 153
1666 2000 1700 2031 p.
1720 1988 1767 2019 54
1790 1987 1901 2030 ΑΓΗ.)
1924 1989 2055 2023 faciunt.

1351 2046 1536 2092 distinguit]
1563 2047 1643 2079 Inde
1669 2054 1800 2091 apparet
1825 2054 1908 2089 tum,
1938 2061 2035 2092 quum
2058 2054 2226 2081 testamen-

1278 2112 1345 2138 tum
1371 2107 1450 2139 illud
1469 2109 1619 2152 seriptum
1641 2109 1753 2149 suerit,
1775 2110 1880 2141 omnia
1901 2109 2049 2140 continua
2068 2110 2149 2142 serie
2171 2123 2228 2143 no-

1279 2175 1360 2210 tata,
1387 2183 1491 2214 neque
1521 2172 1616 2203 verba
1645 2172 1729 2203 inter
1758 2183 1793 2202 se
1825 2172 1940 2211 divisa,
1973 2184 2077 2215 neque
2100 2174 2228 2206 nomina

1278 2233 1405 2276 propria
1432 2234 1605 2265 initialibus
1629 2234 1729 2265 literis
1753 2233 1901 2264 distincta
1923 2234 2031 2265 fuisse.
2069 2236 2227 2280 Exempla

1280 2296 1394 2327 similia
1417 2297 1516 2327 multa
1538 2301 1665 2327 exstant
1686 2295 1719 2326 in
1731 2296 1809 2336 ‘jure
1834 2297 1980 2328 Romano
2005 2298 2053 2341 (ut
2074 2298 2107 2329 in
2132 2299 2225 2331 titulo

1280 2359 1319 2390 de
1339 2359 1435 2390 rebus
1459 2359 1578 2398 dubiis,
1605 2358 1684 2389 etin
1702 2358 1722 2389 l.
1744 2360 1793 2390 50
1810 2359 1848 2389 (le
1869 2365 1992 2392 testam.
2013 2361 2141 2403 tutela)3
2168 2363 2225 2393 sed

1279 2421 1366 2465 quod
1393 2427 1502 2452 noster
1530 2422 1568 2452 de
1593 2421 1689 2452 Lesio
1729 2427 1782 2452 ant
1809 2422 1936 2453 Milesio
1961 2423 2078 2454 herede
2105 2423 2225 2464 attulit,

1280 2495 1298 2515 a
1325 2482 1424 2514 Curio
1448 2482 1677 2513 Fortunatiano
1705 2482 1748 2525 (p.
1765 2483 1811 2514 52
1837 2483 1939 2527 Pith.)
1966 2489 2127 2516 mutuatus
2153 2496 2224 2516 esse

1278 2543 1411 2575 videtur.
1456 2542 1533 2574 Alia
1557 2543 1627 2576 wide
1657 2543 1740 2588 apud
1764 2543 2015 2586 Quinctilianum
2039 2546 2087 2588 (7,
2110 2545 2149 2586 9,
2181 2547 2223 2587 55

1278 2617 1310 2650 p.
1330 2605 1400 2640 155
1421 2603 1533 2648 sequ).
