2310 2860
261 239 344 284 168

832 234 1034 278 Martiani
1067 232 1266 290 Capellae
1297 232 1369 275 lib.
1392 232 1446 275 ΙΙ.
1476 235 1509 286 ᾗ.
1536 233 1633 278 120.

912 340 1077 384 scande
1106 339 1213 381 coeli
1241 340 1404 397 templa
1433 340 1554 395 virgo

912 425 1055 480 Digna
1083 432 1199 464 tanto
1231 422 1416 466 foedere.

911 506 977 548 Te
1008 519 1128 546 socer
1161 506 1306 548 subire
1337 504 1447 546 celsa

911 585 1049 628 Poscit
1079 595 1190 628 astra
1219 586 1401 643 Jupiter.

427 670 554 710 Tune
586 668 857 724 Melpomene
872 683 880 708 :

652 749 781 791 Sueta
812 747 1088 790 cothurnatos
1119 749 1252 790 scenis
1282 746 1539 805 depromere
1569 758 1735 801 cantuS,

770 831 1043 885 Soecumque
1074 829 1186 872 serre
1218 832 1456 882 cornicum,

654 915 710 956 Et
738 915 917 957 reboare
948 924 1022 956 tua
1051 913 1230 956 tulimus
1264 927 1377 969 quae
1409 912 1601 954 carmina
1630 927 1736 954 cura

257 1031 354 1064 mixta
385 1030 425 1063 ad
455 1031 613 1077 disparem
642 1033 725 1078 (vel,
761 1034 789 1066 si
824 1035 944 1076 mavis,
984 1035 1042 1067 »ad
1070 1033 1215 1077 regulam

254 1094 463 1138 rhythmicam
497 1100 530 1127 et
560 1095 692 1128 mixtam
719 1096 917 1142 disparem«)
943 1102 1011 1129 tum
1041 1096 1136 1129 solita
1166 1107 1213 1135 οε,

255 1155 333 1201 quid
359 1156 412 1188 vel
427 1156 558 1199 jacente
578 1157 630 1190 vel
651 1158 763 1201 jugata
789 1159 875 1191 linea
900 1159 1046 1202 trigonus
1067 1164 1215 1191 recurvet

255 1219 458 1264 circulusque
489 1226 656 1265 torqueat,
688 1222 854 1265 melosque
883 1222 1021 1267 probare
1049 1234 1086 1254 ac
1117 1227 1212 1254 tonos

255 1287 287 1314 ct
309 1287 466 1314 crusmata
495 1288 644 1328 artesque
674 1289 805 1316 cunetas
831 1289 864 1316 ct
885 1296 938 1324 ea,
970 1296 1051 1329 quae
1074 1289 1213 1318 mentem

254 1356 365 1389 parare
391 1351 527 1389 possunt
548 1347 589 1378 ad
615 1347 679 1378 alta
705 1347 855 1380 coelitum
877 1348 1045 1381 culmina.«

329 1408 547 1454 BIpromene]
574 1410 661 1443 Huic
684 1412 799 1444 Musae
834 1417 1004 1455 utrumque
1037 1408 1213 1456 spectaculi

254 1483 373 1514 genus,
407 1477 471 1504 tam
502 1474 716 1515 tragoediam,
750 1487 845 1518 quam
875 1475 1072 1508 comoediam
1100 1480 1214 1507 noster

254 1534 406 1567 adscribit
430 1535 533 1579 (cons.
557 1535 651 1579 888)
683 1536 829 1568 similiter
855 1542 951 1582 atque
976 1536 1093 1570 Cicero
1119 1536 1212 1582 (orat.

251 1596 323 1639 51)
360 1596 399 1628 de
432 1596 622 1641 quibusdam
652 1598 826 1631 artificibus
855 1599 991 1633 scenicis
1020 1599 1210 1642 scripserat,

252 1659 287 1691 in
312 1665 450 1703 utroque
482 1672 599 1702 genere
629 1672 687 1693 eos
716 1661 889 1706 placuisse.
930 1661 1000 1695 Sed
1028 1661 1147 1693 rectius
1177 1661 1211 1702 ii,

254 1721 310 1764 qui
331 1721 554 1764 Melpomeuac
579 1721 774 1764 tragoediam
799 1728 921 1755 tantum
950 1723 1094 1755 tribuunt
1116 1723 1210 1767 (Hor.

254 1781 306 1814 od.
329 1783 360 1822 1,
385 1782 445 1824 24,
463 1782 487 1814 2
507 1788 540 1814 et
563 1784 596 1816 5.
624 1782 719 1816 ovid.
735 1790 792 1816 art.
812 1796 874 1818 am.
891 1786 926 1826 5,
952 1786 984 1826 1,
1010 1786 1067 1819 11.
1086 1783 1212 1816 Auson-

252 1845 326 1876 Eid.
346 1846 413 1886 20,
439 1847 472 1877 2.
499 1846 610 1890 Epigr.
632 1846 705 1879 Lat.
723 1849 755 1889 1,
784 1850 843 1882 75.
864 1861 896 1893 p.
915 1849 960 1881 51
981 1848 1092 1880 Burm.
1111 1847 1214 1882 Scho-

252 1906 337 1939 liast.
361 1907 400 1939 ad
420 1907 555 1942 Lucian.
579 1908 672 1950 imag.
694 1910 750 1941 16.
770 1910 811 1942 Τ.
835 1909 894 1943 VI.
920 1922 954 1954 p.
975 1910 1024 1943 20
1043 1910 1142 1954 Bip.).
1175 1909 1214 1942 In

254 1970 470 2002 monumentis
508 1970 603 2002 etiam
638 1970 939 2003 Herculanensibus
980 1972 1051 2014 ejus
1084 1971 1215 2014 imagini

255 2034 471 2079 subscriptum
490 2034 643 2077 legimus:
657 2033 1017 2071 MEAHOMENH
1030 2035 1214 2072 ΤΡΑΓΩ-

256 2094 396 2130 ΛῙΑΝ.
426 2096 526 2140 Quod
545 2097 814 2130 Mitscherlichius
833 2097 887 2142 (ad
905 2098 987 2129 Hor.
1006 2099 1058 2130 od.
1072 2099 1108 2131 4.
1123 2100 1156 2131 5.
1178 2098 1213 2143 1)

257 2158 386 2189 omnino
402 2158 532 2201 lyricam
552 2158 581 2190 ci
598 2158 714 2203 poesin
729 2158 852 2200 tribuit,
874 2160 1087 2203 etymologiae
1102 2160 1213 2204 potius

256 2222 288 2264 (a
301 2220 534 2265 μέλπεσθαι)
551 2234 646 2266 quam
669 2222 742 2254 usui
765 2228 908 2255 veterum
927 2224 1087 2257 convenit.
1101 2225 1214 2257 Mona-

258 2282 363 2316 censis
386 2283 494 2324 glossa
519 2284 574 2327 (E)
598 2290 734 2316 metrum
761 2285 886 2317 definit:
912 2287 1098 2319 »dimetrum
1121 2287 1211 2320 Jam-

257 2347 363 2378 bieum
385 2346 593 2379 Examctrum
616 2347 689 2393 (sic)
713 2349 906 2382 Dactilicum
927 2350 1103 2393 junctum.«
1146 2352 1210 2384 Ba-

258 2407 405 2440 sileeusis
425 2413 529 2440 autem
551 2415 704 2442 »metrum
718 2411 912 2454 Heroieum,
937 2413 988 2444 cui
1006 2414 1212 2455 subjunctum

258 2475 308 2501 cst
329 2469 496 2501 dimetrum
515 2469 722 2504 Jamhieum.«
755 2473 882 2506 Metrici
912 2474 1022 2507 dicunt
1045 2476 1208 2520 Pythiam-

258 2534 363 2566 hicum
386 2533 522 2578 primum
542 2533 636 2578 (Hor.
654 2536 747 2579 epod.
774 2537 819 2568 14
838 2543 871 2568 ct
891 2537 961 2581 15).

334 2594 440 2641 suem]
468 2595 665 2628 Teutonicus
688 2596 861 2641 interpres:
889 2600 937 2630 Ta
960 2600 1021 2631 bist
1044 2603 1132 2646 quen
1158 2601 1207 2646 (tu

260 2670 295 2690 cs
319 2657 422 2703 sueta)
446 2657 479 2690 in
511 2657 615 2692 scenis
644 2661 836 2704 zesinqenne
865 2660 920 2692 diu
947 2663 1030 2706 sang]
1059 2668 1127 2696 tero
1153 2674 1205 2708 qe-

1263 1034 1420 1066 scutohton
1453 1034 1645 1076 tragicorum
1673 1036 1731 1067 mit
1760 1034 1930 1067 coturnis«
1971 1034 2016 1066 Et
2050 1040 2218 1079 postquam

1264 1095 1499 1140 explicaverat,
1535 1096 1591 1140 qui
1621 1096 1685 1128 sint
1711 1096 1858 1128 cothurni
1888 1101 1920 1128 ct
1945 1108 2026 1140 quac
2050 1097 2091 1128 sit
2111 1108 2218 1137 scena,

1263 1157 1384 1202 pergit:
1416 1158 1528 1189 »Unde
1547 1160 1612 1188 άηα
1633 1158 1738 1189 luiben
1762 1158 1822 1189 da'z
1854 1158 1988 1190 lzesczilie
2019 1159 2094 1190 dero
2119 1158 2215 1190 comi-

1264 1231 1374 1252 corum
1401 1219 1446 1263 (et
1472 1219 1615 1250 indutam
1641 1230 1713 1251 csse
1741 1219 1920 1251 calceorum
1942 1231 2058 1261 genere
2081 1220 2216 1253 comico-

1262 1280 1377 1325 rum).u
1409 1280 1578 1312 Familiare
1603 1280 1708 1324 poetis
1731 1286 1814 1322 erat,
1843 1280 2023 1313 calceorum
2047 1282 2217 1324 generibus

1264 1345 1390 1377 diversa
1413 1343 1586 1376 carminum
1609 1356 1726 1386 genera
1753 1344 1916 1376 denotare.
1947 1345 1997 1377 Ita
2019 1344 2217 1389 Apollinaris

1264 1406 1420 1441 Sldonius
1442 1407 1548 1451 (epist.
1570 1409 1610 1448 8,
1639 1409 1696 1439 11.
1716 1420 1748 1451 p.
1763 1408 1835 1440 255
1864 1407 1988 1452 Sirm.):

1321 1471 1454 1504 »Soccos
1477 1470 1566 1514 ferre
1588 1483 1684 1510 eave,
1712 1483 1771 1503 nec
1792 1477 1828 1503 ut
1849 1472 1969 1504 solebat

1315 1535 1410 1569 Laxo
1430 1547 1487 1578 pes
1511 1540 1601 1566 natet
1620 1536 1706 1566 allus
1726 1536 1761 1566 ῐη
1785 1536 1950 1567 cothurno.

1313 1596 1380 1629 Sed
1405 1597 1485 1628 tales
1509 1597 1654 1640 crepidas
1681 1597 1780 1640 lt'yare
1802 1608 1881 1628 cura

1315 1658 1433 1700 Quales
1459 1658 1724 1700 IIa17talice.«—
1744 1677 1792 1682 ——-
1815 1675 1862 1680 —-

1261 1720 1433 1762 Virgilium
1459 1720 1555 1765 (Aen.
1581 1722 1620 1761 1,
1649 1720 1738 1764 517)
1769 1720 1821 1752 vel
1845 1721 2051 1765 Propertium
2076 1720 2130 1766 (2,
2157 1722 2217 1762 25,

1264 1783 1327 1828 41)
1350 1790 1462 1816 noster
1485 1790 1558 1816 ante
1588 1784 1699 1817 oculos
1726 1784 1878 1817 habuisse
1899 1784 2042 1817 videtur:
2068 1785 2220 1828 intelligit

1263 1845 1361 1888 igitur
1399 1846 1524 1879 calceos
1562 1846 1663 1886 leves,
1703 1846 1814 1890 quales
1847 1846 1979 1879 Thaliae
2013 1847 2218 1888 conveniunt,

1264 1907 1350 1940 unde
1387 1920 1404 1939 a
1433 1919 1518 1939 nona
1550 1908 1609 1939 hac
1637 1919 1784 1939 sororum
1822 1919 1856 1939 se
1887 1909 2117 1952 reprehensum
2145 1919 2218 1942 esse

1264 1971 1421 2004 Martialis
1438 1971 1486 2015 (8,
1511 1973 1546 2012 5,
1571 1970 1608 2015 9)
1633 1971 1743 2004 finxit:
1759 1971 1999 2015 Quinctilianus
2020 1977 2126 2004 autem
2144 1972 2217 2017 (10,

1265 2035 1300 2076 2,
1319 2035 1377 2066 22.
1396 2047 1427 2079 p.
1445 2035 1515 2067 150
1531 2033 1671 2079 Spald.)=
1688 2034 1787 2067 »Nam
1801 2035 1965 2068 comoedia
1978 2047 2044 2068 non
2054 2036 2218 2069 cothurnis

1264 2096 1418 2139 assurgit,
1442 2108 1502 2128 nec
1523 2102 1635 2129 contra
1663 2097 1827 2140 tragoedia
1856 2099 1982 2130 soeculo
2006 2097 2209 2140 ingreditur-,u

1339 2158 1483 2205 reboare]
1510 2160 1560 2192 Ita
1584 2161 1758 2193 Petronius
1781 2160 1936 2194 Afranius
1965 2161 2010 2205 (in
2031 2161 2142 2193 Burm.
2163 2171 2216 2193 an-

1262 2222 1340 2255 thol.
1362 2222 1432 2253 Lat.
1454 2223 1492 2254 T.
1510 2222 1535 2254 1.
1560 2234 1593 2266 p.
1617 2222 1694 2266 51):

1318 2284 1535 2327 »Itlelpomene
1556 2284 1695 2316 reboans
1724 2284 1855 2327 tropicis
1874 2282 2027 2326 fervescit
2050 2276 2174 2316 rumbis.

1260 2347 1310 2382 Ita
1330 2346 1498 2380 Ausonius
1517 2347 1623 2392 (Idyll.
1646 2347 1713 2387 20,
1737 2346 1789 2390 2)=

1319 2413 1535 2454 „Melpomene
1559 2413 1681 2455 tmyieo
1702 2410 1879 2454 proclamat
1899 2415 2019 2442 moesta
2040 2410 2149 2445 boatu.
2159 2427 2169 2439 κ

1259 2474 1356 2508 Adde
1378 2487 1460 2519 quae
1488 2475 1617 2518 copiose
1647 2474 1686 2506 de
1712 2475 1774 2506 hoc
1801 2475 1899 2506 verbo
1924 2474 2076 2506 disseruit
2091 2475 2214 2508 Macro·

1256 2537 1328 2570 hius
1353 2537 1407 2581 (in
1436 2536 1599 2569 Saturnal.
1618 2536 1658 2576 (3,
1686 2535 1733 2579 4).
1760 2535 1976 2569 Cassiodorus
2005 2542 2110 2569 autem
2133 2536 2214 2581 (var.

1256 2602 1296 2642 4,
1324 2602 1381 2632 51.
1408 2612 1438 2644 p.
1463 2600 1509 2631 '72
1530 2599 1642 2643 Garn.)
1670 2598 1839 2632 discrimen
1857 2600 1940 2631 inter
1968 2600 2162 2643 tragoediam
2183 2607 2215 2633 ct

1257 2664 1455 2698 comoediam
1470 2664 1745 2696 demonstraturus
1762 2663 1806 2695 ita
1819 2663 2000 2706 distinguit:
2017 2664 2216 2705 »Tragoedia
