2310 2860
696 159 896 202 Martiani
927 157 1126 215 Capellae
1155 157 1227 198 lib.
1257 157 1354 199 VII.
1392 159 1423 209 §.
1448 157 1552 197 740.
2017 155 2105 196 ἒίξίέὶ

144 272 304 314 faciunt
334 269 478 326 viginti
506 277 682 325 septem.
714 268 820 309 Item
853 267 999 308 tertius
1022 264 1181 318 cubus,
1211 265 1287 320 qui
1319 279 1342 306 a
1373 263 1532 306 tetrade
1564 263 1698 314 venit,
1729 262 1770 304 id
1802 271 1862 304 est
1889 262 2105 317 sexaginta

144 363 353 409 quatuor;
413 367 513 394 nam
554 361 704 407 quater
746 351 942 406 quaterni
980 359 1079 390 sunt
1117 347 1326 398 sedecim,
1371 346 1452 386 hoe
1483 355 1634 400 quater
1664 345 1879 401 sexaginta
1918 352 2106 399 quatuor

146 435 273 487 fiunt,
319 445 358 477 et
392 435 462 476 hie
500 450 552 475 ex
582 434 819 489 imparibus
861 442 1072 487 quatuor,
1120 431 1196 486 qui
1232 429 1475 485 superiores
1505 437 1769 483 sequuntur,
1818 426 1859 467 id
1895 435 1975 477 est,
2019 435 2106 466 tre-

145 511 307 569 decim,
352 517 620 573 quindecim,
665 516 972 572 septendecim,
1003 512 1285 569 undeviginti,
1328 509 1438 552 fiunt
1472 509 1600 551 simul
1640 509 1854 564 sexaginta
1895 517 2105 563 quatuor3

148 608 188 640 et
217 599 275 639 sic
305 614 452 640 omnes
482 598 581 638 cubi
610 613 686 653 per
717 598 950 653 imparium
984 597 1245 639 incrementa
1275 594 1554 635 inveniuntur
1584 593 1650 634 sui
1682 591 1889 632 duntaxat
1917 589 2104 630 numeri.

148 679 258 721 Sane
292 679 361 719 hic
399 678 637 719 octonarius
672 678 808 718 cubus
840 678 894 718 ita
927 677 1121 718 omnium
1161 675 1376 716 cuborum
1420 675 1586 729 primus
1622 681 1701 723 est,
1755 681 1803 711 ut
1833 686 1980 711 monas
2012 685 2109 710 om-

148 762 269 803 niun]
314 775 611 802 numerorum.

150 842 243 884 ideo
276 842 437 898 Cybele
466 842 724 883 nominatur.

687 759 836 800 Cubus
876 769 1017 800 autem
1058 757 1196 800 omnis
1235 756 1363 796 etiam
1402 754 1529 796 matri
1568 753 1698 794 defun
1738 752 1960 803 tribuitur,
2006 766 2107 793 nam

924 1020 1003 1061 DE
1045 1017 1341 1060 ENNEADE.

321 1138 490 1180 Enneas
525 1153 703 1194 quoque
746 1139 932 1194 perfecta
971 1147 1051 1189 est,
1097 1147 1136 1178 et
1172 1136 1397 1192 perfectior
1427 1134 1604 1185 dicitur,
1654 1133 1861 1188 quoniam
1899 1147 1952 1172 ex
1981 1130 2116 1172 triade
2144 1128 2228 1169 741

152 1221 337 1277 perfecta
368 1221 508 1261 forma
547 1221 637 1274 ejus
668 1220 947 1275 multiplicata
987 1218 1227 1275 perficitur3
1279 1217 1432 1260 deinde
1475 1217 1593 1272 quod
1638 1216 1767 1272 primi
1804 1229 1953 1257 versus
1983 1213 2110 1255 finem

223 1351 321 1398 fiunt]
347 1351 376 1384 E
400 1353 512 1385 codice
533 1353 721 1385 monacensi
749 1352 825 1396 (A)3
858 1364 955 1396 prave
982 1352 1015 1383 in
1043 1351 1107 1382 edi-

153 1415 194 1446 tis
215 1415 261 1458 fit.

228 1477 357 1524 Cybele]
380 1478 539 1519 Solidum,
562 1478 647 1510 unde
662 1478 796 1522 Cybele.
818 1478 905 1509 Nihil
925 1477 1008 1509 enim
1026 1482 1110 1508 terra

155 1542 299 1575 solidius,
318 1543 449 1575 Gnosm
474 1543 559 1587 (cod.
583 1544 670 1575 Mon.
691 1543 802 1585 B).—
832 1542 945 1573 Codex
975 1540 1111 1572 Reiche-

154 1605 305 1636 naucnsis
327 1606 450 1648 Cybebe
476 1606 624 1637 sollemni
640 1605 801 1636 varietate.
828 1604 890 1634 Rei
915 1603 1015 1646 ipsius
1039 1602 1110 1632 fons

156 1668 239 1710 apud
270 1667 440 1699 Platonem
470 1668 566 1711 (Tim.
592 1681 623 1711 p.
643 1667 703 1710 55)
727 1666 929 1711 quaerendus
958 1669 1022 1705 est,
1057 1662 1113 1707 qui

155 1734 273 1768 terrae,
297 1741 393 1772 quam
411 1730 519 1760 matris
534 1730 666 1761 deorum
682 1729 811 1761 nomine
829 1727 1020 1772 appellatam
1039 1737 1112 1757 esse

157 1798 298 1832 constat,
339 1793 482 1825 eubicam
520 1794 654 1824 formam
689 1792 879 1834 assignavit3
921 1790 1115 1823 eonferenda

158 1859 263 1884 tamen
286 1855 461 1886 acutissimi
488 1842 643 1887 Boeo-miii
667 1855 831 1886 annotatio
861 1853 913 1897 (in
940 1864 1051 1883 comm.
1075 1852 1113 1882 dc

158 1917 241 1948 Plat.
259 1929 344 1960 corp.
357 1918 464 1949 mund.
478 1919 556 1949 fabr.
574 1931 604 1961 p.
617 1918 695 1960 51)2
712 1918 967 1948 »Tiedemannus
986 1916 1115 1958 quidem

159 1980 205 2024 (in
237 1980 392 2012 Graeciae
429 1981 659 2025 antiquissimis
690 1980 890 2024 philosophis
925 1992 955 2022 p.
977 1980 1050 2011 458
1076 1990 1117 2009 cx

158 2043 354 2075 Nicomacho
377 2043 461 2086 apud
481 2043 575 2074 Phot.
600 2042 675 2073 bibl.
700 2043 782 2085 187)
798 2041 1044 2085 Pythagoricum
1061 2041 1116 2071 ho-

160 2118 229 2138 rum
252 2112 504 2138 commentorum
522 2107 676 2148 originem
694 2107 912 2138 demonstrare
931 2105 1004 2137 inde
1025 2116 1118 2136 cona-

162 2174 228 2209 tur,
254 2169 341 2212 quod
358 2181 430 2200 cum
448 2169 662 2212 mythologica
679 2170 956 2212 Pythagoreorum
975 2166 1119 2199 doctrina

164 2230 203 2261 de
230 2231 371 2261 numeris
401 2230 620 2272 consentiant,
657 2231 757 2262 veluti
789 2243 886 2274 quum
914 2230 1016 2261 cubus
1047 2234 1118 2261 octo

165 2294 298 2335 angulos
324 2294 443 2326 habens
470 2300 554 2326 terra
578 2300 643 2335 est,
678 2307 830 2327 numerus
861 2300 967 2326 antem
991 2299 1120 2325 octona-

165 2357 231 2389 rius
250 2357 373 2400 Cybele
391 2358 584 2401 appelletur,
606 2379 652 2384 —
669 2371 778 2391 verum
799 2359 871 2402 quis
894 2359 1028 2390 obsecro
1049 2368 1122 2401 spo-

166 2420 324 2465 ponderit,
343 2421 478 2464 mythice
493 2422 571 2455 haee
586 2435 788 2455 numerorum
807 2428 1018 2466 cognomenta
1038 2421 1122 2465 apud

168 2483 316 2526 antiquos
343 2488 374 2514 et
399 2483 575 2527 primitivos
598 2485 828 2528 Pythagoricos
852 2487 918 2529 jam
946 2483 1122 2517 obtinuisse

169 2558 271 2591 neque
294 2547 420 2577 demum
441 2559 459 2578 a
481 2547 692 2589 Nicomacho,
718 2550 884 2591 ingenioso
909 2549 1002 2582 nimis
1026 2559 1123 2589 nuga-

171 2616 238 2642 tore
246 2633 255 2650 ‚
282 2609 329 2641 im
337 2616 411 2641 euta
433 2622 503 2642 esse
510 2612 542 2642 ‘lu

1230 1350 1403 1394 perfectior
1423 1348 1553 1393 dicitur]
1587 1349 1676 1390 Lego
1699 1348 1862 1391 perfectio.
1893 1349 1944 1380 De
1973 1347 2115 1379 enneade

1159 1413 1235 1444 talia
1258 1414 1357 1444 habes
1392 1413 1475 1456 apud
1507 1413 1724 1451 Phurnutmu,
1764 1412 1817 1442 ubi
1847 1413 1885 1443 de
1908 1411 2012 1443 Musis
2039 1411 2117 1451 agit:

1161 1473 1274 1510 ἐννέα
1290 1473 1331 1509 δὲ
1349 1471 1419 1509 εἰσὶ
1437 1471 1500 1508 διὰ
1521 1470 1565 1508 τὸ
1580 1469 1853 1518 τετραγώνους
1873 1470 1928 1512 ὥς
1944 1471 2042 1519 φησὶ
2059 1484 2117 1510 τις

1161 1536 1374 1579 (Simonidem
1402 1536 1506 1567 innuit
1535 1541 1569 1566 ut
1602 1536 1691 1578 puto)
1726 1532 1790 1567 καὶ
1822 1533 2034 1580 περὶ-[τους
2063 1534 2120 1577 (ita

1162 1598 1246 1630 euim
1267 1598 1351 1638 lego,
1369 1609 1435 1628 non
1459 1595 1659 1642 περίττου)
1682 1592 1954 1641 προςήκοντας
1980 1592 2120 1634 ceram

1162 1658 1389 1696 ἀποτελεῖν·
1416 1660 1596 1698 τοιοῦτος
1621 1656 1695 1705 γάρ
1724 1660 1828 1693 ἐστιν
1853 1655 1874 1692 ὁ
1898 1658 1978 1693 τῶν
2007 1657 2119 1694 ἐννέα

1163 1720 1330 1770 ἀριθμὸς
1370 1718 1651 1764 συνιστάμειυς
1690 1717 1788 1755 κατὰ
1827 1717 1871 1754 τὸ
1905 1719 1966 1767 ἐφ’
1999 1716 2121 1754 αὑτὸν

1162 1787 1396 1834 γεννᾶσθαι,
1433 1783 1498 1820 καὶ
1524 1782 1569 1819 τὸ
1601 1784 1672 1819 τοῦ
1697 1781 1859 1831 πρώτου
1888 1783 1960 1829 τῆς
1987 1780 2121 1818 τελειό-

1164 1863 1283 1898 τητος
1310 1845 1409 1884 κατά
1432 1861 1542 1889 τινας
1568 1847 1750 1893 μετέχειν
1773 1846 1916 1883 ὃοκοῦν
1938 1843 2119 1893 [ἷριθμοῦ,

1166 1926 1247 1958 quae
1262 1913 1339 1944 mire
1357 1913 1396 1943 ad
1409 1912 1502 1954 hujus
1519 1911 1657 1943 auctoris
1673 1911 1907 1955 expositionem
1921 1910 2050 1942 faciunt.
2060 1910 2122 1942 Ga.

1168 1978 1301 2010 -—-Vidc
1317 1977 1586 2020 Galeum(opnsc.
1605 1989 1633 2019 p.
1646 1976 1737 2018 157).
1758 1975 1825 2007 Sed
1845 1975 1949 2007 Grotii
1965 1974 2120 2006 correctio

1169 2039 1347 2071 necessaria
1365 2050 1429 2070 uon
1445 2044 1510 2077 est,
1544 2044 1579 2069 ut
1598 2050 1638 2069 ex
1657 2043 1732 2069 nota
1749 2037 1895 2081 sequenti
1918 2037 2094 2081 apparebit.

1242 2099 1402 2145 peffccta]
1436 2100 1554 2132 Inscite
1579 2100 1676 2141 vulgo
1702 2099 1819 2141 legitur
1843 2111 1902 2131 nex
1924 2099 2025 2130 triade
2050 2110 2119 2142 per-

1168 2165 1250 2195 fecta
1271 2164 1398 2194 sermm«
1442 2162 1557 2194 Dicere
1577 2161 1661 2193 enim
1687 2162 1756 2193 vult
1777 2161 1966 2206 triplicatam
1988 2160 2120 2192 triadem

1169 2229 1254 2259 hune
1278 2226 1448 2258 terminum
1472 2225 1565 2269 primi
1588 2237 1700 2257 versus
1721 2226 1834 2256 faeere.
1859 2225 1948 2266 Lego
1970 2235 2027 2267 pro
2050 2235 2120 2266 per-

1166 2291 1255 2336 fecta
1280 2290 1387 2335 potius
1413 2295 1462 2321 ter
1483 2289 1581 2333 saeta.
1598 2289 1724 2320 Bmmx.
1748 2289 1806 2332 (ad
1836 2287 1933 2320 Statii
1957 2286 2058 2318 Theb.
2080 2287 2120 2325 4,

1173 2354 1324 2395 451).-—
1341 2352 1513 2393 Vulgatam
1527 2348 1650 2383 'retinui
1669 2351 1812 2383 codicum
1829 2349 1968 2381 omnium
1989 2348 2123 2381 auctori-

1174 2421 1237 2448 tate
1258 2415 1422 2446 firmatam.
1444 2413 1534 2444 Nihil
1554 2413 1639 2444 aliud
1663 2413 1730 2444 xult
1752 2411 1946 2449 Martiaan
1971 2410 2033 2442 nisi
2052 2423 2123 2454 per-

1171 2478 1337 2522 fectiorem
1355 2487 1427 2508 esse
1451 2475 1584 2515 debere,
1612 2487 1692 2518 quae
1718 2486 1758 2505 ex
1781 2473 1881 2504 triade
1894 2473 1962 2514 jam
1981 2472 2125 2516 perfecta

1175 2554 1232 2586 per
1257 2538 1553 2583 multiplicationem
1579 2537 1644 2568 sive
1680 2535 1882 2567 collationem
1911 2535 1959 2578 (v.
1987 2534 2015 2579 ἓ.
2039 2537 2124 2579 757)

1177 2606 1304 2638 oriatur.
1342 2604 1429 2636 Hine
1454 2602 1706 2647 perfectissinms
1739 2599 1853 2631 dicitur
1875 2599 2016 2631 LXXXI
2042 2601 2125 2644 apud

1641 2661 1687 2691 75
1711 2657 1733 2683 ’ῖς
