2310 2860
652 161 851 204 MartIani
882 161 1081 218 Capellae
1110 162 1181 203 lib.
1207 161 1286 202 IX.
1316 165 1346 214 ᾗ.
1372 163 1473 205 985.
1957 165 2039 206 761

89 281 192 312 vero
213 269 380 322 dicitur,
410 271 486 326 qui
509 270 825 326 quaternariam
851 284 935 309 non
959 268 1097 309 solum
1118 268 1340 309 elationem
1363 269 1434 310 sed
1453 270 1699 325 positionem
1725 272 1850 312 etiam
1873 270 2040 319 videtur

88 349 320 393 admittere.
350 352 431 394 Per
453 352 650 408 copulam
673 365 774 392 vero
793 349 982 404 duplices
1007 348 1213 389 accedunt
1234 350 1417 400 numeri,
1449 351 1654 405 quoniam
1682 351 1784 392 alter
1803 366 1854 392 ex
1877 352 2040 405 majore

88 433 165 474 erit
194 433 355 485 ionico,
391 434 495 475 alter
527 448 579 474 ex
611 433 798 484 minore3
839 440 966 485 atque
997 429 1088 480 ille,
1121 430 1195 484 qui
1227 445 1278 470 ex
1310 430 1474 482 majore
1507 431 1715 486 procedit,
1754 433 1956 473 constabit
1986 447 2038 475 ex

86 512 273 567 spondeo
312 513 493 569 simplici
532 513 600 554 vel
640 511 1038 568 proceleusmatico,
1095 525 1226 565 quem
1259 511 1470 552 disemum
1505 528 1592 553 esse
1623 528 1706 553 non
1737 513 1919 554 dubium
1952 523 2033 566 est;

87 593 163 647 qui
194 608 297 635 vero
328 610 381 636 ex
412 595 576 635 minore
615 603 695 644 est,
737 594 996 634 contrarium
1028 592 1138 633 facit.
1196 592 1338 647 Atque
1369 592 1412 632 hi
1445 592 1619 647 quidem
1649 593 1690 634 in
1722 593 1928 648 dactylico
1961 608 2034 648 ge-

84 688 187 716 nere
226 685 439 731 ponentur
469 674 663 730 rhythmi
692 674 959 728 incompositi
991 689 1038 714 ao
1080 673 1320 728 compositi,
1369 673 1443 727 qui
1482 683 1642 729 septem
1675 688 1858 715 numero
1890 688 2036 715 omnes

85 766 222 797 erunt.
280 757 487 812 Dactylus
517 758 642 812 igitur
673 765 732 796 est
761 755 916 806 dictus,
958 756 1059 811 quia
1094 755 1286 796 ordinem
1319 753 1587 808 syllabarum
1621 754 1880 795 consimilem
1912 753 2039 810 digito
2066 753 2157 798 984

85 835 270 878 hominis
300 838 524 890 insorinat3
570 847 819 893 anapaestus
859 851 980 887 vero,
1028 836 1127 890 quia
1161 848 1237 891 per
1273 832 1466 873 ordinem
1498 832 1642 874 redeat
1679 847 1874 886 sursum3
1931 849 2036 889 pyr-

85 916 276 958 rhichius
310 932 436 969 vero,
467 917 509 959 id
541 928 600 959 est
630 917 1050 974 proceleusmaticus,
1086 917 1187 971 quia
1219 915 1287 956 hic
1317 915 1509 957 assiduus
1536 916 1605 957 vel
1635 916 1677 956 in
1709 917 1936 957 certamine
1968 918 2037 959 vel

85 997 130 1039 in
160 997 263 1039 ludo
295 998 485 1053 quodam
517 999 692 1054 puerili,
731 998 966 1054 spondeus,
999 997 1101 1053 quia
1132 997 1390 1052 plerumque
1421 1004 1610 1042 σπονδαῖς
1642 997 1831 1050 inservit,
1875 998 2037 1038 ionicus

85 1093 184 1119 sane
215 1088 388 1134 propter
418 1094 702 1120 numerorum
733 1080 1002 1134 inaequalem
1034 1093 1209 1131 sonum3
1240 1079 1368 1120 habet
1399 1080 1509 1120 enim
1535 1079 1641 1120 duas
1671 1079 1814 1135 longas
1841 1079 2036 1134 duasque

89 1169 322 1216 correptas,
366 1174 453 1216 quo
483 1161 645 1218 pedum
677 1161 865 1202 carmine
901 1161 1024 1202 multi
1057 1175 1182 1217 saepe
1217 1160 1466 1217 reprehensi
1496 1169 1607 1203 sunt.

744 1320 823 1361 DE
861 1319 1112 1360 IAMBICIS
1152 1317 1383 1359 METRIS.

254 1424 369 1465 Haec
395 1425 447 1466 de
476 1425 651 1480 dactylis
677 1425 793 1466 satis:
818 1439 932 1465 nunc
961 1424 1143 1464 iambica
1169 1435 1482 1473 memoremus;
1512 1421 1555 1462 in
1580 1434 1667 1475 quo
1695 1435 1848 1476 genere
1870 1423 2041 1463 numeri
2070 1421 2156 1464 985

84 1504 348 1559 incompositi
379 1514 498 1546 erant
528 1515 733 1560 quatuor,
777 1505 994 1560 compositi
1025 1519 1101 1560 per
1133 1501 1331 1556 copulam
1365 1499 1473 1550 duo,
1510 1509 1676 1540 atvero
1707 1514 1782 1554 per
1812 1500 2040 1554 periodum

85 1594 183 1627 sunt
222 1585 466 1627 duodecim.
538 1586 627 1636 Qui
666 1585 792 1641 igitur
830 1584 1097 1640 incompositi
1136 1591 1278 1633 erant,
1330 1581 1394 1622 isti
1428 1590 1549 1621 sunt:
1580 1580 1750 1621 iambus
1782 1596 1832 1621 ex
1864 1580 2038 1624 dimidia

85 1715 182 1748 verbo
198 1716 316 1758 »major
330 1727 405 1748 vero
422 1716 566 1747 ‹licitur-‚n
580 1716 720 1747 thon.
731 1733 778 1739 --
793 1714 864 1757 Ego
877 1714 1036 1756 vulgatam
1089 1712 1191 1756 capite
1206 1717 1278 1743 ante
1290 1709 1402 1743 oeulos
1419 1708 1530 1741 hahuit
1543 1714 1663 1748 noster,
1684 1720 1807 1749 vocem,
1826 1721 1919 1753 qnam
1937 1710 2039 1741 voluit

84 1777 209 1810 retinui.
236 1779 389 1811 Ceterum
406 1778 516 1811 confer
532 1776 669 1811 Godol'i·.
687 1777 907 1809 Hermannum
929 1777 1034 1820 (elem.

85 1845 176 1874 metr.
202 1853 232 1884 p.
252 1841 323 1883 18).

157 1900 280 1946 ionico]
307 1901 408 1933 Immo
433 1903 565 1933 ionicus.
607 1899 734 1932 Pal-iter
758 1899 839 1930 infra
864 1897 1034 1939 legendnm

91 1964 255 2008 nspondeo
271 1962 406 2008 simplici
420 1968 451 1995 et
466 1961 787 2007 proceleusmatico«,
813 1960 919 2005 inepte
939 1960 1033 2001 vulgo

83 2027 146 2061 vel.

157 2085 321 2132 dactylus]
365 2086 417 2119 De
452 2085 548 2127 hujus
584 2084 723 2117 nominis
764 2089 797 2116 et
831 2082 1032 2127 sequentium

85 2155 191 2194 etymo
218 2149 291 2181 vide
319 2147 496 2180 Aristidem
521 2141 774 2189 Quinctilianiim
799 2146 843 2189 (p.
861 2147 909 2178 5⁷
930 2151 962 2176 et
982 2145 1031 2176 48

83 2212 196 2256 Meib.)
213 2217 246 2243 et
260 2211 418 2243 Isidorum
434 2209 480 2254 (in
500 2215 594 2252 etym.
616 2210 654 2249 1,
680 2210 742 2249 17,
764 2208 805 2249 25
829 2220 859 2252 p.
877 2208 925 2239 24
941 2218 1030 2250 sequ.

83 2276 206 2319 Ama).

158 2341 345 2386 plermnque
368 2335 578 2382 σπονδαῖς]
617 2335 747 2369 Omissa
775 2347 794 2368 a
822 2332 1031 2377 negligentio-

84 2404 172 2436 ribus
196 2402 332 2435 librariis
354 2413 417 2433 vox
444 2400 584 2440 Graeca,
606 2405 642 2432 ut
665 2411 770 2444 saepe.
804 2399 917 2443 ltaque
943 2398 1033 2440 lego:

93 2468 300 2504 ιόπὈνὸαῑς
322 2466 501 2511 plerunque
520 2463 780 2495 inseruit.Gno·i-.
797 2481 843 2486 -
871 2461 1032 2493 Aristides

85 2530 128 2574 (p.
148 2529 227 2571 57)=
254 2527 487 2566 »Σπονὸεἴος
516 2522 579 2562 διὰ
598 2521 644 2560 τὸ
667 2525 709 2561 ἐν
734 2529 823 2564 ταῖς
845 2526 1034 2562 σπονδαῖς

85 2589 206 2628 αὐτὸν
229 2588 423 2641 ᾄὸεόθαι.υ
471 2589 523 2622 Ex
554 2601 593 2623 eo
620 2588 732 2632 igitur,
761 2600 855 2633 quem
877 2593 944 2620 toto
971 2588 1034 2621 hoe

1089 1773 1238 1812 Grotius,
1269 1771 1400 1805 inserui.
1433 1771 1534 1803 Miror
1551 1770 1757 1803 Meibomium
1778 1771 1927 1801 mendum
1948 1783 2038 1814 pror-

1088 1850 1142 1869 sus
1166 1849 1232 1869 non
1256 1836 1384 1867 vidisse.
1412 1835 1564 1867 Ceterum
1582 1833 1716 1866 Grotius
1737 1846 1902 1878 perperam
1921 1835 2038 1879 ubique

1084 1901 1274 1945 Spomlaeus
1298 1899 1414 1938 edidit,
1443 1898 1518 1930 licet
1540 1897 1664 1929 Graeca
1683 1908 1744 1928 vox
1763 1897 1803 1928 sit
1820 1899 2035 1937 σπονδεῖος,

1157 1960 1307 2005 Ionicus]
1334 1959 1494 1991 Aristides
1530 1958 1579 2002 (p.
1597 1959 1663 2001 57)
1690 1954 1871 1997 »Ἰωνικὸς
1900 1955 1963 1992 διὰ
1992 1956 2036 1993 τὸ

1085 2021 1156 2057 τοῦ
1189 2019 1348 2069 ῥυθμοῦ
1382 2015 1586 2067 φορτικὸν,
1621 2018 1681 2066 ἐφ’
1706 2011 1736 2065 ᾧ
1767 2016 1831 2053 καὶ
1860 2020 1897 2054 οἱ
1911 2016 2035 2058 Ἴωνες

1085 2081 1415 2132 ἐκωμῳὸήθησαν.
1424 2098 1436 2112 «ι

1156 2147 1357 2189 incompositi
1377 2141 1489 2188 erant]
1523 2142 1661 2175 Codices
1684 2141 1888 2175 Monacensis
1913 2142 1978 2186 (C)
2002 2149 2033 2174 et

1083 2208 1348 2242 Darmstattensis
1370 2207 1421 2239 hic
1442 2212 1475 2239 et
1495 2206 1626 2238 inferius
1649 2205 1755 2250 inepte
1774 2211 1902 2244 em·ant3
1927 2211 2033 2236 tamen

1082 2284 1142 2305 nee
1158 2273 1285 2314 vulgata
1301 2271 1423 2315 placet,
1451 2275 1546 2313 atque
1565 2269 1651 2301 hand
1670 2269 1736 2300 scio
1756 2280 1796 2300 an
1817 2267 1930 2299 melius
1950 2268 2032 2299 soret

1082 2340 1194 2374 erunt,
1225 2339 1261 2365 ut
1282 2345 1377 2378 supra
1400 2331 1442 2376 (§
1453 2331 1540 2376 981)
1561 2333 1768 2364 vocabuntur.

1157 2397 1294 2428 elatione
1309 2401 1341 2426 et
1356 2392 1527 2439 positione]
1553 2392 1699 2437 Apparet
1718 2397 1861 2423 nostrum
1881 2393 1960 2424 haee
1976 2404 2030 2424 vo—

1084 2459 1197 2491 cabula
1221 2470 1306 2490 nune
1334 2457 1491 2490 contraria
1516 2461 1674 2501 potestate
1700 2454 1858 2499 accipere,
1882 2461 1918 2486 ut
1936 2468 2030 2499 quam

1084 2534 1144 2554 nos
1166 2523 1291 2561 thesin,
1311 2522 1499 2559 elationem,
1524 2531 1617 2564 quam
1637 2529 1696 2549 nos
1715 2519 1822 2557 arsin,
1842 2520 2030 2561 positionem

1084 2586 1185 2628 dicat-3.
1211 2597 1273 2631 qua
1286 2585 1325 2617 de
1340 2595 1375 2617 re
1388 2584 1432 2616 ita
1447 2583 1580 2617 Godofr.
1594 2582 1798 2613 normannus
1812 2580 1915 2626 (elem.
1932 2582 2028 2615 doctr.

1583 2644 1629 2675 96
