2310 2860
668 171 865 213 Martiani
898 170 1095 225 Capellae
1126 170 1196 212 lib.
1227 170 1300 212 vl.
1340 171 1371 220 ᾗ.
1395 170 1495 213 622.

1992 174 2020 216 Cle

2025 173 2079 216 Ξῖ

751 327 830 369 DE
869 325 1170 369 DIVISIONE
1211 326 1462 370 TERRAE.

297 436 523 476 Ostensum
566 445 668 490 puto
708 434 913 475 ambitum
955 432 1183 487 superioris
1221 441 1357 473 terrae
1395 445 1618 487 permenso
1649 432 1692 473 in
1724 434 1931 477 circulum
1965 436 2076 478 mari
2103 434 2194 478 622

128 514 445 569 undiquesecus
480 515 751 569 navigatum3
788 526 902 554 nunc
931 511 1062 566 ipsius
1094 510 1343 552 divisionem
1374 521 1512 554 terrac
1544 522 1756 568 quantum
1786 517 1941 570 patitur
1973 531 2072 559 suc-

128 594 261 634 cincta
290 594 570 635 insinuatione
607 593 873 638 memorabo.

932 592 1128 633 Circulus
1159 595 1296 634 omnis
1325 608 1505 649 superae
1541 594 1868 652 habitabilisque
1898 596 2074 649 telluris,

127 676 234 716 sicut
263 675 457 730 plerique
489 685 713 726 testantur,
743 675 785 715 in
816 683 899 715 tres
929 683 1069 730 partes
1100 683 1159 715 est
1187 673 1453 715 distributus:
1484 675 1729 732 Europam,
1760 677 1927 730 Asiam,
1957 677 2074 719 Afri-

127 771 334 812 camque,
380 767 569 811 quarum
609 757 796 812 primam
831 764 958 810 atque
992 754 1189 795 ultimam
1221 756 1471 812 interruptio
1509 756 1701 813 dispescit
1733 757 1905 800 Oceani.

127 838 319 878 Atlantici
351 837 552 893 profundi
588 852 640 878 cx
671 836 881 877 Gaditano
911 835 1016 878 sreto
1052 836 1114 876 vis
1137 835 1388 877 intersecans
1421 836 1636 891 profunda
1664 838 1825 879 telluris
1856 839 2075 894 Lybicum

126 915 250 957 Ibero
282 917 389 957 latus
422 916 595 957 abscidit
624 926 663 957 et
692 916 910 957 confestim
941 931 984 957 se
1013 917 1054 957 in
1086 917 1318 972 propinqui
1348 917 1477 958 maris
1508 917 1666 959 fluenta
1696 917 1883 970 diffudit3
1914 918 2077 974 quippe

129 1012 152 1038 a
181 998 391 1039 Gaditano
431 998 534 1039 ostio
571 998 613 1039 in
653 998 890 1053 ingressum
929 997 1136 1039 interioris
1176 997 1305 1038 maris
1345 1012 1422 1053 per
1462 999 1767 1055 longitudinem
1813 1013 1961 1040 cursus
2004 999 2074 1040 vix

125 1174 242 1195 nomen
274 1163 402 1197 deducit
434 1165 473 1196 ab
505 1164 655 1197 Hebraea
683 1175 761 1198 voce
790 1164 940 1208 Saplmn,
973 1164 1006 1196 id
1031 1170 1081 1197 est

126 1226 312 1266 cuniculus,-
343 1226 425 1257 unde
453 1226 583 1269 Spart-yn
608 1225 687 1258 nihil
714 1226 800 1258 aliud
826 1226 885 1259 erit
910 1238 1003 1269 quam
1027 1238 1078 1259 cu-

125 1288 269 1319 uiculosa
291 1287 395 1329 regio,
424 1287 510 1330 quod
533 1287 697 1330 epitheton
723 1287 817 1319 ctiam
839 1288 988 1320 Catullus
1013 1299 1079 1319 car-

126 1350 209 1382 mine
234 1349 281 1380 x}
307 1349 361 1380 dat
386 1350 593 1383 Celtiberiae.
619 1350 740 1382 Cuma.
759 1350 935 1393 (Harpocr.
959 1363 988 1393 p.
1008 1351 1080 1393 65).

129 1432 175 1436 —
193 1412 350 1456 Spaniam
377 1425 472 1456 saepe
491 1418 523 1444 et
540 1413 805 1444 Darmstattensis
827 1413 928 1445 codex
950 1413 1082 1456 praebet

127 1488 184 1520 pro
204 1478 384 1519 lIispmzia5
411 1476 506 1507 immo
531 1482 563 1508 et
580 1475 767 1508 Athenaeus
785 1476 859 1520 (M,
883 1476 946 1515 ‘753
968 1476 1080 1520 p.657

125 1540 146 1570 f.
167 1538 320 1581 casaub.)
347 1538 529 1573 Σπανίαν
553 1539 638 1570 dicit.

203 1608 275 1645 post
301 1608 408 1645 captos
432 1600 549 1646 Indos]
586 1601 684 1633 Ilaud
716 1601 810 1633 dubie
842 1606 1011 1644 corruptus
1031 1600 1083 1633 hic

126 1664 216 1696 loeus
235 1669 301 1704 est,
328 1663 404 1706 qujd
424 1662 484 1693 sibi
504 1663 640 1695 voluerit
656 1663 846 1703 Martianus,
870 1662 1005 1703 intelligi
1025 1673 1083 1705 po-

126 1733 190 1759 test
223 1726 274 1759 vel
306 1738 323 1758 e
356 1726 464 1758 Plinio
498 1726 551 1770 (2,
579 1726 640 1769 67)
672 1726 723 1758 vel
750 1737 766 1758 e
791 1725 971 1769 Pomponio
996 1725 1083 1758 Mela

127 1788 179 1831 (5,
207 1789 228 1820 5
252 1788 301 1831 Ii),
335 1788 390 1831 qui
416 1789 499 1819 'haee
530 1793 651 1819 narrat:
679 1787 869 1819 »Cornelius
895 1787 1023 1830 Nep05,
1047 1792 1084 1818 ut

127 1851 286 1882 recentior
315 1855 441 1890 auctor,
470 1851 514 1882 ita
539 1851 672 1891 certior3
706 1856 821 1881 testem
846 1855 949 1880 autem
970 1850 1018 1881 rei
1040 1849 1084 1892 Q.

128 1911 296 1945 Metellum
311 1910 460 1943 Celerem
480 1911 588 1952 adjicit
612 1922 747 1954 eumque
769 1911 813 1942 ita
831 1910 979 1942 retulisse
998 1922 1082 1942 com·

128 1976 295 2004 memorat:
317 1982 415 2015 quum
440 1971 556 2004 Galliis
578 1983 636 2014 pro
661 1971 805 2004 Consule
826 1976 1005 2014 praeesset,
1031 1971 1085 2002 In-

129 2037 187 2067 dos
219 2034 375 2078 quosdem
407 2047 425 2066 a
454 2045 529 2076 rege
556 2035 732 2065 Raetorum
766 2035 850 2065 dono
884 2034 944 2066 sibi
974 2033 1082 2075 datos,

131 2097 214 2128 unde
237 2096 270 2128 in
293 2107 347 2127 cas
373 2102 473 2128 terras
497 2095 701 2127 devenissent
717 2095 907 2138 requirendo
926 2107 1084 2137 cognosse

131 2159 161 2190 vi
200 2163 424 2202 tempestatum
464 2169 504 2188 ex
545 2157 664 2189 Indicis
702 2157 894 2200 aequoribus
935 2157 1083 2200 abreptos

134 2230 344 2262 emensosque
378 2230 460 2262 quae
484 2219 659 2251 intererant
686 2219 812 2250 tandem
834 2218 868 2250 in
893 2218 1083 2252 Germaniae

133 2281 243 2313 littora
259 2279 401 2310 exiissem

209 2341 383 2384 superioris
412 2338 535 2383 tetrae]
570 2339 609 2371 ld
634 2345 683 2372 est
713 2338 936 2383 hemisphaerii
970 2339 1083 2379 nostri,

135 2406 186 2437 vel
208 2404 277 2446 ejus
298 2402 396 2448 partis
425 2413 506 2447 quae
535 2402 667 2436 Oceano
690 2403 881 2437 circumfuso
911 2415 928 2434 a
951 2402 1083 2447 reliquis

135 2467 307 2498 dirimatur.

213 2534 278 2560 tres
304 2524 432 2571 partes]
458 2524 692 2569 Antiquissima
716 2528 794 2560 haee
820 2533 869 2558 est
892 2527 1084 2566 distributio,

139 2592 229 2633 eujus
253 2591 319 2632 jam
346 2590 534 2623 Herodotus
569 2590 622 2632 (4,
656 2588 718 2632 45)
748 2596 909 2624 auctorem
941 2591 1086 2633 ignorat-e

1131 1178 1166 1198 se
1185 1166 1360 1210 profitetur.
1386 1166 1530 1199 Fuerunt
1553 1172 1659 1200 tamen
1683 1167 1737 1211 qui
1760 1168 1839 1199 duas
1861 1172 1991 1198 tantum·
2006 1177 2076 1211 par-

1132 1236 1180 1261 tes
1197 1231 1355 1269 facerent,
1379 1229 1491 1262 Africa
1514 1231 1566 1263 vel
1587 1232 1738 1277 Europae
1758 1231 1810 1263 vel
1827 1230 1927 1264 Asiae
1945 1230 2078 1272 adjecta.

1131 1293 1225 1325 Unde
1248 1292 1349 1326 Silius
1372 1292 1425 1337 (1,
1451 1293 1550 1338 19-st

1187 1356 1366 1399 »Aes-rifero
1390 1357 1491 1399 Libye
1519 1363 1686 1404 torquetur
1706 1358 1834 1390 subdita
1855 1357 2000 1395 Cancro,

1181 1417 1250 1448 Aut
1275 1418 1388 1460 inqens
1409 1416 1509 1448 Asiae
1530 1419 1615 1450 latus
1623 1441 1635 1458 ,
1662 1425 1718 1449 aut
1740 1430 1815 1462 pars
1834 1419 1925 1450 tertia
1947 1418 2058 1450 terris«
2069 1438 2080 1455 ‚

1133 1485 1165 1510 et
1187 1479 1336 1511 Lucanus
1359 1480 1411 1523 (9,
1433 1479 1536 1521 410³

1191 1540 1317 1572 »Tertia
1336 1552 1412 1583 pars
1438 1552 1546 1572 rerum
1567 1541 1686 1584 Libye,
1713 1542 1743 1573 si
1763 1541 1891 1581 credere
1908 1541 2017 1584 famae

1183 1601 1309 1633 Cuncta
1335 1602 1433 1640 velis,
1467 1607 1500 1632 at
1530 1603 1560 1632 si
1582 1607 1693 1634 ventos
1718 1601 1900 1648 coelumque
1922 1603 2082 1648 sequaris,

1181 1663 1266 1694 Pars
1292 1664 1353 1694 erit
1377 1661 1555 1705 Europae.

1132 1725 1233 1759 Plura
1258 1725 1346 1757 dabit
1374 1725 1514 1756 Ukertus
1538 1724 1588 1769 (Τ.
1609 1723 1641 1765 I,
1664 1724 1704 1757 P.
1722 1725 1761 1765 2,
1789 1737 1818 1769 p.
1833 1724 1930 1768 280).

1208 1787 1374 1833 dispescit]
1402 1787 1458 1820 Sic
1485 1799 1544 1832 pro
1571 1788 1706 1820 dissecat
1741 1788 1775 1819 in
1799 1788 1893 1819 editis
1917 1793 1981 1820 tres
2004 1787 2083 1820 anti-

1134 1851 1280 1895 quissimi
1298 1851 1475 1882 Leidenses
1497 1850 1660 1894 (Oudend.
1679 1851 1719 1883 ad
1742 1850 1862 1896 Appul.
1882 1851 1931 1892 Π,
1960 1864 1993 1895 p.
2011 1850 2085 1894 50).

1207 1910 1383 1957 Atlantici]
1410 1912 1535 1943 Plinius
1559 1913 1612 1956 (5,
1641 1911 1689 1955 1)=

1134 1973 1252 2006 dictum
1281 1979 1330 2004 est
1360 1973 1463 2017 spatio
1498 1972 1696 2005 Atlanticum
1731 1985 1816 2005 mare
1846 1974 2016 2005 infundens
2051 1977 2084 2004 et

1721 1912 1890 1945 »Oceanus
1913 1913 1974 1943 hoe
1996 1912 2086 1956 quod

1134 2037 1226 2069 avido
1243 2041 1349 2068 meatu
1366 2042 1477 2076 terras,
1495 2048 1703 2080 quaecunque
1721 2037 1899 2069 venientem
1915 2048 2083 2079 expavere,

1134 2100 1332 2141 demergens,
1352 2099 1537 2131 resistentes
1551 2111 1679 2143 quoque
1697 2101 1842 2132 flexuoso
1856 2100 1998 2132 littorum
2019 2111 2082 2130 am-

1134 2164 1237 2196 fractu
1255 2163 1383 2195 lambit«
1407 2168 1468 2196 cet.
1503 2180 1506 2186 ⁷

1209 2237 1230 2256 α
1264 2223 1446 2269 Gaditano]
1480 2223 1605 2256 Plinius
1635 2225 1678 2268 (5
1707 2224 1840 2269 pracf.):
1870 2222 2082 2267 »Quindecim

1134 2283 1234 2317 millia
1255 2297 1407 2328 passuum
1431 2285 1466 2317 in
1491 2285 1723 2327 longitudinem
1749 2287 1854 2317 fauces
1880 2284 2003 2316 Oceani
2027 2295 2080 2326 pa-

1134 2353 1218 2388 tent,
1240 2349 1380 2392 quinque
1406 2347 1504 2380 millia
1521 2349 1554 2380 in
1573 2349 1790 2389 latitudinem,
1813 2359 1831 2379 a
1847 2347 1916 2379 vico
1937 2345 2082 2378 Mellaria

1134 2410 1310 2454 Hispaniae
1333 2411 1372 2442 ad
1395 2412 1645 2454 promontorium
1662 2411 1790 2444 Africae
1810 2410 1930 2449 album,
1953 2413 2082 2440 auctore

1135 2472 1292 2504 Turranio
1315 2471 1436 2504 Gracili
1453 2472 1546 2513 juxta
1566 2473 1691 2515 genito3
1725 2473 1762 2503 T.
1782 2470 1891 2502 Livius
1915 2481 1951 2501 ac
1971 2468 2082 2512 Nepos

1137 2532 1309 2565 Cornelius
1337 2533 1512 2566 latitudinis
1541 2534 1755 2571 tradiderunt,
1787 2531 1841 2562 ubi
1867 2530 1987 2570 minus,
2017 2530 2084 2563 Vll

1137 2594 1236 2628 millia
1256 2606 1423 2639 passuum,
1447 2595 1502 2627 ubi
1524 2606 1597 2628 vero
1619 2593 1804 2638 plurimum,
1825 2592 1855 2624 X
1871 2591 1977 2625 millia.
2004 2591 2084 2623 Tam

1641 2655 1687 2685 05

1961 759 2078 801 Nam
2106 755 2197 800 625
