2310 2860
738 204 938 246 Martiani
970 203 1170 260 Capellae
1200 204 1274 245 lib.
1302 204 1420 246 VIII.
1460 206 1490 256 ᾗ.
1514 204 1610 246 872.
2066 207 2155 250 679

199 310 366 352 Verum
408 327 459 351 ex
499 326 548 352 ea
591 320 729 367 parte,
780 326 866 365 qua
906 325 1005 350 cum
1047 309 1210 350 mundo
1257 311 1465 360 volvitur,
1512 311 1698 365 quotidie
1742 322 1858 353 ortus
1898 313 1963 353 sui
1996 313 2153 355 lineam

199 400 355 442 mutat,
408 401 448 432 et
496 391 698 446 quoniam
746 406 892 431 omnes
933 390 1085 430 ductus
1128 405 1204 444 per
1255 405 1360 443 quos
1409 392 1596 433 volvitur
1640 393 1819 434 circulos
1867 395 2153 449 appellamus,

198 483 368 514 centum
402 474 604 528 octoginta
636 483 718 514 tres
750 472 922 512 eosdem
955 486 1044 512 esse
1083 471 1264 512 dubium
1300 488 1384 513 non
1418 473 1609 514 habetur.
1670 476 1783 516 Nam
1815 476 1903 517 sive
1937 492 1958 517 a
1988 476 2153 517 Cancro

197 554 446 603 descendat,
493 569 568 609 per
610 554 779 594 eosdem
821 567 959 607 usque
999 552 1052 593 ad
1092 551 1334 592 brumalem
1374 553 1583 593 circulum
1618 555 1771 605 currit,
1818 556 1906 597 sive
1940 572 1963 597 a
1996 558 2154 598 bruma

198 633 239 672 in
271 633 490 673 solstitium
524 634 681 684 veniat,
722 648 797 688 per
828 634 938 687 ipsos
970 632 1113 672 denuo
1148 633 1407 684 revolvitur,
1443 635 1518 688 qui
1545 635 1719 688 quidem
1752 646 1936 677 secantes
1968 637 2154 678 secundo

197 712 418 753 zodiacum
458 715 677 755 contrariis
715 714 839 767 signis
877 723 1083 769 perpetuo
1127 713 1351 754 lineantur.
1420 715 1531 754 Nam
1573 714 1738 769 primus
1784 716 1933 756 Arietis
1971 717 2154 757 circulus

198 794 363 848 primus
394 804 454 835 est
484 795 659 846 Librae,
708 795 808 835 item
844 795 1080 835 tricesimus
1114 795 1266 835 Arietis
1305 796 1540 836 tricesimus
1573 804 1632 836 est
1664 796 1843 847 Librae,
1890 797 1988 837 item
2017 799 2154 838 Tauri

198 875 313 929 prior
352 876 590 930 Scorpionis
631 885 690 916 est
724 877 903 930 primus.
960 875 1028 915 Sic
1058 876 1183 930 igitur
1217 877 1409 917 trecentis
1454 877 1668 932 sexaginta
1709 893 1781 918 sex
1826 879 2016 933 partibus
2049 879 2156 919 fiunt

198 965 367 996 centum
394 957 599 1010 octoginta
624 966 704 997 tres
729 956 886 1007 circuli,
913 970 1020 1009 quos
1044 971 1191 997 omnes
1215 957 1438 1012 parallelos
1463 957 1751 1011 appellamus;
1783 966 1822 997 et
1847 973 1897 997 cx
1925 959 2151 1008 contrario,

197 1045 243 1076 ut
278 1037 386 1088 dixi,
438 1039 553 1093 signa
597 1039 744 1079 iisdem
786 1038 975 1094 partibus
1023 1048 1176 1078 secant.
1250 1038 1363 1091 Ergo
1403 1037 1480 1077 hos
1525 1036 1705 1076 circulos
1752 1051 1913 1076 annuos
1960 1038 2153 1077 trecentis

195 1118 409 1171 sexaginta
432 1119 624 1171 quinque
651 1118 799 1157 diebus
826 1127 865 1157 et
888 1116 1124 1170 quadrante
1150 1118 1231 1157 dici
1258 1119 1439 1172 peragit,
1470 1118 1560 1157 sive
1586 1118 1638 1157 ad
1662 1118 1916 1158 solstitialem
1943 1120 2151 1160 circulum

196 1196 357 1248 tendat,
401 1197 490 1238 sive
529 1197 681 1237 exinde
720 1207 972 1238 revertatur.
1030 1197 1144 1237 Illud
1175 1197 1298 1237 etiam
1333 1213 1417 1237 non
1449 1198 1699 1248 tacendum,
1748 1198 1864 1252 quod
1896 1213 2034 1252 quum
2066 1201 2152 1241 duo

195 1277 274 1317 sint
304 1278 641 1333 hemisphaeria,
689 1294 828 1319 unum
865 1280 917 1320 ab
951 1278 1246 1333 aequinoctiali
1277 1278 1435 1318 circulo
1475 1278 1516 1317 in
1562 1278 1912 1332 septentrionem,
1967 1278 2081 1319 aliud
2113 1280 2155 1320 in

197 1367 388 1398 austrum
416 1359 467 1399 ab
492 1359 641 1398 eodem
668 1360 983 1413 aequinoctiali,
1015 1369 1157 1399 tamen
1183 1358 1253 1398 Sol
1284 1358 1452 1398 diversa
1481 1367 1719 1412 utrumque
1750 1362 1911 1399 ratione
1945 1359 2154 1411 discurrit,

197 1454 335 1494 quum
363 1449 408 1480 ut
438 1439 524 1480 dixi
564 1455 589 1494 p
605 1440 693 1480 aria
724 1440 804 1480 sint
827 1440 943 1494 signa
974 1438 1102 1494 partis
1130 1438 1372 1491 utriusq1103
1405 1453 1558 1479 verum
1594 1438 1636 1478 id
1668 1438 1785 1491 quod
1817 1439 1869 1479 ad
1893 1440 2152 1482 solstitialem

196 1520 407 1574 consurgit
450 1529 621 1560 centum
669 1522 874 1575 octoginta
920 1522 1112 1575 quinque
1146 1519 1296 1560 diebus
1342 1527 1381 1558 et
1417 1518 1653 1573 quadrante
1703 1518 1785 1559 diei
1823 1521 2066 1575 noctisque,
2110 1522 2153 1564 id

195 1608 338 1639 autem
364 1600 478 1653 quod
511 1600 563 1641 ad
586 1601 830 1641 brumalem
858 1601 1112 1656 deprimitur
1137 1611 1308 1641 centum
1341 1600 1546 1653 octoginta
1578 1599 1727 1639 diebus
1760 1601 1998 1655 peragitur,
2033 1603 2151 1657 quod

194 1681 342 1735 utique
383 1681 452 1721 illa
493 1697 558 1722 res
600 1682 717 1732 facit,
771 1682 888 1735 quod
927 1692 1147 1722 eccentron
1192 1682 1297 1722 Solis
1337 1681 1496 1722 circulo
1530 1681 1617 1721 dixi
1649 1696 1736 1721 esse
1776 1682 1997 1733 tellurem,
2039 1692 2077 1723 et
2110 1683 2154 1723 in

193 1762 413 1817 superiore
438 1761 754 1817 hemisphaerio
783 1761 905 1802 altius
929 1762 1030 1814 tolli,
1060 1763 1103 1804 in
1123 1763 1322 1804 inferiore
1347 1762 1401 1804 ad
1424 1772 1560 1803 terrae
1584 1761 1765 1803 confinia
1790 1763 2151 1817 appropinquare.

197 1944 286 1975 vitm·
305 1943 339 1974 id
355 1949 401 1975 est
422 1946 595 1987 corripitur
603 1966 616 1983 ,
643 1955 706 1986 quo
723 1949 830 1975 tamen
849 1943 1064 1975 additamento
1081 1954 1147 1975 non

195 2018 335 2048 egemus.

269 2068 392 2115 nudat]
424 2069 492 2101 Alii
524 2075 606 2102 teste
639 2069 754 2102 Grotio
785 2070 819 2101 iu
851 2070 991 2112 margine
1027 2075 1147 2110 metat,

193 2135 310 2178 inepte.

268 2201 396 2228 centum
421 2197 581 2238 octo-qiam
603 2192 686 2239 tres]
713 2194 799 2227 Vide
823 2194 970 2238 superius
989 2193 1030 2238 (ξ.
1050 2194 1146 2237 856).

270 2261 306 2290 ἰη
336 2257 525 2303 solstitium]
568 2258 683 2290 Codex
719 2258 1147 2290 Ettenheimmiinsteriensis

194 2325 230 2354 in
253 2322 466 2361 solstitialem,
492 2322 578 2365 quod
602 2317 708 2353 tamen
724 2334 790 2354 non
808 2322 908 2364 magis
931 2322 1146 2353 necessarium

196 2389 245 2417 est
276 2394 370 2427 quam
408 2382 494 2425 qnod
526 2394 584 2425 pro
617 2385 727 2416 veniat
753 2384 833 2415 alios
869 2384 978 2426 legere
1011 2383 1146 2416 Grotius

195 2446 228 2477 in
254 2444 395 2485 margine
420 2443 542 2474 notavit
563 2446 698 2476 eveniat.

269 2503 421 2549 secundo]
448 2504 486 2536 Id
511 2509 560 2535 est
585 2505 651 2544 bis,
679 2511 714 2536 ut
742 2517 837 2550 supra
865 2505 1045 2550 (3820st

270 2565 464 2614 quadrante]
484 2565 552 2596 Alii
570 2571 650 2597 teste
670 2566 784 2598 Grotio
803 2568 836 2599 iu
855 2556 996 2610 margine
1015 2570 1144 2608 triente,

196 2631 295 2673 male,
328 2630 400 2663 vide
424 2629 639 2662 Censorinum
667 2630 720 2674 (de
746 2630 797 2663 die
819 2619 916 2663 natali
946 2632 1005 2675 18)
1023 2638 1055 2663 et
1079 2632 1143 2664 Ge-

1197 1944 1317 1976 minum
1346 1944 1402 1988 (6,
1431 1956 1462 1988 p.
1482 1945 1527 1976 51
1559 1943 1703 1986 Petav.),
1739 1944 1766 1975 si
1798 1944 1927 1976 omnino
1961 1945 2152 1977 testimoniis

1197 2017 1278 2049 opus
1301 2012 1350 2037 est
1372 2006 1404 2037 in
1426 2018 1459 2036 re
1479 2005 1575 2049 lippis
1601 2011 1632 2037 et
1654 2005 1838 2052 tonsoribus
1864 2011 1950 2037 nota.

1272 2070 1338 2099 sint
1356 2066 1601 2112 hemisphaeria]
1626 2068 1740 2100 Codex
1757 2068 2154 2101 Ettenhcinnnsinstericn-

1198 2130 1242 2161 sis
1267 2131 1442 2174 interponit
1465 2133 1575 2173 paria,
1609 2131 1696 2174 quod
1719 2137 1824 2162 tamen
1846 2133 2060 2164 necessarium
2088 2144 2154 2164 non

1197 2199 1263 2234 est,
1287 2207 1385 2238 quum
1406 2194 1538 2226 inff'erius
1562 2201 1724 2238 sequatur,
1751 2195 1838 2238 paria
1859 2207 1931 2227 esse
1949 2195 2037 2236 signa
2054 2196 2153 2237 partis

1197 2256 1385 2299 utriusque3
1412 2268 1517 2299 neque
1543 2257 1643 2298 magis
1675 2268 1806 2288 necesse
1839 2262 1906 2287 erat
1937 2255 2036 2298 recipi
2065 2257 2152 2299 quod

1196 2320 1280 2352 idem
1302 2332 1376 2351 mox
1399 2320 1547 2363 praebuit
1569 2320 1850 2364 septentrionalem
1879 2330 1937 2362 pro
1964 2321 2151 2362 septentrio-

1197 2394 1289 2421 nem,
1329 2393 1436 2413 errore
1475 2394 1577 2425 paene
1611 2381 1741 2425 puerili,
1786 2392 1883 2423 quum
1921 2380 2152 2423 hemisphaeria

1196 2443 1247 2477 vel
1265 2443 1348 2474 ultra
1364 2443 1501 2475 circulos
1522 2444 1655 2475 arcticos
1673 2443 1711 2473 ad
1730 2441 1823 2485 polos
1843 2453 1944 2483 usque
1960 2441 2150 2484 pertineant.

1270 2508 1397 2539 diversa
1415 2506 1599 2554 utrumque]
1628 2506 1711 2538 Vide
1738 2503 1884 2548 superius
1906 2503 1946 2547 (ξ.
1965 2505 2061 2547 848).

1269 2567 1538 2615 appropinquare]
1559 2567 1614 2599 Sic
1637 2566 1737 2598 codex
1754 2565 2148 2598 Ettcnheinummsterien-

1194 2630 1255 2672 sis3
1278 2631 1378 2673 qvulgo
1402 2631 1628 2676 propinquare.

2244 1201 2275 1240 ΟΠ
