2310 2860
159 173 246 215 152

728 169 927 213 Martiam
963 167 1163 225 capenae
1200 167 1273 209 lib.
1295 166 1328 209 1.
1366 151 1490 220 §.92

550 276 602 319 In
632 278 781 319 nostris
811 278 962 319 merito
993 275 1146 331 degere
1174 273 1388 316 sensibus:

556 357 681 408 Quae
711 374 790 400 nec
819 358 976 400 frustra
1007 355 1116 399 mihi
1146 364 1206 397 est
1234 355 1356 396 insita
1387 355 1557 408 caritas,

551 438 614 479 Ut
643 439 781 480 suevit
811 438 946 494 patria
977 436 1180 492 stringere
1210 445 1395 492 pectora.

553 520 668 562 Nam
699 528 840 560 nostra
870 518 938 559 ille
969 516 1094 569 fides,
1131 532 1295 570 sermo,
1333 517 1587 573 benignitaS,

551 602 615 644 Ac
647 616 774 642 verus
806 599 991 649 Genius,
1022 597 1108 639 fida
1137 599 1350 641 recursio:

550 681 853 738 Illterpresqtle
883 695 1006 722 meae
1036 681 1187 720 mentis
1218 679 1353 722 honos
1383 695 1514 722 Sacer.

552 762 634 804 Hie
663 762 777 804 solus
808 774 1042 802 numerum
1074 774 1274 816 promere
1306 761 1528 813 coelitum,

553 843 635 885 Hic
665 843 830 884 vibrata
860 851 994 898 potest
1023 856 1196 883 noscere
1226 842 1392 896 sidera3

556 924 680 974 Quae
710 939 913 965 mensura
945 923 1073 980 polis,
1114 931 1275 979 quanta
1304 922 1595 980 profunditas,

149 1036 301 1079 jugenam
330 1033 472 1078 pignoris
498 1033 646 1077 inclyti«3
684 1033 761 1065 licet
790 1045 916 1078 semper
942 1034 1111 1067 obscuram

798 1095 902 1128 Addit
940 1097 1109 1128 Barthius:

162 1160 330 1204 2›Piqnor·1‘s
359 1160 470 1201 inclyti
506 1157 713 1190 Graecismus
747 1163 814 1199 est,
856 1158 924 1190 vice
954 1158 1110 1202 pignoris,

155 1110 226 1130 csse
264 1097 480 1129 elocutionem
517 1107 584 1128 non
624 1107 748 1138 negem.

155 1225 269 1256 xii-tute
292 1223 324 1255 id
345 1222 514 1263 merentis,
543 1222 650 1254 vivere
674 1221 708 1253 in
731 1221 850 1253 nostris
876 1222 1053 1254 sensibus«

225 1288 339 1332 deflere
369 1284 530 1332 sensibus]
566 1286 694 1327 Degere
725 1285 758 1317 in
790 1285 938 1317 sensibus
965 1286 1110 1317 intimum

152 1364 292 1384 amorem
317 1356 424 1389 notat,
448 1355 484 1381 ut
513 1350 547 1381 in
575 1349 695 1389 oculis,
727 1349 761 1380 in
786 1350 902 1389 corde,
933 1349 967 1381 in
990 1349 1109 1380 intimis

153 1415 300 1447 sensibus
320 1413 373 1445 alii
392 1413 512 1445 dieunt.
537 1411 657 1444 Animo
677 1412 807 1443 insitum
822 1413 978 1444 Paulinus
992 1413 1025 1444 in
1043 1423 1109 1444 car-

150 1478 235 1510 mine
257 1477 296 1508 ad
317 1476 464 1508 Nicetam
490 1474 715 1515 valedictorio,
743 1474 831 1517 quod
860 1474 988 1506 nomine
1017 1472 1111 1505 Sexti

150 1540 275 1575 Natalis
296 1539 415 1572 Felicis
434 1539 510 1571 citat
525 1538 625 1570 Beda.
642 1538 768 1569 BAn‘rn.
784 1537 922 1581 (advers.
940 1550 970 1582 p.
989 1536 1109 1581 1245).

222 1602 340 1649 sermo]
367 1603 558 1636 Sermonem
581 1614 653 1634 cum
679 1602 771 1642 dicit,
799 1598 920 1646 λόγον
944 1613 984 1631 ex
1010 1600 1109 1631 saeris

149 1668 252 1701 literis
285 1673 393 1707 notat3
427 1667 513 1697 unde
554 1664 727 1706 conjectari
761 1664 837 1695 licet
869 1662 1110 1695 Christianitate

150 1730 307 1762 imbutum
326 1728 426 1759 fnisse
449 1726 652 1761 Martianum.
675 1726 802 1757 Ban'rn.
828 1725 911 1769 (adv.
935 1737 965 1768 p.
989 1722 1109 1767 1245).

152 1811 200 1816 —
229 1791 383 1826 Miramur
412 1788 589 1822 doctissimi
623 1799 700 1819 sane
735 1787 794 1818 viri
825 1787 995 1817 absurdam
1028 1787 1110 1816 hanc

152 1852 465 1898 interpretationemg,
494 1861 641 1883 sermone
662 1849 808 1893 profecto
825 1848 905 1879 nihil
923 1847 986 1879 nisi
1004 1845 1110 1879 nuntii

153 1915 218 1947 sive
245 1913 429 1958 interpretis
454 1911 592 1944 officium
619 1910 672 1943 hie
695 1910 890 1952 designatur.

226 1974 366 2022 Genius]
391 1976 531 2008 Veteres
553 1974 668 2018 cuique
695 1974 762 2005 fere
793 1973 854 2005 deo
876 1985 968 2004 suum
991 1973 1109 2004 tribue-

152 2047 227 2074 runt
249 2040 399 2075 Genium.
442 2039 492 2071 Ita
525 2038 683 2083 superiori
713 2037 787 2070 loco
820 2036 863 2082 (ἓ.
887 2036 947 2080 55)
970 2036 1111 2068 Junonis

153 2105 298 2150 hospitae
331 2104 472 2138 Genium
502 2102 700 2134 memoravit.
741 2102 791 2134 Ita
821 2113 886 2133 non
920 2101 1024 2133 solum
1051 2101 1112 2133 Mi-

155 2166 267 2201 nucius
286 2166 379 2198 Felix
399 2166 477 2209 (29,
503 2165 537 2208 7)
559 2164 654 2197 «Iovis
679 2164 776 2196 Genii
802 2164 961 2203 meminit3
996 2163 1053 2194 sed
1078 2163 1112 2194 in

154 2227 369 2260 vetustissima
398 2227 493 2259 ctiam
524 2225 732 2270 inscriptione
764 2225 892 2270 (Murat.
920 2226 1005 2265 587,
1036 2226 1053 2256 1
1077 2224 1112 2269 s.)

156 2292 300 2334 ejusdem
323 2291 360 2322 fit
382 2291 511 2323 mentio.
557 2290 586 2321 E
613 2290 784 2335 penatibus
808 2289 901 2321 Jovis
930 2289 1029 2320 fuisse
1053 2288 1113 2321 Jo-

155 2356 271 2388 vialem
294 2354 434 2387 Genium
461 2353 596 2385 Caesius
620 2353 681 2398 (ap.
704 2353 829 2385 Arnob.
851 2355 884 2386 5.
903 2366 933 2397 p.
954 2353 1038 2396 125)
1070 2353 1113 2384 af-

156 2421 277 2460 fii-mut,
308 2423 403 2462 atque
429 2417 623 2461 conspicitur
648 2418 710 2461 (ap.
732 2418 846 2451 Montf.
876 2417 910 2449 in
934 2422 996 2449 ant.
1027 2416 1112 2461 expl.

157 2479 183 2515 1¹.
196 2479 265 2513 tal).
285 2479 344 2523 15)
366 2479 436 2521 ejus
459 2479 578 2520 effigies
599 2490 671 2510 eum
695 2490 794 2511 cornu
819 2479 928 2523 copiae
955 2478 1113 2510 adstantis

159 2527 301 2585 subjecta
322 2540 546 2585 inscriptioncz
571 2540 683 2572 Genio.
711 2540 887 2583 Quaeritur
908 2541 1006 2582 igitur
1036 2552 1113 2572 num

158 2608 266 2640 forsan
285 2604 465 2638 Mercurius
491 2603 577 2636 idem
599 2603 692 2636 «Iovis
717 2603 841 2637 Genius
867 2605 975 2640 suerit.
1013 2604 1112 2639 Certe

1161 1042 1226 1067 tam
1246 1035 1443 1075 Mercurius,
1471 1047 1565 1078 quam
1595 1034 1719 1067 Genius
1745 1034 1875 1077 Tagetis
1898 1040 2004 1079 pater,
2030 1034 2115 1066 Jove

1162 1103 1229 1130 erat
1251 1102 1437 1142 procreatus
1461 1097 1562 1140 (Fest.
1588 1097 1620 1128 in
1642 1098 1752 1138 fragm.
1779 1109 1809 1140 p.
1828 1097 1877 1128 90
1900 1096 2002 1140 Dae.).
2046 1095 2115 1129 Sed

1160 1173 1195 1193 re
1216 1161 1394 1193 accuratius
1416 1160 1595 1192 examinata
1617 1160 1726 1204 potius
1745 1160 1785 1191 ad
1812 1159 1900 1191 illam
1927 1159 2024 1192 Genii
2051 1159 2112 1201 sig-

1160 1225 1374 1257 nificationem
1398 1223 1579 1267 respexisse
1603 1229 1749 1255 nostrum
1771 1223 1926 1264 arbitror,
1949 1235 2012 1267 qua
2035 1221 2114 1257 δαί,-

1161 1298 1245 1330 μων
1261 1286 1355 1317 ctiam
1373 1288 1532 1329 interpres
1547 1297 1604 1317 seu
1618 1281 1784 1331 ἄγγελος
1801 1297 1818 1316 e
1835 1284 1983 1316 Platonis
1997 1284 2114 1328 (symp.

1161 1361 1191 1393 p.
1219 1349 1293 1380 202
1323 1347 1456 1392 Steph.)
1485 1352 1535 1379 cst
1564 1347 1723 1378 sententia
1750 1347 1853 1390 (conf.
1880 1344 1909 1390 §.
1936 1346 2017 1378 155.
2044 1345 2115 1377 154

1160 1412 1269 1455 ibique
1302 1411 1393 1455 not.).
1455 1411 1550 1454 Quae
1580 1410 1708 1454 quidem
1742 1410 1831 1441 notio
1868 1409 2010 1453 apprime
2043 1420 2116 1441 cum

1160 1473 1334 1513 Mercurio,
1354 1472 1447 1503 Jovis
1464 1472 1588 1512 nuntio,
1607 1471 1763 1503 convenit.
1786 1471 1938 1503 Ceterum
1955 1471 1988 1502 in
2003 1470 2116 1502 Darm-

1162 1534 1310 1567 stattensi
1326 1534 1436 1567 codice
1453 1544 1565 1565 versus
1582 1532 1650 1574 hic,
1670 1532 1798 1576 duoque
1818 1538 1991 1577 sequentes
2013 1537 2115 1564 trans-

1159 1596 1259 1641 positi
1287 1602 1371 1627 sunt.

1232 1658 1299 1700 fida
1322 1655 1477 1700 recursio]
1504 1656 1691 1687 Memoriam
1708 1661 1815 1697 notat,
1843 1668 1938 1700 quam
1961 1656 2022 1688 sibi
2043 1667 2116 1688 esse

1160 1721 1354 1755 Mercurium
1380 1720 1423 1751 ait
1439 1719 1577 1764 Jupiter.
1592 1720 1719 1752 Barim.
1737 1720 1875 1764 (advers,
1897 1733 1929 1764 p.
1948 1720 2056 1764 1245)
2068 1739 2116 1743 -

1161 1784 1274 1816 Nuntii
1294 1783 1402 1827 potius
1423 1782 1610 1813 fidelitatem
1632 1782 1717 1814 ultro
1741 1782 1884 1825 citroque
1908 1781 2116 1814 discurrentis

1161 1845 1331 1888 significari
1354 1844 1500 1885 arbitror,
1522 1844 1577 1888 qui
1596 1856 1788 1889 quocunque
1810 1858 1828 1876 a
1846 1845 1931 1878 Jove
1950 1846 2116 1889 ablegatus

1161 1909 1218 1949 sit,
1246 1919 1372 1951 semper
1397 1912 1503 1938 tamen
1525 1906 1565 1938 ad
1594 1907 1730 1939 eundem
1751 1907 1872 1942 redeat.

1235 1972 1286 2003 hie
1311 1969 1418 2016 solus]
1454 1970 1619 2002 observes
1651 1971 1765 2012 velim,
1803 1971 1956 2004 Mercurii
1988 1970 2118 2003 laudem

1163 2034 1355 2065 simillimam
1377 2044 1450 2064 esse
1473 2032 1540 2074 illi,
1569 2045 1632 2077 qua
1655 2032 1736 2065 infra
1759 2031 1801 2078 (ἓ.
1827 2033 1912 2077 118)
1934 2033 2116 2076 Philologia

1163 2098 1350 2131 celebratur.

1237 2164 1290 2195 hic
1307 2158 1447 2206 vibrata]
1474 2160 1627 2193 Manilius
1647 2161 1702 2206 (1,
1726 2161 1775 2194 50
1798 2160 1870 2204 Bip.
1897 2161 1945 2193 56
1965 2159 2114 2204 Scalig.):

1222 2227 1294 2258 »Tn
1311 2227 1460 2270 princeps
1481 2231 1658 2273 auctorque
1680 2227 1784 2264 sacri,
1810 2224 1972 2267 Cyllenie,
1992 2226 2075 2257 tanti
2082 2239 2091 2256 ε

1214 2289 1281 2320 Per
1297 2288 1407 2332 tejam
1423 2288 1544 2319 coelum
1558 2288 1711 2325 interius,
1731 2287 1801 2330 jam
1815 2286 1922 2318 sidera
1938 2293 2031 2319 nota«
2055 2292 2115 2319 eet.

1163 2349 1276 2383 Ovidii
1300 2361 1428 2395 quoque
1450 2361 1564 2381 versus
1585 2350 1649 2380 hue
1669 2348 1831 2393 pertinent
1848 2348 1932 2393 (fast.
1953 2350 1986 2383 1.
2009 2349 2115 2394 297)=

1221 2413 1363 2445 »Felices
1383 2414 1526 2451 animos,
1552 2412 1668 2458 quibus
1691 2411 1771 2443 haec
1792 2423 1982 2455 coquoscere
2002 2413 2116 2456 primis

1213 2475 1320 2522 Inque
1345 2475 1452 2506 domos
1473 2484 1607 2516 superas
1631 2473 1786 2505 scandere
1811 2485 1892 2506 cura
1913 2473 2008 2517 suin«

1165 2538 1317 2572 Ceterum
1331 2539 1455 2571 vibrari
1473 2542 1558 2568 astra
1577 2537 1669 2578 dicit,
1693 2548 1776 2582 quae
1797 2549 1894 2583 supra
1914 2536 1945 2583 (§
1970 2537 2033 2583 52)
2047 2539 2116 2583 ipsa

1162 2605 1290 2636 vibrare
1315 2602 1501 2647 scripserat,
1527 2600 1663 2646 poetice.
