2310 2860
161 193 274 230 xvm

162 301 361 342 Ceterum
395 310 478 337 non
509 291 656 335 dubito
693 290 796 345 quin
828 303 898 329 me
930 301 1106 343 quoque
1138 286 1180 327 in
1221 286 1303 327 hoc
1333 300 1485 341 genere
1515 287 1647 329 multa
1688 287 1998 343 praeterierint,
2034 287 2110 342 qui

163 395 300 436 quum
343 376 514 418 omnino
550 372 646 413 satis
683 371 918 425 imparatus
955 368 1009 409 ad
1047 367 1128 408 hoc
1164 367 1380 422 negotium
1422 367 1690 419 accesserim,
1742 377 1834 408 tum
1874 383 1927 409 ne
1968 377 2111 424 postea

163 460 336 516 quidem
364 465 529 497 tantum
555 454 592 494 ei
619 451 823 507 temporis
845 448 1093 505 impendere
1126 447 1359 503 potuerim,
1390 455 1600 501 quantum
1626 450 1687 487 rei
1711 448 1934 489 difficultas
1964 457 2110 502 postu-

161 541 278 581 laret.
308 537 439 586 Nosti,
470 535 549 576 Vir
573 532 881 581 Illustrissime,
915 530 1071 584 quibus
1095 537 1133 568 et
1151 528 1240 582 ipse
1258 526 1494 567 domesticis
1517 526 1823 568 calamitatibus
1848 527 2108 568 conflictatus

161 621 261 670 sim,
303 619 390 659 fere
422 615 571 657 eodem
604 623 817 668 tempore,
862 625 948 664 quo
980 610 1051 649 Tu
1082 622 1227 649 recens
1263 617 1455 663 ereptum
1488 621 1683 647 socerum
1716 607 1909 661 lugebas,
1954 607 2111 648 floren-

161 700 316 741 tissima
354 711 489 737 uxore
536 693 830 748 intempestiva
878 698 1013 730 morte
1055 690 1229 741 amissa3
1289 688 1411 741 qu'us
1457 701 1577 727 casus
1625 686 1886 741 perturbatio
1929 689 1962 727 si
2005 686 2109 742 quid

160 783 321 837 vestigii
360 782 400 821 in
440 780 521 820 hac
560 791 733 832 quoque
772 788 901 829 opera
940 769 1179 824 reliquerit,
1233 768 1306 808 Tu
1338 776 1448 807 certe
1478 781 1556 822 pro
1586 765 1851 806 humanitate
1882 765 1978 805 Tua
2010 780 2110 805 cou-

159 863 356 914 donabis,
402 868 620 916 praeterea
659 864 801 896 autem
835 861 894 893 tot
934 858 1053 891 erant
1090 847 1215 888 officii
1255 847 1484 888 academici
1519 848 1703 901 negotia,
1747 855 1860 887 tanta
1891 846 2109 887 variorum

158 957 361 999 generum
396 939 697 992 impedimenta
723 948 821 975 eum
855 946 1035 972 munere
1057 929 1310 985 professorio
1335 930 1578 982 conjuncta,
1612 938 1678 978 ut,
1710 928 1804 968 licet
1837 928 1970 968 multa
2000 940 2111 981 quae

159 1025 242 1076 jam
277 1021 485 1077 proposita
518 1027 556 1058 et
587 1016 792 1072 promissa
824 1022 958 1054 essent
989 1013 1090 1052 huic
1120 1011 1281 1067 pietatis
1307 1010 1444 1051 officio
1481 1011 1813 1066 postposuerim,
1853 1009 2112 1063 plerumque

158 1114 299 1145 tamen
346 1101 510 1143 nonnisi
548 1099 715 1140 feriatos
756 1096 843 1136 dies
889 1094 924 1134 ei
964 1093 1269 1148 impendendos
1310 1092 1559 1143 habuerim,
1613 1090 1726 1145 quod
1762 1098 1964 1144 quantam
1997 1088 2112 1129 festi-

157 1185 370 1225 nationem
424 1188 599 1235 urgente
652 1190 820 1231 semper
867 1173 1085 1228 typotheta
1131 1172 1399 1221 excitaverit,
1459 1186 1593 1225 quum
1636 1171 1763 1211 simul
1803 1179 1842 1210 et
1879 1169 2110 1225 specimina

158 1262 461 1319 typographica
496 1256 743 1313 corrigenda
786 1265 824 1295 et
873 1253 1053 1294 schedae
1097 1254 1362 1309 impressioni
1403 1252 1722 1309 praeparandae
1770 1261 1924 1301 essent,
1983 1265 2110 1291 nemo

157 1345 234 1385 nisi
277 1351 478 1398 expertus
517 1339 611 1380 satis
663 1335 927 1377 existimabit.
1003 1334 1191 1374 Omnino
1232 1348 1284 1373 ex
1324 1348 1373 1373 ea
1422 1332 1558 1387 operis
1600 1331 1761 1381 forma,
1819 1331 1956 1385 quails
1995 1344 2111 1370 nunc

158 1423 316 1478 prodit,
369 1419 657 1461 difficultatem
698 1415 875 1464 laboris,
925 1423 1129 1467 quantam
1170 1429 1244 1468 ego
1286 1413 1518 1462 exantlavi,
1572 1427 1697 1452 nemo
1737 1412 1833 1451 satis
1880 1410 2110 1464 intelligere

156 1514 307 1559 potest3
350 1501 467 1556 quod
497 1514 581 1540 non
612 1498 705 1537 ideo
737 1496 853 1545 dico,
899 1504 945 1533 ut
976 1508 1148 1548 operam
1184 1507 1325 1534 meam
1369 1491 1587 1532 ambitiose
1627 1490 1862 1539 venditem,
1911 1488 1984 1529 sed
2023 1502 2109 1541 quo

155 1584 325 1624 consilio
371 1581 514 1621 omnia
553 1592 665 1632 quae
703 1576 929 1627 hucusque
975 1573 1187 1626 praefatus
1226 1587 1343 1621 sum,
1396 1581 1442 1611 ut
1480 1571 1521 1610 in
1562 1579 1675 1610 tanta
1721 1585 1866 1610 rerum
1911 1570 2106 1610 omnium

157 1662 405 1703 adversitate
443 1660 650 1699 lectorum
695 1652 1066 1708 aequanimitatem
1100 1652 1349 1707 implorem,
1397 1667 1450 1692 ne
1482 1661 1555 1692 aut
1586 1651 1637 1692 ab
1669 1650 1826 1691 editore
1858 1651 1969 1706 ip30,
2009 1665 2107 1691 sene

155 1743 354 1791 emerito,
402 1746 662 1794 exspectent,
710 1733 826 1790 quod
859 1733 925 1774 vel
966 1733 1133 1786 integris
1174 1732 1337 1772 viribus
1378 1733 1562 1773 arduum
1603 1732 1751 1781 fuerit,
1794 1740 1865 1771 aut
1895 1731 2104 1772 vicarium

156 1833 435 1865 correctorem
469 1830 515 1861 ut
544 1819 608 1860 sui
642 1819 746 1872 juris
779 1815 984 1857 editorem
1026 1823 1190 1864 taxent,
1245 1815 1319 1869 qui
1367 1815 1400 1855 si
1442 1814 1547 1855 illud
1589 1813 1811 1869 praestitit,
1866 1822 1911 1853 ut
1949 1828 2105 1867 propo-

155 1905 282 1944 situm
326 1902 461 1957 operis
508 1898 729 1940 consilium
776 1904 1104 1950 exsequeretur,
1161 1905 1380 1951 susceptae
1424 1895 1519 1936 fidei
1561 1895 1767 1935 satisfecit.
1839 1896 2103 1948 Quanquam

155 1985 212 2025 sic
244 1998 416 2039 quoque
447 1997 531 2023 non
567 1981 734 2022 minora
766 1992 899 2033 quam
931 1978 973 2016 in
1003 1975 1180 2016 lectione
1211 1975 1489 2016 emaculanda
1511 1975 1730 2030 Koppium
1765 1975 1887 2015 etiam
1922 1974 1962 2014 in
1988 1989 2106 2014 com-

156 2063 360 2104 mentario
406 2061 610 2111 effecisse,
658 2073 784 2100 nemo
833 2057 1020 2113 prosecto
1067 2056 1336 2108 infitiabitur3
1393 2057 1467 2111 qui
1510 2070 1647 2110 quum
1693 2065 1861 2111 praeter
1905 2055 2103 2096 Vulcanii

155 2143 342 2194 notulas,
390 2156 496 2196 quas
536 2141 624 2195 ipse
654 2139 807 2180 rectius
839 2137 994 2192 glossas
1035 2136 1283 2191 appellavit,
1326 2145 1365 2176 et
1395 2149 1551 2190 paucas
1583 2134 1738 2185 Grotii,
1777 2147 1962 2187 quarum
1998 2132 2102 2172 adeo

156 2223 308 2278 partim
335 2236 433 2263 vere
457 2220 638 2275 pueriles
670 2226 822 2268 essent,
859 2217 1011 2271 partim
1037 2217 1078 2256 iu
1102 2216 1243 2256 omnia
1277 2215 1356 2255 alia
1388 2224 1689 2270 evagarentur,
1720 2214 1824 2254 nihil
1851 2213 1953 2264 sere,
1985 2214 2101 2269 quod

160 2304 335 2357 alicujus
356 2317 455 2343 usus
481 2310 605 2350 esset,
637 2300 687 2340 ab
715 2298 1045 2340 antecessoribus
1071 2298 1269 2338 traditum
1295 2297 1542 2345 invenisset,
1573 2309 1650 2336 sua
1673 2309 1724 2334 ex
1749 2308 1864 2348 penu
1894 2293 2099 2348 integram

158 2399 205 2424 ac
243 2392 493 2439 perpetuam
539 2379 848 2420 annotationem
886 2377 1075 2430 reliquit,
1128 2392 1212 2432 qua
1255 2377 1327 2417 etsi
1366 2391 1448 2417 non
1480 2375 1622 2416 omnia
1662 2374 1855 2414 omnium
1894 2373 2100 2417 desideria

161 2464 426 2519 aequaverit,
465 2471 607 2502 tamen
638 2460 801 2514 primus
835 2458 1029 2499 omnium
1062 2457 1408 2498 obscurissimum
1442 2456 1689 2509 scriptorem
1721 2454 1763 2493 in
1796 2454 1972 2497 clariore
2003 2456 2099 2496 luce

160 2545 344 2599 posuisse
384 2542 631 2594 aditumque
671 2538 721 2579 ad
761 2551 858 2578 eum
899 2537 965 2578 vel
1007 2537 1270 2579 mediocriter
1308 2535 1436 2576 doctis
1478 2533 1721 2573 hominibus
1756 2534 1968 2588 aperuisse
2001 2549 2097 2575 cen-
