2310 2860
45 363 132 404 559
162 362 525 419 consequentibus.

38 1012 127 1053 560

164 176 257 219 474

755 169 952 212 Martiani
984 168 1182 226 Capellae
1212 168 1284 212 lib.
1308 168 1362 211 V.
1394 169 1426 221 ᾗ.
1451 168 1549 211 559.

165 285 329 327 minore
366 281 419 325 ad
454 280 615 336 majus,
660 293 684 321 a
713 278 1002 336 praecedenti,
1049 277 1102 318 ab
1137 291 1186 318 eo
1226 276 1344 332 quod
1383 277 1520 318 simile
1550 286 1611 319 est
1641 278 1708 320 vel
1740 291 1764 320 a
1793 280 2045 334 conjunctis,
2089 295 2112 324 a

595 362 691 403 Post
728 376 820 402 rem
867 360 948 401 loci
985 368 1083 401 sunt
1120 358 1228 400 duo:
1261 359 1314 400 ab
1359 369 1537 411 eventu,
1585 369 1624 401 et
1670 375 1694 402 a
1734 360 1932 415 judicato.

2004 365 2111 406 Sunt

165 448 231 489 alii
261 445 342 486 loci
372 446 450 485 ἀπὸ
478 448 549 495 τῆς
576 446 786 494 συζυγίας,
826 441 868 481 id
900 449 958 480 cst
988 455 1010 480 a
1046 440 1341 495 conjugatione
1371 440 1459 481 sive
1493 455 1515 481 a
1547 441 1800 496 conjugatis,
1841 441 1958 496 quod
1989 445 2110 496 quasi

162 529 353 581 junctum
393 534 452 565 est
489 538 694 580 personae
740 522 952 577 qualitati,
998 529 1046 560 ut
1082 534 1181 560 eum
1230 520 1306 575 qui
1340 520 1504 561 hostilia
1542 521 1691 562 sentiat
1730 521 1894 562 hostem
1931 537 2019 562 csse
2048 522 2112 563 di—

162 622 330 657 camus,
386 605 486 646 item
519 620 542 645 a
573 604 793 659 qualitate,
843 612 889 643 ut
918 603 951 643 si
982 600 1186 643 iracunde
1221 601 1338 652 fecit,
1384 602 1472 642 sine
1503 602 1665 643 ratione
1688 602 1868 655 «feccrit3
1909 618 1932 643 a
1975 616 2113 656 quan-

159 690 291 738 titate,
337 697 382 728 ut
411 688 443 728 si
473 701 622 727 servus
654 695 734 736 est,
779 684 927 725 eodem
961 683 1089 724 modo
1120 683 1280 724 factum
1311 683 1382 735 sit3
1423 698 1447 723 a
1479 683 1731 737 conjunctis,
1761 683 1804 723 id
1836 693 1895 724 est
1925 685 2005 723 ἀπὸ
2031 688 2112 723 τῶν

158 774 347 812 πτώσεων
374 772 437 809 καὶ
466 773 693 816 συνθέτων,
739 776 785 807 ut
822 766 953 807 fasces
994 774 1034 806 et
1074 774 1188 820 toga,
1237 764 1338 804 sella
1377 763 1556 814 curulis,
1611 763 1937 818 magistratuum
1986 778 2115 804 orna-

157 862 299 893 menta
333 861 450 902 sunt3
498 850 598 891 item
630 864 654 890 a
685 848 925 904 partitione,
970 846 1013 887 id
1047 855 1107 887 est
1136 849 1215 886 ἀπὸ
1243 849 1316 896 τῆς
1343 849 1581 896 διαιρέσεως,
1631 859 1708 899 per
1740 859 1886 884 onmes
1928 844 2111 884 circum-

157 933 343 982 stantias,
374 932 416 972 id
446 940 506 971 est
540 945 676 986 quum
711 929 922 984 partimur
946 942 1020 983 per
1045 942 1265 982 personas,
1295 937 1509 983 tempora,
1541 937 1580 967 et
1611 936 1761 977 cetera,
1791 942 1901 981 quae
1934 927 2112 968 varietas

155 1023 270 1069 grata
314 1011 584 1054 discriminat.

151 1173 241 1206 facile
266 1172 472 1214 intelligitur,
504 1183 560 1203 eur
586 1170 765 1214 repudiarit*
783 1170 915 1200 aliorum
936 1168 1108 1199 lectionem

153 1235 319 1273 habitum,
342 1245 475 1277 eamque
505 1233 544 1264 ad
577 1233 748 1273 marginem
775 1230 977 1272 relegaverit,
1011 1230 1106 1260 immo

151 1296 340 1335 correxerit,
363 1308 461 1338 quum
484 1300 588 1325 tamen
608 1294 764 1325 Graecam
782 1304 892 1324 vocem
911 1291 1104 1334 apposuerit,

153 1370 233 1401 quae
261 1357 389 1388 omnino
414 1357 557 1388 habitum
581 1360 681 1385 sonet.
709 1353 957 1384 Fortunatianus
976 1352 1105 1395 quidem

150 1423 374 1452 habitationem
390 1425 421 1450 et
433 1420 634 1450 amissionem
648 1417 726 1448 dixit
742 1413 825 1457 ἕξιν
837 1413 899 1449 καὶ
914 1414 1102 1460 ὄτὲρηόιν,

151 1483 208 1514 sed
233 1482 409 1514 Martianus
426 1480 568 1524 profecto
595 1491 611 1510 e
633 1477 790 1510 Martiano
816 1477 1023 1521 explicandus
1044 1482 1104 1508 est.

148 1546 236 1578 Idem
265 1556 378 1588 nempe
411 1555 506 1587 supra
536 1542 577 1587 (ξ.
597 1542 684 1585 585)
711 1542 847 1573 dixerat:
879 1546 1103 1584 »opponuntur

148 1609 209 1641 sibi
239 1608 396 1640 contraria
428 1613 462 1638 ut
486 1608 614 1638 habitus
644 1605 837 1644 orbationi«,
868 1604 964 1647 idque
987 1605 1102 1636 deinde

147 1671 260 1702 deinde
290 1668 330 1712 (ξ.
347 1670 420 1701 586
442 1668 478 1710 f.)
497 1668 675 1711 repetierat.
700 1666 774 1709 Ipse
799 1666 877 1696 adeo
906 1665 1023 1696 Cicero
1048 1665 1101 1708 (de

147 1734 266 1765 invent.
292 1734 328 1772 1,
357 1732 433 1773 25)ε
461 1724 623 1762 »habitunt
645 1726 856 1773 appellamus,
886 1729 1004 1772 iuquit,
1035 1728 1100 1760 ani-

148 1797 191 1829 mi
216 1801 271 1827 aut
295 1794 439 1837 eorporis
467 1799 665 1825 constantem
683 1798 715 1823 et
738 1792 915 1823 absolutam
939 1791 1045 1834 aliqua
1068 1791 1101 1823 in

148 1871 181 1891 re
197 1858 453 1903 perseetionem.«

222 1920 307 1967 quod
330 1919 426 1949 simili
443 1916 502 1962 est]
530 1917 649 1948 Procul
672 1917 768 1948 dubio
790 1917 960 1958 legendum
986 1928 1003 1947 e
1019 1916 1097 1948 For-

147 1980 325 2013 tunatiano:
342 1979 444 2022 »quod
457 1979 552 2010 simul
566 1984 646 2017 est«,
665 1977 722 2009 sed
736 1978 860 2009 codices
877 1978 955 2009 nihil
969 1978 1098 2010 variant·

221 2042 260 2073 ab
285 2038 420 2083 euentu]
454 2039 574 2071 Marius
601 2038 787 2071 Victorinus
810 2039 860 2082 (1)-
884 2040 953 2070 157
978 2039 1097 2082 Pith.):

155 2103 333 2134 »Eventum
360 2101 450 2132 illum
467 2099 671 2143 accipiamus,
696 2100 751 2143 qni
777 2100 946 2143 unicuique
972 2100 1017 2132 rei
1044 2113 1097 2131 ua-

148 2165 292 2197 turaliter
319 2164 444 2197 videtur
474 2163 657 2204 adjunctuS,
691 2163 746 2206 qui
773 2174 839 2193 rem
872 2175 977 2203 suam,
1010 2169 1097 2206 post-

148 2242 243 2273 quam
264 2240 316 2260 res
340 2228 409 2271 ipsa
435 2226 620 2268 contigerit,
640 2238 769 2257 necesse
796 2232 844 2258 est
869 2233 1099 2270 consequatur-3

148 2299 180 2324 et
206 2298 282 2324 tunc
307 2303 380 2323 vere
407 2291 445 2321 de
472 2295 588 2321 eventu
613 2290 715 2320 facere
742 2302 910 2332 possumus
933 2303 1096 2332 argumen-

148 2362 231 2395 tum,
261 2355 289 2386 si
314 2354 382 2398 ipse
406 2359 538 2385 eventus
561 2358 666 2383 certus
691 2352 748 2383 sit«
775 2358 833 2383 eet.

221 2415 420 2462 ajudieato]
446 2416 601 2448 Nimirum
627 2421 662 2446 ut
687 2416 730 2446 ait
755 2415 872 2447 Curius
896 2416 1098 2448 Fortunatia-

149 2492 209 2511 nus
233 2481 277 2524 (p.
298 2481 345 2512 65
362 2480 461 2523 Pith.)
486 2491 600 2522 »quum
625 2483 678 2509 aut
703 2480 841 2509 omnium
865 2479 1025 2510 hominum
1043 2479 1096 2521 ju-

149 2543 232 2574 dicio
249 2542 387 2582 nitimur,
411 2548 465 2574 aut
481 2543 634 2585 plurium,
651 2546 706 2572 aut
723 2543 923 2584 optimorum,
947 2548 1001 2574 aut
1020 2545 1095 2574 emi-

150 2608 293 2638 nentium
316 2617 355 2637 ex
376 2605 443 2645 his,
469 2611 522 2637 aut
544 2616 654 2637 eorum
683 2604 739 2648 qui
761 2604 794 2636 in
818 2617 1005 2649 unaquaque
1028 2611 1094 2636 arte

659 1008 941 1050 Inartificialia
991 1006 1242 1050 dividuntur
1292 1010 1336 1050 in
1384 1009 1666 1066 praejudicia,
1725 1010 1769 1050 in
1810 1024 2028 1062 rumores,
2070 1009 2111 1049 in

1159 1174 1191 1200 et
1216 1169 1347 1201 seientia
1373 1169 1491 1201 versati
1518 1175 1601 1201 sunt.
1642 1169 1703 1201 Est
1723 1169 1901 1212 judicatum
1923 1175 1956 1201 et
1982 1169 2108 1211 religio-

1159 1244 1246 1273 sum,
1275 1233 1361 1277 qnod
1388 1234 1427 1264 ad
1457 1234 1534 1264 deos
1565 1233 1730 1276 pertinet«
1769 1233 1863 1264 Unde
1894 1238 1981 1276 patet
2007 1233 2109 1264 nenti-

1157 1310 1251 1341 quam
1282 1299 1383 1329 solam
1411 1298 1600 1329 sententiam
1622 1310 1639 1329 a
1660 1298 1769 1339 jndice
1795 1298 1891 1328 latam
1916 1309 1988 1329 esse
2016 1297 2108 1328 intel-

1156 1361 1325 1402 ligendam.

1232 1422 1438 1469 όυζυγὶας]
1459 1425 1486 1455 Ε
1507 1424 1664 1456 Cicerone
1686 1424 1731 1467 (in
1748 1424 1845 1468 topic.
1863 1426 1885 1456 5
1909 1430 1941 1456 et
1960 1425 2005 1468 9).
2023 1425 2108 1457 Con-

1154 1487 1201 1517 fer
1223 1492 1367 1517 nostrum
1391 1498 1486 1529 snpra
1508 1485 1549 1530 (ξ.
1565 1487 1649 1518 474.
1673 1486 1760 1528 484)
1784 1491 1816 1518 et
1838 1486 1972 1518 Curium
1993 1487 2107 1519 Fortu-

1152 1549 1314 1581 natianum
1335 1550 1378 1594 (p.
1397 1550 1458 1592 65)
1483 1562 1577 1594 quem
1602 1549 1782 1593 exscripsit.

1223 1619 1259 1644 ut
1281 1626 1354 1644 enm
1375 1611 1444 1659 qni]
1472 1613 1544 1645 MS.
1568 1618 1622 1644 »ut
1646 1613 1793 1656 quicum
1815 1613 1897 1656 qui.«
1931 1614 2029 1644 Forte
2054 1620 2105 1645 »ut

1153 1673 1179 1704 si
1201 1687 1272 1705 eum
1298 1674 1372 1717 qui«
1398 1680 1455 1705 cet.
1469 1674 1631 1706 Gn0T.—
1655 1675 1712 1707 Sic
1734 1675 1828 1706 etiam
1846 1674 2104 1710 Fortunatianus,

1151 1736 1207 1766 sed
1231 1735 1338 1767 invitis
1362 1736 1524 1767 codicibus
1557 1736 1635 1766 nihil
1664 1741 1768 1776 muto,
1797 1736 1982 1779 praesertim
2007 1749 2103 1780 quum

1149 1796 1183 1828 in
1202 1797 1410 1840 sequentibus
1434 1809 1562 1840 qnoque
1587 1797 1730 1838 legamus
1754 1798 1975 1839 conjunc-[ivos
1989 1798 2102 1841 feeerit

1151 1864 1182 1890 et
1202 1858 1326 1901 factum
1348 1861 1389 1890 sit
1414 1870 1471 1902 pro
1492 1858 1685 1899 indicativis,
1714 1859 1769 1902 qui
1794 1860 1878 1902 apud
1901 1860 2102 1892 Fortunatia-

1150 1934 1227 1953 num
1263 1927 1353 1961 sunt,
1388 1922 1471 1952 unde
1503 1922 1674 1954 verisimile
1708 1922 1744 1953 fit
1777 1923 1969 1955 Mattianum
1999 1924 2103 1969 ipsum

1150 1989 1187 2016 ut
1210 1995 1269 2027 pro
1295 1983 1518 2024 conjunctione
1540 1984 1710 2027 accepisse.

1221 2046 1329 2077 eodem
1351 2043 1460 2089 modo]
1496 2045 1534 2076 ld
1563 2050 1612 2076 cst
1636 2047 1806 2078 serviliter.
1823 2046 1928 2078 Gnor.
1943 2064 1991 2070 —-·
2029 2045 2097 2078 Sed

1149 2106 1226 2150 quid
1249 2108 1310 2138 hoc
1332 2106 1371 2137 ad
1390 2106 1620 2149 quantitatem?
1646 2107 1765 2139 Procul
1788 2107 1885 2138 dubio
1906 2118 1965 2150 pro
1984 2118 2096 2140 servus

1148 2170 1318 2212 legendum
1341 2171 1463 2208 serius,
1491 2176 1526 2200 ut
1550 2170 1633 2213 apud
1653 2170 1915 2201 Fortunatianum
1941 2175 2001 2202 est.

1222 2244 1280 2275 per
1293 2229 1459 2275 personas]
1483 2232 1550 2262 Per·
1566 2243 1583 2261 a
1596 2230 1711 2262 Grotio
1729 2231 1879 2261 omissum
1901 2242 1917 2262 e
1932 2231 2095 2263 codicibus

1147 2292 1333 2326 monacensi
1355 2292 1411 2336 (C)
1439 2298 1471 2324 et
1497 2291 1743 2323 Darmstattensi
1781 2292 1909 2324 omnino
1945 2294 2095 2338 supplen-

1148 2355 1222 2387 dum
1244 2359 1321 2386 erat.

1223 2412 1455 2458 inartificialia]
1483 2413 1597 2446 Cicero
1626 2413 1672 2457 (in
1699 2414 1793 2457 topic.
1812 2415 1835 2447 4
1861 2420 1893 2447 et
1915 2414 1967 2458 9):
1997 2427 2096 2460 »qnae

1148 2478 1346 2510 extrinsecus
1374 2481 1594 2515 assumuntur,
1623 2487 1660 2506 ca
1685 2476 1820 2508 maxime
1848 2489 1887 2509 ex
1910 2477 2097 2510 auctoritate

1148 2542 1316 2573 ducuntur.
1329 2539 1441 2582 ltaque
1455 2537 1571 2570 Graeci
1585 2536 1664 2568 tales
1681 2539 1970 2579 argumentationes
1981 2535 2096 2582 ἀτέχ-

1147 2614 1244 2642 νους
1267 2605 1396 2641 vocant,
1418 2599 1450 2631 id
1473 2604 1522 2632 est
1543 2599 1618 2631 artis
1640 2605 1814 2645 expe1·tcs.u
1842 2600 1938 2632 Adde
1961 2600 2094 2632 eundem
