2310 2860
243 195 333 239 520
816 193 1012 234 Martiani
1045 192 1242 248 Capellae
1272 193 1345 235 lib.
1370 192 1443 234 III.
1476 196 1507 245 ᾗ.
1532 193 1630 235 521.

245 304 316 344 sed
355 299 614 342 consuetudo
659 315 785 357 saepe
829 299 1081 342 brevitatem
1124 309 1324 355 appetens
1358 299 1401 340 V
1439 299 1605 341 literam
1651 301 1879 353 subtrahit,
1925 313 1964 343 et
2004 304 2195 345 absoluta

245 383 472 438 ingeminat
504 381 544 432 Ι,
586 390 634 421 ut
663 381 767 433 adii,
803 382 962 437 prodii,
994 380 1206 431 adieram,
1246 379 1503 435 prodieram.
1572 380 1822 423 Inchoativa
1853 396 2028 437 quoque
2059 386 2196 439 specie.

243 462 401 516 adjecta
425 460 478 501 ad
501 460 807 516 imperativum
832 460 1012 500 modum
1033 459 1133 501 bam
1158 460 1323 515 syllaba
1347 463 1642 514 terminantur,
1673 473 1719 504 ut
1743 463 1927 514 adibam,
1958 464 2195 517 prodibam.

123 541 211 583 522
246 542 370 591 Quae
410 555 512 581 vero
551 539 777 581 indicativo
810 539 939 580 modo
976 548 1167 595 tempore
1205 543 1415 596 praesenti
1462 557 1641 598 persona
1684 543 1823 597 prima
1862 543 1900 582 io
1944 542 2072 582 literis
2110 552 2196 584 ter-

240 623 477 672 minantur,
529 636 578 663 ea
621 631 812 678 tempore
859 622 1084 677 praeterito
1132 623 1327 665 absoluta
1368 624 1506 679 speeie
1546 634 1585 665 et
1626 633 1772 665 exacta
1816 623 1955 664 forma
2005 624 2197 679 quinque

240 702 376 743 modis
419 702 713 743 enunciantur.
773 702 827 743 Et
858 712 918 743 est
949 704 1115 758 primus
1149 704 1301 746 modus
1332 705 1478 746 similis
1511 705 1746 760 superiori,
1787 713 1835 745 ut
1864 705 2005 745 nutrio
2038 705 2196 747 nutrivi

240 783 521 833 nutriveram,
552 783 682 823 nutrii
710 783 966 834 nutrieram,
997 794 1036 825 et
1066 784 1178 826 audii
1211 785 1445 836 audieram,
1477 794 1524 825 ut
1555 783 1670 839 apud
1691 784 1941 839 Virgilium:
1973 784 2196 835 „audieras

241 872 280 903 et
318 862 435 904 sama
474 863 595 904 fuit.“
652 864 799 919 Specie
840 873 1005 904 tantum
1039 865 1280 906 inchoativa
1310 865 1473 906 distant.
1533 864 1692 905 Omnia
1724 864 1834 904 enim
1872 864 2017 904 tertiae
2047 865 2197 917 eonju-

239 945 413 1000 gationis
458 944 689 1000 productae
735 945 887 996 verba,
934 959 1046 1001 quae
1083 945 1309 987 indicativo
1357 944 1487 986 modo
1525 953 1717 999 tempore
1765 943 1974 999 praesenti
2017 959 2196 1000 persona

239 1027 379 1081 prima
419 1026 458 1066 io
502 1026 630 1067 literis
669 1026 972 1077 terminantur,
1024 1040 1073 1066 ea
1112 1025 1260 1066 eodem
1302 1024 1431 1066 modo
1466 1035 1658 1080 tempore
1700 1025 1925 1080 praeterito
1956 1027 2094 1081 specie
2131 1026 2196 1066 in—

243 1107 438 1147 choativa
459 1107 495 1147 E
520 1106 726 1161 producta
761 1116 959 1148 manente
989 1108 1244 1147 novissimae
1276 1107 1466 1160 syllabae
1498 1107 1700 1160 adjiciunt
1727 1107 1850 1157 bam,
1881 1116 1928 1146 ut
1953 1106 2194 1155 audiebam,

242 1185 490 1235 veniebam,
529 1184 799 1239 operiebam;
846 1199 1097 1240 quanquam
1143 1185 1249 1226 haec
1287 1197 1449 1228 veteres
1491 1188 1578 1227 sine
1615 1188 1651 1228 E
1690 1187 1807 1229 litera
1842 1187 2195 1243 pronunciabant,

240 1274 288 1304 ut
320 1264 546 1319 Virgilius:
579 1264 807 1315 „Nutribat
853 1265 1143 1321 Tyrrhusque
1186 1276 1326 1321 pater,
1378 1267 1447 1307 cui
1488 1268 1602 1322 regia
1642 1275 1792 1321 parent
1831 1269 2065 1308 arment-‘215‘
2121 1267 2195 1306 Se-

241 1344 406 1386 cundus
446 1344 598 1385 modus
637 1355 717 1396 est,
767 1360 906 1400 quum
934 1347 972 1388 Ο
999 1348 1150 1388 amissa
1177 1345 1434 1401 praecedens
1478 1345 1642 1400 syllaba
1679 1345 1955 1401 producitur,
1996 1354 2043 1386 ut
2070 1345 2194 1386 venio

240 1425 337 1465 veni
376 1438 590 1465 veneram.
661 1425 854 1476 Tertius,
901 1440 1040 1481 quum
1076 1427 1095 1466 I
1129 1436 1167 1467 et
1201 1427 1238 1468 O
1272 1427 1314 1467 in
1347 1426 1387 1467 V
1418 1435 1457 1467 et
1486 1426 1506 1466 I
1537 1426 1728 1477 mittunt,
1777 1435 1823 1465 ut
1862 1425 2007 1480 operio
2046 1425 2195 1480 operui

239 1518 509 1559 operueram.
574 1504 786 1555 Quartus,
834 1506 911 1560 qui
953 1506 1148 1562 depositis
1180 1507 1198 1548 I
1229 1517 1268 1547 et
1309 1508 1347 1548 O
1387 1506 1711 1562 praecedentem
1753 1515 2055 1546 consonantem
2094 1506 2135 1546 in
2167 1507 2194 1546 S

241 1585 468 1634 convertit,
507 1593 554 1623 ut
583 1585 717 1624 sarcio
748 1586 851 1625 sarsi
882 1601 1106 1627 sarseram.
1169 1588 1378 1637 Quintus,
1410 1588 1484 1641 qui
1510 1602 1585 1641 per
1609 1587 1653 1627 X
1679 1587 1951 1635 enunciatur,7
1983 1596 2029 1627 ut
2054 1587 2192 1627 vincio

122 1663 212 1706 525
244 1664 360 1704 vinxi
412 1663 648 1703 vinxeram.
732 1663 902 1704 Tertiae
950 1666 1253 1720 conjugationis
1306 1668 1539 1723 productae
1588 1669 1745 1718 verba,
1808 1683 1919 1723 quae
1968 1667 2193 1707 indicativo

240 1742 369 1783 modo
419 1752 611 1798 tempore
656 1745 864 1799 praesenti
906 1760 954 1786 eo
1000 1747 1126 1788 literis
1173 1747 1476 1797 terminantur,
1527 1761 1577 1787 ea
1617 1756 1808 1802 tempore
1851 1747 1997 1787 futuro
2040 1745 2188 1786 eodem

241 1823 369 1864 modo
415 1823 469 1863 bo
516 1823 680 1877 syllaba
729 1823 890 1878 adjecta
938 1824 990 1865 ad
1042 1825 1348 1880 imperativum
1395 1826 1575 1868 modum
1629 1829 1935 1877 terminantur,
1997 1836 2044 1867 ut
2089 1826 2192 1867 adeo

242 1903 310 1944 adi
350 1902 496 1953 adibo,
543 1903 703 1958 prodeo
746 1904 870 1959 prodi
906 1903 1109 1960 prodibo,
1169 1919 1281 1960 quae
1320 1920 1422 1947 vero
1468 1907 1531 1957 io,
1589 1906 1749 1960 adjecta
1793 1907 1846 1947 ad
1887 1907 2189 1962 imperativum

243 1982 427 2024 modum
462 1997 531 2023 am
561 1982 723 2037 syllaba
753 1985 1054 2036 terminantur,
1085 1994 1131 2026 ut
1163 1985 1291 2026 audio
1324 1985 1423 2026 audi
1449 1985 1644 2038 audiam,
1674 1987 1815 2028 nutrio
1845 1987 1960 2028 nutri
1990 1988 2190 2032 nutriann

244 2065 444 2119 quamvis
479 2065 704 2106 Terentius
735 2068 956 2121 protulerit
985 2084 1061 2124 per
1092 2069 1168 2121 bo3
1212 2067 1310 2109 inde
1344 2077 1519 2123 apparet
1556 2069 1773 2123 geminam
1812 2083 1901 2110 esse
1931 2067 2189 2123 pronuncia-

319 2234 426 2280 audii]
454 2235 519 2267 Pro
546 2236 623 2267 audi
643 2236 675 2267 in
703 2236 810 2276 editis,
843 2238 969 2270 codices
992 2237 1190 2270 Reielieuau-
1316 2241 1351 2267 nl
1372 2235 1494 2280 sareio]
1528 2235 1627 2279 Apud
1656 2236 1804 2268 Grotium
1832 2236 1978 2277 neglecto
2011 2243 2046 2268 nl
2075 2236 2190 2278 legitur

245 2296 347 2335 ensis,
380 2297 658 2336 Darnistattensis,
695 2303 727 2329 et
752 2299 954 2331 Monacensis
973 2299 1192 2343 (C).Yi1·gilii
1242 2298 1350 2328 sartio.
1376 2297 1641 2328 Emendationem
1663 2297 1753 2328 hausi
1770 2309 1786 2328 e
1803 2297 2049 2329 Darnistatteusi
2067 2304 2099 2329 et
2115 2298 2189 2330 Rei-

244 2360 334 2392 locus
357 2366 406 2391 est
433 2360 465 2391 in
488 2360 606 2402 eelogis
630 2362 683 2403 (9,
710 2362 778 2404 11).
1242 2358 1433 2390 chana-musi
1455 2357 1576 2390 codice.

322 2420 477 2466 Tyrrhus]
504 2421 552 2453 Ita
573 2422 727 2464 Virgilius
752 2423 847 2466 (Aen.
865 2426 900 2463 7,
923 2424 1026 2466 485),
1057 2423 1189 2457 Grotius
1319 2419 1504 2465 Terentius]
1532 2420 1569 2452 ln
1593 2419 1750 2464 Adelphis
1774 2421 1826 2465 (5,
1851 2423 1891 2461 5,
1916 2422 2105 2465 7).·Neseio
2134 2433 2190 2455 eur

247 2483 327 2514 male
357 2484 466 2525 Tyrus.
1245 2485 1377 2518 Grotius
1398 2484 1593 2528 transposuit
1615 2484 1709 2515 verba
1723 2486 1793 2529 jum
1811 2486 1914 2525 scibog.
1945 2498 2016 2516 nam
2041 2486 2096 2529 qui
2117 2491 2187 2517 ante

322 2543 470 2589 mittunt]
498 2544 643 2588 Apparet
671 2551 797 2577 ’nutant
820 2546 994 2593 *legendum
1021 2559 1109 2581 esse:
1136 2548 1192 2581 sed
1244 2560 1315 2578 eum
1343 2546 1532 2578 martianum
1567 2545 1746 2586 ediderant,
1790 2558 1895 2578 veram
1926 2547 2093 2579 lectionem
2125 2557 2186 2576 ser-

249 2607 353 2639 imitis
377 2608 538 2642 codicibus
566 2608 644 2640 nihil
669 2615 764 2642 muto.
1244 2610 1412 2642 vax-erants
