2310 2860
651 137 850 181 Martiani
880 137 1080 196 Capellae
1109 138 1181 180 lib.
1210 137 1264 182 V.
1303 139 1336 191 §.
1359 138 1463 181 429.

1968 140 2057 182 589

105 250 366 306 protectique
393 247 652 304 paupertatis
681 247 798 299 sinu,
833 256 872 288 et
902 261 1043 302 quum
1075 246 1254 287 alterum
1282 244 1515 296 Quirinalis
1540 258 1692 300 eques,
1734 246 1867 288 alium
1897 244 2059 288 fabrilis

105 337 347 385 procrearet
377 328 604 380 industria,
643 328 699 369 ita
743 327 961 383 praeclues
1001 327 1171 382 linguae
1205 325 1451 366 excellentia
1481 324 1743 377 floruerunt,
1782 335 1828 366 ut
1860 336 1952 383 post
1985 340 2061 367 cu-

104 409 267 451 riarum
300 410 407 451 facta
451 409 774 464 immeritasque
813 417 969 449 mortes
1008 408 1163 449 virtute
1203 416 1314 448 astra
1349 405 1698 458 conscenderent,
1742 407 2057 448 immortalitate

104 490 259 546 gloriae
282 490 426 532 secula
448 499 711 547 superarent.
741 490 809 531 De
832 503 922 530 uno
947 499 1112 541 tamen,
1143 503 1276 544 quem
1298 488 1567 530 Athenarum
1593 489 1778 544 populus
1809 504 1855 531 ae
1887 491 2058 546 palliata

104 634 240 665 sulatum
271 635 482 666 mandandum
513 635 556 667 Μ.
582 635 689 666 Tullio
717 635 874 667 Ciceroni.
910 634 1055 677 Namque

103 704 195 728 autea
218 698 369 742 pleraque
394 698 543 730 nobilitas
566 698 682 730 invidia
709 699 890 738 aestuabat,
917 703 948 730 et
965 696 1055 741 quasi

102 761 203 805 pollui
220 762 419 793 consulatum
438 758 625 801 credebant,
647 761 675 792 si
702 772 774 792 eum
801 761 945 805 quamvis
967 772 1056 802 egre—

103 825 173 866 gius
211 826 302 856 homo
340 838 442 857 nouus
475 827 609 868 adeptus
639 826 758 865 ἴοι-οἱα,
792 831 824 856 et
854 825 923 868 ipse
950 830 1058 856 orator

102 887 154 930 (de
176 887 247 927 lege
271 899 335 928 agr.
353 887 402 927 11,
430 887 479 929 l):
502 898 569 918 »me
589 886 746 930 perlongo
767 886 935 917 intervallo
957 897 1057 929 prope

102 950 271 981 memoriae
291 956 531 993 temporumque
548 955 730 981 nostrorum
751 949 886 992 primum
901 950 1058 980 homiuem

101 1026 219 1045 nouum
233 1013 398 1059 epnsulem
412 1013 560 1044 fecistis«
594 1013 716 1044 Confer
730 1012 976 1043 Middletonium
992 1013 1058 1055 (the

99 1077 153 1108 life
185 1078 223 1108 of
246 1077 360 1108 Cicero
382 1076 413 1115 Ι,
439 1088 469 1119 p.
486 1075 535 1117 5).
572 1075 640 1107 Sed
666 1074 706 1106 de
728 1076 947 1106 Demosthene
972 1076 1057 1106 idem

99 1137 202 1170 fraudi
224 1137 286 1168 suit
307 1142 434 1176 nostro,
463 1136 551 1179 quod
575 1136 726 1167 ‚Ji-venali
742 1136 820 1178 (10,
842 1136 943 1178 129),
966 1137 1057 1178 eujus

99 1202 205 1234 locum
220 1200 288 1241 jam
314 1199 448 1232 Grotius
473 1211 546 1231 eum
566 1204 678 1230 nostro
699 1199 907 1242 eomparavitz

160 1264 238 1293 »Dis
258 1262 310 1293 ille
334 1261 478 1293 adversis
498 1262 627 1304 genitus
644 1260 779 1306 fatoque
801 1262 949 1300 sinistro,

150 1323 253 1367 Quem
277 1329 370 1365 pater
388 1322 533 1353 ardentis
559 1333 682 1353 massae
703 1321 842 1365 fitliqine
867 1322 971 1364 prus

147 1387 182 1419 A
205 1387 342 1418 carbone
361 1390 392 1416 et
411 1384 586 1428 forcipibus
615 1384 802 1430 qladiosque
817 1389 954 1427 parante

144 1450 272 1481 Jncudc
300 1454 331 1479 et
353 1449 438 1479 luteo
462 1448 611 1478 Vulcano
634 1447 678 1477 cul
701 1447 831 1477 rhetora
855 1447 959 1477 misit«

100 1516 132 1543 et
153 1510 336 1555 Apollinari
359 1509 513 1549 Sidonio,
542 1508 598 1553 qui
618 1508 725 1552 (earm.
746 1507 790 1549 2,
818 1508 904 1551 186)
929 1507 969 1539 de
990 1507 1054 1539 De·

99 1576 282 1606 mosthene:

149 1655 196 1661 -——
213 1655 260 1660 »-
275 1638 362 1668 »sine
380 1635 445 1679 fine
470 1636 595 1668 locutus

147 1700 255 1733 Faba-0
278 1701 466 1744 prufflenitus
476 1723 488 1738 ,
512 1704 618 1742 spreto
641 1698 695 1730 eui
712 1703 805 1742 patre
825 1696 926 1741 polita

148 1765 296 1810 Eloquiis
318 1765 390 1807 plus
416 1764 527 1806 linqua
546 1762 631 1805 suit«
653 1779 702 1785 -
717 1779 766 1785 —-

100 1827 278 1869 pariterque
293 1827 425 1858 Valerio
439 1826 592 1865 Maximo,
613 1825 667 1868 qui
683 1826 731 1867 (5,
748 1824 784 1863 4,
798 1828 861 1854 ext.
873 1821 924 1865 2):
943 1833 1055 1865 »quam

99 1895 230 1921 matrem
259 1888 447 1931 Euripides,
480 1888 600 1931 inquit,
633 1892 688 1918 aut
718 1899 814 1930 quem
841 1890 964 1928 patrem
990 1885 1055 1915 De-

100 1954 285 1984 mosthenes
312 1951 472 1990 habuerit,
505 1951 648 1994 ipsorum
678 1949 787 1981 seculo
813 1949 956 1989 ignotum
979 1947 1055 1986 suin

100 2016 230 2047 alterius
263 2021 368 2046 autem
393 2020 524 2046 matrem
557 2014 660 2053 olera,
687 2012 816 2043 alterius
845 2017 966 2055 patrem
989 2010 1054 2042 eul-

101 2079 194 2110 tellos
225 2079 426 2117 venditasse,
459 2077 598 2108 omnium
627 2087 729 2120 paene
756 2076 923 2107 doctorum
944 2075 1055 2106 literae

101 2142 311 2185 loquunuu·«;
347 2140 494 2172 nimirum
527 2120 615 2183 qubd
648 2144 770 2182 patrem
803 2138 873 2180 ejus
901 2138 1056 2179 legissent

101 2201 390 2249 μαχαιροποιὸν
416 2204 515 2235 fuisse
546 2203 729 2246 (Plutarch.
751 2202 784 2232 in
815 2201 879 2233 vita
917 2214 947 2244 p.
971 2201 1055 2232 84⁷.

101 2266 234 2298 Lucian.
252 2267 367 2297 rhetor.
386 2277 489 2309 praee.
510 2266 572 2303 10,
600 2265 639 2296 Τ.
652 2264 735 2304 ΥΠ,
762 2276 793 2306 p.
809 2264 881 2294 229
900 2262 1055 2306 Bipont.),

103 2329 189 2373 quod
205 2340 280 2359 vero
305 2329 348 2359 ita
364 2328 471 2371 potius
491 2328 732 2370 intelligendum
753 2333 836 2367 erat,
860 2327 1054 2368 ergastulum

102 2393 191 2423 illum
210 2391 375 2431 habuisse,
404 2391 459 2422 uhi
480 2391 563 2421 servi
588 2391 667 2422 fabri
688 2391 812 2432 gladios
832 2391 1055 2434 proeuderent.

101 2455 175 2499 Ipse
203 2455 288 2487 enim
313 2454 540 2485 honestissimo
565 2453 638 2486 loeo
662 2460 757 2486 natus
783 2460 864 2494 erat,
889 2453 972 2488 τῶν
992 2466 1056 2488 κα·

104 2515 185 2552 λῶν
209 2513 273 2550 καὶ
302 2511 479 2560 ἀγαθῶν,
509 2520 543 2546 ut
565 2526 605 2546 cx
628 2515 838 2560 Theopompo
861 2516 1054 2547 Plutarchus

111 2578 214 2617 tradit,
242 2589 345 2620 neque
372 2576 543 2609 acerrimus
561 2576 696 2608 oratoris
719 2576 919 2609 adversarius
947 2583 979 2609 et
998 2577 1052 2608 oh-

1107 641 1260 667 trectator
1279 634 1459 667 Aeschines
1476 646 1590 676 negare
1608 635 1703 666 audet
1725 635 1809 679 (adv.
1827 635 1971 678 Ctesiph.
1987 635 2059 682 M),

1107 706 1275 743 tantasque
1309 699 1433 730 divitias
1462 699 1584 737 hahuit,
1617 704 1652 729 ut
1688 700 1751 729 filio
1780 711 1844 729 rem
1875 699 2059 730 humiliarem

1108 762 1347 806 quatuordecim
1368 761 1558 792 talentorum
1579 760 1775 803 relinqueret
1794 761 1973 803 (Demosth.
1992 761 2061 791 adv.

1108 824 1237 867 Aphob.
1254 836 1284 866 p.
1304 822 1522 864 814Reist;.)‚
1541 834 1622 865 quae
1644 827 1756 865 postea
1773 822 1898 853 demum
1922 828 2061 853 tutorum

1109 887 1179 928 ejus
1206 886 1316 918 fraude
1338 886 1533 929 aliquantum
1555 886 1716 916 imminuta
1738 891 1798 918 est.

1181 946 1392 995 protectique]
1415 948 1465 978 De
1485 947 1641 979 Cicerone
1661 959 1765 978 serino
1787 952 1819 978 et
1834 947 2063 978 Demosthene.

1110 1010 1284 1053 Quomodo
1314 1015 1435 1041 autem:
1467 1011 1617 1052 »protecti
1651 1008 1848 1052 paupertatis
1879 1008 1969 1040 sinu«
2000 1008 2061 1039 dici

1109 1073 1266 1116 possunt?
1291 1072 1365 1103 Hoc
1388 1071 1497 1110 nihili,
1525 1071 1625 1102 scribe
1649 1070 1801 1113 »prosi-cei
1824 1083 1841 1102 e
1865 1070 2061 1113 paupertatis

1108 1135 1209 1165 sinna«
1241 1133 1398 1177 Respexit
1418 1132 1457 1163 ad
1474 1144 1582 1164 eorum
1600 1132 1754 1173 originem
1772 1132 1950 1171 obscuram,
1975 1131 2062 1174 quod

1109 1203 1141 1230 et
1165 1197 1331 1240 sequeutia
1355 1196 1499 1227 suadent.
1515 1196 1629 1228 Sim-s
1657 1195 1702 1238 (in
1721 1195 1854 1227 Gurlitti
1874 1195 1966 1226 anim.
1982 1200 2061 1237 part.

1107 1261 1141 1293 4.
1158 1273 1189 1304 p.
1208 1261 1253 1303 9).
1266 1279 1313 1283 -—
1330 1259 1531 1291 Recordatus
1552 1271 1616 1291 non
1638 1270 1709 1290 esse
1731 1259 1857 1290 videtur
1880 1259 1926 1290 vir
1947 1259 2060 1289 doctus

1106 1324 1193 1355 illius
1219 1323 1351 1366 »procul
1383 1335 1400 1354 a
1431 1323 1532 1361 Jove,
1560 1323 1673 1366 procul
1705 1334 1722 1354 a
1750 1322 1918 1363 fulmine«,
1956 1334 2061 1365 neque

1107 1385 1225 1427 egregii
1250 1386 1308 1415 hae
1333 1385 1372 1415 de
1394 1396 1427 1415 re
1448 1384 1576 1414 Horatii
1599 1384 1765 1423 earininis3
1793 1384 1908 1426 quibus
1933 1384 2061 1415 omniuo

1107 1446 1269 1488 vulgarem
1284 1446 1454 1477 lectionem
1477 1450 1612 1484 tuemur,
1637 1445 1740 1477 donec
1754 1445 1856 1476 codex
1875 1445 2061 1488 reperiatur,

1106 1508 1162 1552 qui
1185 1520 1256 1540 eum
1282 1507 1380 1539 Susio
1407 1506 1562 1538 concinat.

1177 1568 1374 1615 floruerunt]
1391 1569 1525 1602 Grotius
1546 1569 1689 1600 ediderat
1701 1568 1903 1612 floruerunt,-
1926 1569 1959 1600 in
1976 1569 2060 1600 uotis

1105 1639 1212 1667 autem
1240 1634 1404 1664 observat:
1437 1633 1637 1669 »Florum-it,
1668 1632 1739 1672 lege
1772 1644 1843 1663 cum
1868 1631 1939 1664 MS.
1960 1632 2059 1675 floru-

1105 1704 1230 1731 emna-
1269 1696 1442 1738 Ignorahat
1467 1695 1589 1726 scilieet
1611 1695 1697 1738 quod
1719 1695 1870 1726 ediderat.
1907 1694 1976 1727 Sed
2000 1695 2058 1737 slo-

1104 1765 1241 1793 ruet-tml
1267 1758 1363 1790 etiam
1387 1758 1420 1788 in
1444 1756 1607 1790 codicibus
1629 1756 1885 1788 Reieheuauensi
1901 1762 1932 1787 et
1946 1756 2060 1787 Darni-

1106 1823 1252 1856 stattensi
1274 1823 1400 1864 legitur.

1180 1887 1344 1918 eut-iarum
1354 1881 1457 1927 facta]
1483 1882 1572 1924 Lege
1595 1883 1744 1913 »duriora
1764 1880 1844 1924 sina.
1859 1880 1985 1914 Vos-cu.
1999 1881 2060 1925 (sp.

1106 1947 1173 1980 crit.
1194 1959 1224 1990 p.
1245 1945 1328 1989 149)
1342 1963 1390 1969 —·
1417 1945 1509 1976 Licet
1530 1944 1614 1988 apud
1641 1943 1790 1975 Grotium
1817 1943 1941 1975 varians
1964 1943 2060 1974 lectio

1102 2009 1175 2053 fata
1195 2007 1329 2049 margini
1351 2006 1509 2050 adscripta
1531 2006 1587 2046 sit,
1612 2006 1646 2037 in
1667 2005 1856 2037 Monaceusi
1880 2011 1984 2036 autem
2002 2004 2060 2047 (C)

1106 2085 1163 2118 pro
1185 2074 1350 2105 emmim-um
1378 2073 1503 2113 legatur
1531 2082 1701 2108 cun-arum,
1727 2076 1895 2113 utrumque
1922 2069 2060 2112 denique

1105 2150 1256 2171 curarum
1274 2137 1345 2179 fata
1369 2136 1401 2168 in
1417 2135 1666 2166 Darmstattensi
1691 2139 1811 2173 exstet,
1833 2134 1992 2174 nugatam
2015 2138 2058 2163 ta«

1105 2212 1178 2231 men
1210 2199 1381 2230 lectionem
1417 2196 1555 2235 servavi,
1594 2196 1751 2240 siquidem
1781 2197 1943 2227 curiarum
1971 2194 2060 2237 facta

1105 2260 1273 2304 hypallage
1296 2265 1345 2290 est
1365 2270 1423 2302 pro
1445 2258 1536 2301 f'ocla
1556 2259 1591 2288 ἰιι
1613 2259 1719 2289 curiis.
1745 2257 1795 2288 Ita
1822 2268 1917 2300 supra
1938 2256 2058 2287 Rheto-

1104 2325 1168 2357 rica
1190 2336 1249 2368 pro
1279 2322 1409 2354 arbitrio
1432 2322 1581 2353 reflexam
1608 2323 1728 2353 curiam
1756 2332 1828 2351 esse
1858 2320 1987 2351 dixerat.

1177 2382 1280 2430 astra]
1307 2385 1357 2416 De
1382 2383 1539 2416 Cicerone
1564 2382 1715 2415 Manilius
1735 2381 1790 2425 (1,
1816 2380 1916 2424 792)=

1154 2462 1422 2476 —————
1429 2453 1459 2479 et
1484 2459 1582 2479 censu
1605 2447 1728 2478 Tullius
1752 2447 1816 2476 oris

1153 2513 1319 2546 Emeritus
1345 2511 1498 2545 coelum«

1102 2576 1293 2620 Magnorum
1315 2575 1456 2608 virorum
1479 2573 1602 2607 animas
1625 2576 1700 2617 post
1720 2573 1852 2600 mortem
1875 2566 1957 2597 iuter
1972 2570 2058 2601 astra
