2310 2860
168 245 254 286 150

169 366 218 392 ac
253 351 509 393 substantiae
554 351 690 409 coepit
732 352 966 395 formidare
1010 366 1254 409 corporeae.

747 244 948 287 Martiani
979 243 1178 301 Capellae
1207 244 1281 287 lib.
1300 243 1353 286 ΙΙ.
1391 246 1422 297 §.
1447 245 1544 287 109.

1323 351 1499 409 Quippe
1534 354 1807 410 perferendos
1844 354 2123 398 flammarum

165 433 410 475 coelestium
456 433 602 489 globos
633 443 674 475 et
715 434 830 491 ignes
872 432 1115 476 ardentium
1158 431 1350 474 siderum
1394 433 1648 475 mortalibus
1688 435 1829 477 adhuc
1868 436 2045 478 artubus
2084 445 2125 477 et

57 512 141 554 110
169 513 394 555 macilenta
415 514 644 569 gracilitate
663 515 825 557 siccatis
853 530 939 556 non
967 528 1139 556 cassum
1171 513 1457 557 tremebunda
1485 514 1754 558 formidabat.
1784 517 1869 560 Sed
1892 518 2125 561 adversum

167 594 239 634 illa
270 593 491 649 quoddam
520 594 751 638 Abderitae
779 596 888 639 senis
919 595 1114 646 alimma,
1155 595 1223 635 cui
1254 595 1391 638 multa
1420 595 1572 653 lapillis
1601 597 1872 654 surculisque
1900 599 2124 656 permixtis

168 676 406 718 herbarum
451 677 579 719 etiam
619 693 939 734 nemorumque
983 686 1267 733 congesserat,
1325 679 1610 734 praeparavit.

1680 678 1881 722 Colchica
1918 682 2045 722 etiam
2081 682 2126 722 in

170 767 342 799 centum
382 773 507 800 voces
547 760 789 802 continuata
826 759 985 801 fiducia
1023 759 1284 802 adamantini
1321 762 1554 803 cacuminis
1593 762 1873 818 impressione
1915 763 2126 818 signatum

169 875 262 897 scura
279 865 342 897 hoc
361 864 434 897 loco
456 865 518 898 ista
533 865 752 911 interpretatio
769 866 906 900 videtur.
931 866 998 899 Adi
1015 865 1125 911 potius

170 928 346 970 (hagiam,
374 929 457 973 apud
485 942 580 974 quem
601 930 743 974 reperies
768 931 1002 962 »multividum«
1029 930 1126 972 signi-

169 992 265 1024 ficare
294 993 472 1024 »oculatum
493 993 673 1026 hominem«
693 994 746 1026 vel
784 994 903 1026 »virum
933 993 1127 1039 perspicacis

170 1056 316 1098 ingenim
355 1055 400 1088 Et
425 1057 560 1101 Papias:
585 1058 812 1099 »nlultivida«,
847 1059 972 1100 scribit,
1009 1058 1127 1090 „multa

170 1117 284 1150 videns
318 1123 397 1151 esta
433 1117 503 1152 Sed
526 1119 719 1152 martianum
749 1120 844 1152 etiam
866 1120 970 1164 ipsum
996 1120 1023 1152 si
1051 1132 1126 1152 con-

172 1180 310 1210 sulueris
343 1180 386 1224 (ἓ.
407 1181 510 1224 571),
553 1181 674 1213 videbis
711 1194 784 1214 eum
820 1182 966 1214 similiter
998 1193 1126 1226 compo-

173 1243 277 1275 suisse
298 1249 434 1275 noctuae
454 1244 622 1288 epitheton
639 1245 886 1287 »noctividam«,
907 1251 942 1278 ut
963 1246 1002 1278 de
1017 1251 1127 1278 nostra

172 1306 435 1350 interpretatione
457 1319 554 1351 porro
576 1308 715 1340 dubitari
737 1315 884 1353 nequeat.

246 1370 331 1401 nihil
353 1368 504 1413 differens
529 1370 653 1417 animo]
688 1372 875 1415 Lugendum
899 1378 997 1417 puto:
1023 1372 1128 1404 »Nihil

174 1432 319 1476 fflffidens
350 1435 451 1465 animi
478 1434 613 1467 decoris
640 1434 807 1468 Gnor.—
838 1436 933 1468 Hanc
958 1436 1128 1468 lectionem

174 1496 318 1530 Goezius
334 1498 366 1528 in
384 1503 505 1529 textum
521 1499 657 1543 rect-pitz,
685 1500 742 1532 scd
759 1500 1010 1544 repugnantibus
1028 1500 1127 1531 omui-

173 1559 246 1601 bus,
270 1564 429 1604 quotquot
450 1565 594 1601 exstant,
634 1561 726 1593 libris
747 1562 883 1606 scriptis.
911 1562 1129 1607 Quapropter,

173 1634 273 1667 quum
294 1623 370 1656 mihi
400 1624 505 1666 legem
522 1624 799 1668 praescripserim,
828 1631 863 1656 ut
891 1625 989 1657 verba
1011 1625 1129 1669 scripta

175 1696 299 1717 servem
331 1685 534 1729 quantumvis
563 1685 628 1716 sint
654 1686 808 1726 obseura,
839 1686 1129 1730 interpunctionem

175 1753 299 1779 tantum
316 1752 391 1791 post
418 1747 609 1780 vocabulum
639 1751 746 1780 animo
768 1748 899 1781 inserui.
939 1750 1016 1793 Quo
1046 1750 1129 1781 sacto

182 1811 281 1842 ‚nihil
304 1811 453 1842 differens
478 1812 602 1844 animo«
630 1813 788 1857 explicare
816 1813 892 1845 licet
925 1814 1128 1857 »nentiquam

176 1872 294 1904 cadens
320 1872 462 1912 animou3
492 1879 529 1904 ut
552 1855 699 1917 »differ-re
719 1876 843 1906 animo«
864 1874 949 1906 idem
973 1874 1014 1907 sit
1034 1880 1130 1918 atque

184 1935 351 1966 »secedere
378 1935 500 1967 animo«
519 1935 585 1967 sive
608 1936 772 1968 »deserere
795 1936 960 1968 animum«
994 1937 1129 1970 Meliora

179 2002 285 2029 tamen
310 1997 349 2028 ab
368 1996 438 2028 aliis
462 1997 625 2028 codicibus
651 2004 882 2041 exspectamus.

253 2061 424 2094 time-ilenta
447 2060 647 2107 gracilitate]
675 2062 764 2093 Infra
789 2061 833 2106 (ξ.
853 2062 939 2106 140)
959 2062 1132 2107 transposi-

180 2124 222 2155 tis
247 2125 352 2156 verbis
378 2127 574 2169 ›syrac-ileum
595 2125 678 2169 perit
700 2128 835 2157 macies«
861 2126 980 2159 scribit.
1016 2127 1132 2160 Cicero

181 2185 286 2231 (Brut.
317 2186 379 2230 91)
409 2188 639 2231 »yracilitalem
666 2193 699 2218 ct
725 2187 938 2220 infirmitatem
965 2190 1125 2233 corporis«

181 2249 362 2292 conjungit,
389 2255 421 2281 et
445 2250 530 2294 apud
550 2249 702 2282 Ovidium
723 2251 802 2295 (ber.
820 2252 880 2292 21,
908 2252 967 2295 15)
985 2253 1133 2297 Cydippe

183 2314 317 2345 adversa
345 2313 518 2346 valitudine
552 2314 683 2358 9²·acz'lis
718 2315 834 2347 dicitur
864 2314 997 2361 (confer.
1022 2316 1050 2362 ἓ.
1073 2317 1133 2350 57.

185 2378 257 2410 140
284 2377 328 2420 fl).

257 2453 324 2473 non
345 2452 471 2473 cassum
488 2440 696 2488 formidabat]
723 2443 770 2475 Ita
792 2455 850 2488 pro
868 2443 1026 2479 Grotiano
1049 2456 1134 2477 anon

184 2503 343 2535 ineassum
366 2503 531 2535 formidat«
559 2505 696 2548 reposui.
728 2505 841 2537 Priora
868 2507 932 2539 duo
958 2507 1054 2539 verba
1080 2519 1133 2539 an-

183 2567 329 2598 ctoritate
356 2567 500 2599 codicum
531 2567 741 2608 Drcsdensis,
775 2568 1033 2614 Guelferbytani,
1063 2571 1133 2602 llu-

186 2630 281 2671 giani,
299 2631 487 2671 Britannici,
506 2631 789 2674 Cantabrigiens'is,
806 2639 838 2664 ct
859 2634 1062 2667 Monacensis
1077 2635 1134 2679 (C)

187 2695 326 2735 correxi,
356 2694 515 2738 posterius
544 2707 561 2728 e
588 2695 713 2729 duobus
734 2697 981 2732 Monacensibus
1005 2697 1057 2744 (E.
1080 2697 1136 2744 G.)

1177 872 1209 899 et
1229 866 1496 910 Cantabrigiensi.
1521 865 1561 899 In
1580 867 1746 901 codicibus
1767 867 1950 901 Basileensi
1967 873 2000 900 et
2014 867 2127 901 Barm-

1177 930 1326 962 stattensi
1350 942 1368 962 a
1397 930 1499 975 prima
1527 941 1626 961 manu
1652 935 1741 962 reete
1767 930 1921 974 seriptum
1951 936 2021 962 erat
2046 942 2129 963 mon

1177 1004 1341 1034 ensumq
1369 992 1426 1024 sed
1447 991 1487 1024 ab
1507 992 1617 1036 inepto
1638 992 1747 1026 critico
1768 1003 1936 1038 perperam
1952 993 2130 1037 repositum

1184 1067 1270 1088 »non
1291 1057 1480 1088 incassum.-
1511 1054 1552 1088 In
1577 1055 1692 1100 cyrilli
1711 1055 1868 1099 glossario
1891 1056 1935 1100 (p.
1954 1057 2027 1089 534
2047 1056 2129 1089 Vul-

1178 1117 1261 1161 can.)
1285 1118 1437 1160 legimus=
1467 1112 1665 1161 ημάταιος,
1696 1117 1818 1159 inanis,
1850 1129 1990 1151 cass-uss
2028 1116 2130 1162 Apud

1177 1179 1337 1213 Senecam
1365 1180 1411 1224 (in
1435 1180 1537 1215 Herc.
1569 1179 1672 1223 552)=
1701 1180 1798 1224 »quid
1827 1192 1954 1212 cassum
1987 1180 2124 1212 times?-

1177 1242 1274 1287 (conf.
1301 1241 1356 1288 ἓξ.
1381 1243 1414 1283 7,
1445 1243 1511 1283 91,
1540 1243 1630 1283 100,
1659 1243 1749 1283 576,
1776 1243 1867 1284 805,
1893 1243 1965 1275 905
1989 1248 2022 1275 et
2042 1242 2130 1276 Doe-

1179 1308 1257 1340 derl.
1279 1307 1350 1338 Lat.
1374 1306 1498 1351 Synon.
1521 1305 1581 1340 111.
1604 1319 1635 1352 p.
1658 1306 1753 1350 101).

1252 1369 1395 1417 alimma]
1421 1371 1638 1413 Unguentum.
1655 1370 1801 1403 vomu.
1816 1389 1865 1395 —-
1890 1369 1936 1402 Ut
1960 1369 2126 1414 »Aliptesu

1180 1439 1311 1475 unctor,
1333 1439 1367 1468 et
1385 1433 1590 1477 »epalimma«
1622 1444 1724 1475 genus
1751 1432 1907 1474 unguenti
1932 1431 2055 1464 vilioris
2082 1437 2135 1464 est

1178 1497 1290 1531 Festo.
1310 1495 1478 1529 Gno‘r.—
1512 1495 1690 1527 Descendit
1724 1494 1821 1536 igitur
1847 1506 1864 1525 a
1890 1505 2004 1536 graeco
2033 1490 2134 1537 ᾇλεί·

1181 1573 1280 1608 φειν.
1306 1560 1418 1603 Inepta
1436 1559 1555 1592 Glossa
1576 1559 1609 1590 in
1627 1558 1737 1590 codice
1755 1557 1951 1589 Basileensi=
1974 1555 2135 1601 -Alymna

1179 1626 1400 1667 incorruptum
1422 1628 1529 1654 sonat:
1548 1621 1722 1654 Abderites
1745 1634 1843 1653 senex
1869 1621 2050 1662 Saturnus,
2078 1621 2134 1666 qui

1179 1684 1355 1719 Abderites
1383 1690 1517 1717 vocatur
1547 1696 1565 1716 a
1586 1684 1692 1729 lapide
1716 1696 1811 1727 quem
1834 1695 1894 1728 pro
1923 1683 2009 1716 Jove
2038 1684 2134 1716 devo·

1180 1750 1272 1789 ravit,
1291 1750 1347 1794 qui
1366 1749 1491 1782 Graece
1507 1747 1655 1781 Abaddir
1676 1747 1819 1780 dieitur.‹=
1844 1748 1929 1780 Vide
1945 1760 1987 1780 ne
2001 1748 2136 1781 istorum

1181 1818 1360 1856 temporum
1389 1811 1516 1853 glossae
1541 1809 1744 1842 obscuriores
1766 1810 1861 1842 etiam
1881 1810 1952 1855 ipso
1975 1810 2136 1844 Martiano

1179 1874 1261 1906 sinti
1288 1872 1446 1905 Abderita
1481 1871 1595 1917 procul
1625 1871 1722 1903 dubio
1751 1872 1955 1904 Democritus
1985 1877 2043 1904 cst·
2065 1872 2137 1916 phi·

1179 1938 1352 1982 losophus,
1378 1949 1474 1981 quem
1503 1948 1612 1970 senem
1645 1936 1785 1981 appellat
1808 1942 1843 1968 ut
1865 1948 1962 1981 supra
1983 1935 2025 1982 (ἓ.
2051 1937 2137 1980 107)

1179 2001 1416 2044 Pythagoram3
1453 1998 1578 2043 reliqua
1615 2009 1692 2031 sane
1733 1998 1828 2031 etiam
1861 2011 1948 2032 nunc
1974 1998 2136 2044 Oedipum

1183 2074 1278 2095 suum
1300 2066 1498 2106 exspectant.

1258 2121 1500 2173 nemorumque]
1526 2123 1636 2157 Foede
1650 2123 1842 2169 depravatus
1855 2124 1946 2157 locus
1969 2127 2036 2156 erat
2050 2122 2136 2167 apud
2180 2170 2192 2180 „

1186 2190 1335 2224 Grotium
1357 2189 1463 2221 verbis
1480 2189 1756 2236 membrorumque
1775 2192 1984 2220 concesserat.
2001 2186 2137 2219 Rectius
2183 2182 2189 2188 ’

1185 2254 1457 2297 Guelferbytanus
1492 2258 1576 2286 teste
1612 2252 1724 2285 Cortio
1765 2251 1862 2283 habet
1895 2262 2137 2298 nemorumque,

1185 2323 1218 2349 et
1242 2321 1445 2360 conyesserat
1471 2315 1542 2360 ipse
1572 2313 1637 2346 w‘di
1669 2313 1702 2344 in
1735 2311 1924 2345 Monaeeusi
1949 2311 2016 2356 (D).
2061 2312 2137 2346 Non

1184 2379 1280 2422 igitur
1297 2377 1476 2411 necessaria
1492 2375 1671 2409 emendatio
1687 2387 1704 2406 a
1721 2375 1870 2407 Vonckio
1886 2373 1950 2420 (sp.
1965 2385 2007 2406 cr.
2029 2387 2060 2420 p.
2073 2374 2137 2417 81)

1184 2444 1357 2490 proposita.

1260 2512 1389 2539 eentum
1405 2501 1511 2548 voees]
1528 2502 1689 2535 Numerus
1703 2500 1811 2533 finitus
1824 2512 1882 2545 pro
1897 2498 2138 2533 infinitoNum.

1186 2589 1234 2595 -—-
1265 2567 1424 2611 Equidem
1457 2564 1575 2597 lusisse
1613 2563 1807 2596 martianum
1843 2562 1980 2605 conjicio
2014 2559 2138 2593 numeri

1185 2633 1313 2666 nomine
1343 2630 1479 2664 Graeco.
1514 2627 1704 2671 Fulgentius
1729 2627 1814 2659 enim
1839 2627 1949 2671 (myth.
1973 2627 2006 2658 9.
2030 2637 2062 2669 p.
2086 2623 2137 2656 42

1186 2694 1331 2740 Munclz.)
1352 2693 1597 2740 Proserpinam,
1625 2703 1708 2737 quae
1725 2697 1757 2725 et
1773 2692 1913 2732 Hecate,
1939 2691 2000 2722 boc
2020 2697 2137 2721 nomen
