2310 2860
757 94 958 135 Martiani
990 94 1188 150 Capellae
1219 96 1290 137 lib.
1317 98 1434 139 VIII.
1466 100 1498 150 ᾗ.
1529 100 1628 142 869.
2086 106 2170 146 677

209 198 389 239 solarem
421 199 576 247 lineam
610 200 738 250 redit,
791 201 946 241 dicitur
980 202 1086 246 ὕψος
1121 208 1428 255 ταπεινουμένης
1482 221 1621 261 quum
1664 223 1687 248 a
1726 209 1851 250 solari
1890 210 1930 250 in
1974 221 2166 253 austrum

207 278 441 332 deseendit,
502 286 728 332 τιεπείνωμα
755 287 1061 333 ταπεινουμένης
1114 297 1251 337 quum
1292 285 1443 325 deiude
1482 287 1648 328 rediens
1687 289 1740 330 ad
1780 290 1922 330 Solem
1962 294 2164 347 resurgit,

205 365 431 409 ταπεὶνωμα
461 363 682 413 ὑψουμένη.
723 362 806 403 Sed
830 362 942 403 idem
968 362 1193 403 adscensus
1217 361 1530 419 descensusque
1557 367 1716 408 faciunt
1739 369 1965 424 utriusque
1990 371 2163 412 luminis

206 440 560 482 obscurationem.
619 443 732 482 Nam
767 456 905 496 quum
936 444 1060 483 Luna
1097 442 1301 483 scandens
1340 443 1686 501 descendensque
1718 449 1759 488 iu
1791 449 1971 490 solarem
2004 450 2162 492 lincam

203 522 415 573 inciderit,
461 523 493 563 si
525 523 733 564 tricesima
768 532 848 573 est,
883 523 967 563 hoc
998 533 1056 564 est
1089 524 1205 564 omni
1237 539 1415 579 corpore
1449 527 1635 579 subjecta
1661 528 1768 577 Soli,
1814 529 2158 572 obscurationem

202 605 308 645 Solis
352 605 472 646 terris
515 605 630 657 sacit3
677 619 755 645 suo
796 605 908 644 enim
942 619 1122 659 corpore
1152 605 1298 646 subter
1328 620 1371 645 se
1406 606 1546 660 positis
1578 607 1794 658 obscurat,
1849 609 1936 649 aliis
1970 611 2159 664 partibus

203 695 341 726 terrae
387 686 482 726 Sole
536 701 623 742 qua
666 702 750 727 non
807 686 959 741 tegitur
998 686 1226 727 relucente.
1296 686 1438 736 Quam
1491 687 1830 729 obscurationem
1875 690 2024 732 eadem
2072 707 2157 733 non

201 767 357 807 cunctis
398 767 613 808 mensibus
650 768 769 818 facit,
815 768 915 822 quia
952 782 1037 808 non
1074 783 1243 824 semper
1284 768 1495 809 tricesima
1534 769 1575 809 in
1608 769 1757 810 eadem
1787 771 1914 812 solari
1946 773 2055 815 linea
2086 790 2155 815 re—

198 846 380 900 peritur,
425 847 497 888 sed
534 857 605 888 aut
634 862 804 888 sursum
836 857 909 888 aut
941 847 1142 888 deorsum
1175 849 1307 904 posita
1336 864 1391 890 ne
1420 850 1549 905 possit
1579 851 1748 892 obstare
1775 853 2026 894 transmittit.

845 1003 925 1044 DE
963 1003 1244 1045 DEFECTU
1282 1005 1498 1046 LUNAE.

1059 1123 1195 1162 quum
1244 1111 1286 1150 in
1332 1111 1540 1151 contrario
1586 1112 1711 1153 Luna
1753 1114 1906 1168 posita,
1962 1115 2043 1156 hoe
2092 1126 2150 1157 est

2035 1200 2148 1241 Nam

188 1269 258 1309 Sol
296 1270 499 1310 umbram
540 1279 678 1310 terrae
716 1270 758 1310 in
797 1285 920 1311 suam
963 1271 1118 1311 lineam
1160 1271 1305 1322 mittit,
1350 1288 1484 1326 quam
1523 1274 1556 1314 si
1587 1276 1738 1315 Lunae
1778 1291 1932 1331 corpus
1963 1278 2148 1330 intrarit,

359 1107 465 1148 Item
503 1109 653 1149 Lunae
697 1108 886 1149 desectus
932 1108 996 1159 fit,

188 1186 352 1228 decima
385 1187 552 1241 quinta,
591 1187 633 1227 in
665 1187 813 1228 eadem
855 1187 965 1228 linea
998 1187 1104 1228 Solis
1136 1189 1292 1231 umbra
1324 1202 1460 1233 terrae
1492 1196 1699 1236 metaliter
1730 1197 1978 1239 infuscatur.

188 1352 390 1404 quoniam
418 1349 563 1390 videre
587 1350 735 1390 lumen
761 1350 866 1390 Solis
897 1358 1009 1390 terra
1039 1351 1228 1391 obstante
1259 1365 1343 1390 non
1369 1352 1538 1405 poterit,
1571 1352 1745 1393 luminis
1776 1354 1883 1395 soliti
1910 1357 2147 1399 ademtione

186 1429 409 1482 survescit3
459 1429 559 1469 alias
597 1443 734 1483 quum
767 1429 809 1469 in
840 1430 1062 1484 superiore
1102 1441 1174 1472 aut
1204 1432 1403 1472 inferiore
1439 1432 1669 1474 latitudinis
1709 1435 1801 1476 loco
1838 1437 1988 1488 fuerit,
2032 1438 2146 1494 pleni

184 1510 357 1552 luminis
396 1510 529 1565 effigie
567 1510 799 1552 relucescit.
857 1511 1058 1566 Denique
1099 1512 1194 1554 ideo
1238 1515 1349 1554 intra
1392 1521 1564 1553 sextum
1602 1529 1794 1556 mensem
1839 1517 2030 1560 defectus
2061 1535 2145 1562 non

258 1640 510 1687 ‹lescendensve]
548 1641 606 1674 Sic
640 1642 766 1673 codices
792 1642 996 1673 Monacensis
1020 1642 1076 1685 (C)
1104 1648 1136 1673 et

182 1702 447 1735 Darmstattensis
473 1715 532 1747 pro
558 1704 816 1750 descendensque
847 1703 881 1734 in
911 1703 1013 1735 editis.
1054 1703 1134 1735 Mox

181 1767 312 1811 reposui
341 1768 435 1799 etiam
465 1779 482 1799 e
511 1767 770 1799 Reichenauensi
799 1768 959 1799 tricesima
985 1778 1044 1810 pro
1076 1769 1132 1799 tri-

181 1833 301 1875 qesima
334 1832 459 1862 duobus
482 1831 572 1863 loeis.

215 1937 218 1940 Α
255 1896 327 1926 aliis
346 1893 505 1938 partibus]
532 1894 617 1926 Vide
648 1894 794 1937 superius
814 1893 866 1936 (ad
890 1892 916 1936 ξ.
933 1893 1029 1935 839).

255 1957 504 1987 obscurationem
525 1954 654 2000 eadem]
687 1955 781 1986 Alios
807 1956 889 1986 idem
913 1955 1019 1995 legere
1045 1955 1128 1987 Gro-

179 2018 243 2049 tius
260 2017 292 2048 in
315 2018 455 2058 margine
482 2022 627 2057 annotat,
655 2017 711 2048 sed
731 2017 849 2048 rectius
874 2016 912 2047 ad
933 2017 1058 2047 Lunam
1080 2028 1128 2047 re-

177 2080 307 2112 seretur.
346 2079 473 2110 Plinius
502 2079 560 2122 (2,
586 2078 636 2120 7):
666 2077 768 2110 »Stati
792 2084 895 2109 autem
920 2083 1015 2121 atque
1041 2089 1128 2109 meu-

177 2141 259 2173 strui
281 2152 346 2172 non
370 2146 445 2172 sunt
468 2140 592 2183 utrique
615 2140 773 2180 defectus,
798 2145 930 2184 propter
958 2139 1127 2183 obliquita-

177 2210 242 2237 tem
271 2204 412 2247 signiferi
443 2204 619 2248 Lunaeque
651 2203 841 2245 multivagos
870 2208 905 2234 ut
933 2203 1051 2235 dictum
1077 2209 1127 2235 est

176 2267 296 2306 flexus,
321 2278 386 2297 non
406 2278 531 2310 semper
549 2266 582 2297 in
601 2266 758 2308 scrupulis
774 2265 909 2308 partium
930 2271 1126 2306 congruente
1145 2298 1150 2306 ¹

175 2327 316 2359 siderum
336 2333 452 2359 metm«
484 2327 580 2360 Adde
605 2327 807 2358 Ammianum
832 2327 910 2371 (20,
932 2328 974 2368 53
1005 2339 1036 2370 p.
1051 2328 1124 2359 25ss

176 2388 349 2432 Gronov.):
380 2387 450 2420 »Ac
476 2388 552 2420 licet
573 2389 739 2433 utriusque
765 2389 878 2420 sideris
904 2389 1130 2421 conversiones

176 2455 209 2482 et
232 2456 337 2482 motus
367 2450 400 2480 in
431 2462 528 2481 unum
553 2451 751 2495 eundemque
783 2452 877 2483 finem
901 2451 1005 2483 lunari
1032 2444 1127 2483 eursu

174 2513 306 2559 impleto
330 2514 464 2559 perenni
483 2513 686 2548 distinctione
708 2515 914 2556 conveniant,
938 2520 1044 2547 tamen
1066 2515 1127 2549 Sol

1185 1656 1250 1676 non
1275 1658 1400 1689 semper
1426 1647 1475 1678 his
1501 1647 1613 1678 diebus
1639 1648 1823 1690 obducitur,
1854 1652 1910 1683 scd
1936 1665 2032 1696 quum
2048 1654 2141 1687 Luna

1185 1718 1202 1737 e
1227 1707 1357 1748 regione
1385 1708 1473 1739 velut
1499 1708 1689 1741 libramento
1721 1712 1860 1754 quodam
1886 1714 1980 1755 igneo
2007 1716 2078 1747 orbi
2107 1723 2141 1748 ct

1184 1769 1349 1814 adspectui
1370 1776 1480 1802 nostro
1505 1772 1677 1815 opponitur
1700 1773 1832 1805 media.«

1257 1832 1370 1863 Lunae
1387 1832 1541 1877 defectus]
1560 1833 1644 1865 Vide
1661 1835 1869 1868 Plutarchum
1891 1838 1943 1881 (de
1965 1840 2046 1882 plac.
2062 1842 2140 1885 phil.

1182 1893 1221 1933 2,
1244 1893 1309 1933 233
1335 1906 1366 1937 p.
1382 1894 1479 1937 891),
1506 1894 1647 1925 Plinium
1669 1896 1721 1939 (2,
1750 1898 1772 1928 8
1791 1898 1909 1942 sequ),
1931 1900 2138 1935 Cleomedem

1180 1957 1301 2000 (κυκλ,
1324 1958 1438 2003 θεωρ,
1457 1958 1491 1997 2,
1511 1958 1558 2001 G),
1582 1959 1752 1990 Geminum
1769 1961 1874 2004 (clem.
1890 1968 1963 1994 astr.
1981 1965 2015 2004 9,
2039 1978 2070 2009 p.
2087 1967 2132 1998 41

1178 2018 1322 2061 Petav.)‚
1350 2019 1570 2051 Ptolemaeum
1595 2019 1785 2064 (Almagest.
1812 2021 1833 2053 l.
1859 2023 1936 2067 VI),
1970 2025 2135 2069 Hyginum

1179 2079 1280 2123 (poet.
1308 2085 1382 2111 astr.
1415 2081 1455 2120 4,
1487 2082 1550 2121 143
1585 2094 1618 2124 p.
1639 2082 1713 2113 492
1742 2083 1902 2127 Mune-k),
1944 2087 2041 2129 alios3
2068 2100 2134 2121 rem

1177 2143 1272 2175 hodie
1297 2143 1349 2174 vel
1375 2143 1483 2186 pueris
1508 2149 1616 2175 notam
1643 2156 1714 2176 esse
1738 2152 1872 2179 constat.

1250 2205 1421 2250 metaliter]
1450 2206 1534 2239 Vide
1563 2208 1710 2251 superius
1732 2208 1774 2253 (ἓ.
1789 2211 1885 2253 859).

1252 2280 1348 2314 quam
1368 2270 1398 2299 si
1418 2267 1544 2313 Lunae]
1574 2268 1688 2301 Codex
1704 2270 2132 2307 Ettenheimmi'insteiicnsis

1176 2339 1258 2374 quae
1283 2330 1396 2361 umbra
1420 2331 1466 2368 si,
1490 2330 1635 2373 profecto
1666 2331 1763 2371 male,
1796 2343 1893 2375 quum
1922 2335 2129 2376 sequentibus

1180 2403 1308 2435 quoque
1329 2392 1435 2424 verbis
1455 2395 1573 2435 poterit
1600 2399 1631 2424 et
1655 2393 1813 2436 ficrvescz't
1835 2406 1901 2426 non
1932 2398 2044 2429 umbra
2072 2399 2128 2431 sed

1178 2467 1292 2499 corpus
1311 2456 1427 2488 Lunae
1450 2457 1627 2498 subjeetum
1659 2457 1708 2487 sit.

1250 2521 1339 2552 incra
1359 2518 1500 2566 sextum]
1527 2519 1654 2553 Plinius
1677 2519 1730 2564 (2,
1751 2518 1827 2564 10)ι
1848 2520 1954 2554 »Intra
1972 2523 2126 2560 ducentos

2184 1119 2271 1159 870

2175 1522 2256 1563 871
