2310 2860
801 196 1001 241 Martiani
1031 192 1229 251 Capellae
1258 193 1332 236 lib.
1351 194 1405 236 ΙΙ.
1445 197 1476 247 §.
1501 195 1598 238 125.

822 305 978 347 Merito
1010 302 1084 344 tibi
1115 301 1315 343 subditur
1347 302 1463 344 orbis

817 385 1069 426 Rationibus
1102 393 1197 424 ante
1225 394 1442 440 repertus:

821 467 953 508 Sacra
983 466 1167 507 fulmina
1198 480 1275 506 eur
1305 466 1570 507 rutilescant:

819 548 982 601 Fragor
1013 546 1171 586 intonet
1200 544 1314 585 unde
1345 546 1572 586 resultans:

821 627 938 678 Quid
972 636 1065 682 agat
1095 642 1170 683 per
1202 636 1348 683 aperta
1378 626 1574 668 madores

818 709 949 751 Modo
980 708 1169 749 nubibus
1199 706 1474 749 imbrificatis:

820 790 939 841 Quid
970 789 1168 831 euntibus
1199 789 1367 844 agmine
1398 786 1553 828 nimbis

819 871 1010 913 Revocet
1038 870 1287 912 nitidissima
1318 882 1473 918 verna,

817 951 943 993 Rotet
972 953 1116 994 omnia
1149 951 1332 994 circulus
1365 950 1464 991 anni

225 1069 286 1103 16‚
311 1067 393 1100 254.
418 1067 512 1099 Ovid.
532 1067 602 1099 fast.
628 1067 669 1107 6,
697 1065 786 1110 546)
811 1072 958 1108 ornatur,
989 1067 1063 1112 quia
1090 1068 1176 1101 illico

222 1130 259 1161 ‹le
284 1129 451 1161 fulminum
478 1135 591 1161 natura
618 1129 815 1173 disquiritur.

294 1192 453 1238 repertus]
479 1193 650 1235 Hugianus
680 1197 713 1224 et
744 1193 1018 1234 Cantabrigicnsis
1048 1193 1176 1226 codices

220 1257 354 1299 repertis
385 1256 522 1295 habent,
556 1255 643 1299 quod
675 1254 777 1298 primo
803 1261 933 1298 aspectu
963 1256 1086 1299 placct3
1119 1255 1176 1287 sed

220 1322 361 1360 praestat
392 1316 521 1358 vulgata
566 1316 677 1356 lectio,
715 1328 778 1360 qua
816 1317 943 1360 pristini
975 1317 1176 1358 Philologiae

220 1379 346 1411 labores
371 1378 520 1422 praemiis
542 1378 656 1409 futuris
681 1384 903 1421 opponuntur3
937 1391 1019 1422 quae
1047 1378 1176 1410 rationi·

219 1444 279 1475 hus
296 1442 449 1474 ducendis
469 1441 724 1485 conjecturisque
740 1442 892 1473 faciendis
913 1443 1067 1474 hactenus
1083 1454 1177 1484 aegre

219 1505 450 1553 paullatimquc
477 1504 617 1549 reperire
659 1505 835 1545 studuerit,
868 1505 936 1546 jam
971 1511 1086 1548 sponte
1114 1504 1178 1549 ipsi

219 1574 344 1614 patere,
381 1566 559 1610 meritoque
596 1565 626 1598 ei
657 1566 750 1597 subdi
778 1566 904 1607 orbem,
936 1579 1031 1611 quem
1057 1567 1178 1599 dudum

221 1629 281 1662 sibi
302 1629 521 1661 ratiocinando
547 1627 640 1671 quasi
662 1628 878 1659 vindicaverit.

291 1704 384 1724 sacra
400 1689 552 1735 fulmina]
576 1691 641 1722 Vel
664 1690 869 1733 Propertium
889 1690 938 1733 (5,
956 1691 991 1725 5,
1009 1691 1057 1722 47
1074 1689 1177 1734 sequ.)

220 1756 360 1787 imitatus
387 1759 454 1794 est,
484 1753 536 1784 vel
567 1752 738 1793 Ovidium,
773 1753 828 1797 qui
856 1753 941 1797 (met.
964 1755 1021 1794 13,
1053 1754 1115 1797 63)
1137 1754 1177 1786 de

220 1818 404 1861 Pythagora
428 1815 512 1846 canit
535 1814 762 1856 investigante:

278 1878 383 1922 »Quid
399 1878 489 1915 deus,
507 1876 591 1908 unde
605 1876 706 1916 nives,
726 1887 808 1923 quae
822 1875 964 1906 fulminis
978 1881 1060 1907 esset
1075 1878 1178 1920 oriyo5

267 1941 398 1983 Jupiter
419 1951 463 1970 an
483 1939 574 1970 venti
596 1939 741 1969 discussa
764 1938 847 1968 nube
869 1937 1063 1968 tonarent?«

219 2005 373 2037 Fulmina
394 2014 453 2047 pro
481 2001 638 2034 Grotiauo
662 2000 797 2045 fulgura
819 2000 971 2045 rescripsi
993 2013 1010 2032 e
1029 2000 1176 2034 Guelfer-

219 2068 345 2112 bytanis
369 2071 519 2098 monente
540 2065 670 2105 Corti03
703 2064 800 2108 idque
822 2075 860 2095 eo
885 2065 1002 2106 magis,
1027 2066 1115 2108 quod
1137 2065 1176 2097 de

221 2130 357 2163 naturali
377 2130 551 2174 fulminum
574 2140 670 2161 causa
693 2128 761 2168 hie,
795 2127 876 2160 sicut
901 2128 985 2172 apud
1012 2128 1176 2171 Ovidium,

223 2203 325 2224 sermo
352 2197 419 2231 est,
449 2190 634 2234 neutiquam
665 2189 704 2220 de
732 2189 899 2233 fulgurum
928 2189 1035 2232 jactu,
1067 2203 1084 2222 e
1108 2191 1175 2235 qni-

222 2254 283 2285 hus
316 2252 562 2293 conjecturalem
594 2250 820 2282 divinationem
849 2251 918 2282 fieri
952 2263 1047 2296 supra
1075 2252 1116 2296 (ξ.
1140 2252 1176 2296 7)

197 2312 354 2346 'dixerat
391 2311 485 2344 Adde
517 2312 675 2344 Senecam
709 2311 785 2355 (nat.
816 2325 869 2356 qu.
899 2314 936 2354 1,
966 2315 983 2345 1
1009 2314 1030 2344 f.
1051 2326 1082 2357 p.
1102 2315 1176 2347 (384

224 2374 326 2421 Lips.)
347 2378 380 2406 et
403 2373 573 2405 Horatium
598 2373 646 2417 (in
669 2373 761 2416 epist.
790 2375 827 2413 1,
862 2374 925 2414 12,
956 2374 1024 2418 16).

297 2432 455 2480 madores]
481 2435 530 2466 Ita
553 2434 666 2479 scripsi
698 2446 715 2466 e
738 2435 986 2467 Monacensibus
1008 2436 1098 2467 libris
1123 2436 1176 2479 (B.

226 2499 266 2532 D.
289 2499 342 2543 Ε.)
373 2510 432 2542 pro
454 2498 626 2530 madorem.
667 2498 781 2530 Totius
813 2499 877 2531 loci
899 2512 1012 2531 sensus
1037 2500 1088 2531 hie
1112 2506 1176 2531 est:

235 2561 329 2605 „quid
346 2566 417 2602 agat
437 2559 582 2591 madores
601 2559 620 2590 i.
643 2571 670 2590 e.
690 2559 813 2602 pluvias
833 2572 891 2604 per
910 2567 1019 2606 aperta
1039 2561 1059 2592 i.
1079 2573 1106 2593 c.
1122 2573 1180 2605 per

229 2623 329 2668 spatia
360 2621 528 2661 coelestia,
567 2620 706 2652 nubibus
740 2621 835 2653 modo
862 2621 881 2653 i.
907 2634 936 2657 e.
960 2622 1070 2667 paullo
1105 2628 1177 2656 ante

1227 1066 1382 1099 imbribus
1399 1067 1531 1111 repletis
1550 1072 1645 1110 atque
1663 1067 1891 1107 turgentibus«
1928 1066 2052 1110 Aperta
2071 1066 2184 1099 codem

1228 1142 1326 1162 sensu
1355 1129 1513 1170 'Virgilius
1540 1129 1619 1160 dixit
1642 1129 1763 1171 (georg.
1787 1130 1817 1160 1.
1840 1129 1945 1172 595)=

1281 1193 1369 1223 »ss'eo
1395 1194 1502 1224 minus
1525 1204 1567 1224 ex
1593 1193 1688 1223 imbri
1711 1193 1793 1224 soles
1818 1198 1849 1223 et
1875 1197 1982 1235 aperta
2010 1203 2125 1224 serena

1277 1254 1467 1297 Prospicere
1491 1260 1522 1286 et
1549 1256 1645 1286 certis
1668 1255 1787 1297 poteris
1809 1265 1997 1298 cognoscere
2020 1255 2148 1298 siynis.u

1301 1314 1397 1360 rotet]
1426 1316 1510 1348 Cum
1531 1315 1665 1359 reliquis
1691 1316 1770 1347 haec
1796 1327 1862 1347 non
1892 1316 1974 1346 hene
2002 1317 2182 1355 cohaerere,

1227 1390 1321 1410 nemo
1347 1390 1413 1410 non
1435 1379 1539 1419 videt3
1574 1391 1648 1410 nam
1673 1390 1770 1422 quum
1797 1378 1961 1422 proprium
1989 1378 2051 1410 sihi
2079 1378 2182 1420 subje-

1228 1445 1314 1471 ctum
1339 1440 1454 1470 habeat
1476 1438 1609 1470 vel-hiim
1639 1444 1738 1480 rotet,
1769 1438 1850 1470 illud
1885 1440 1963 1486 qnid
1991 1438 2026 1471 in
2059 1444 2183 1472 antece-

1227 1501 1377 1533 dentibus
1397 1500 1508 1532 reserri
1523 1501 1585 1532 huc
1602 1512 1668 1532 non
1681 1512 1779 1545 posse
1799 1500 1941 1542 videtui-3
1964 1507 2069 1534 tamen
2086 1513 2184 1545 quum

1228 1576 1339 1596 omnes
1361 1564 1434 1595 libri
1459 1564 1492 1594 in
1513 1563 1651 1595 lectione
1680 1564 1865 1604 concinant,
1900 1576 1963 1608 qua
1986 1565 2181 1597 constructio

1228 1627 1397 1658 manifesto
1428 1626 1468 1657 ab
1500 1626 1762 1657 antecedentibus
1787 1627 1923 1670 pendet,
1962 1627 2041 1658 nihil
2069 1633 2182 1668 restat,

1228 1688 1292 1719 nisi
1314 1692 1349 1717 ut
1373 1687 1451 1733 quid
1478 1686 1669 1729 accipiamus
1690 1699 1748 1731 pro
1771 1688 1849 1734 quid
1869 1689 1912 1720 sit
1936 1688 2040 1735 quod,
2065 1690 2182 1733 pariter

1227 1754 1264 1780 ut
1283 1748 1440 1789 Virgilius
1459 1759 1497 1779 eo
1522 1759 1599 1779 usus
1626 1753 1692 1788 est,
1723 1760 1818 1792 quem
1837 1749 1871 1780 in
1902 1755 1969 1781 toto
1995 1751 2090 1793 hujus
2110 1751 2181 1783 Mu-

1229 1822 1282 1841 sae
1320 1810 1457 1842 carmine
1488 1814 1600 1841 noster
1634 1815 1708 1842 ante
1733 1810 1845 1842 oculos
1871 1811 2022 1844 hahuisse
2057 1813 2182 1845 videtur

1228 1873 1351 1916 (georg.
1374 1872 1413 1912 2,
1441 1871 1547 1915 475):

1286 1936 1359 1968 „Me
1384 1947 1460 1967 vero
1485 1937 1626 1978 primum
1652 1935 1759 1968 ‹balces
1785 1942 1861 1969 ante
1888 1939 1994 1969 omnia
2018 1937 2148 1978 Musae,

1281 1998 1430 2043 Quarum
1449 2010 1543 2030 sacra
1560 1999 1632 2042 fero
1654 2000 1779 2044 ingenti
1796 2012 1967 2044 percussus
1987 2013 2113 2041 umore,

1278 2061 1466 2103 Accipiunt,
1501 2061 1642 2108 coelique
1660 2062 1731 2092 vias
1753 2067 1785 2093 et
1802 2062 1910 2094 sidera
1933 2068 2128 2095 monstrent.-

1278 2122 1435 2167 Defeclus
1455 2121 1540 2154 Solis
1562 2123 1690 2161 varios,
1719 2123 1897 2170 Lunaeque
1918 2125 2040 2156 labores
2047 2137 2060 2163 ,-

1285 2186 1375 2218 L'nde
1392 2192 1509 2217 tremor
1525 2187 1620 2218 lei-ris
1630 2186 1645 2217 ἶ)
1671 2198 1736 2233 qua
1752 2188 1786 2218 υἰ
1800 2188 1902 2218 unm-ia
1913 2187 1983 2218 ‚alta
2002 2192 2179 2219 tumescant

1278 2250 1440 2293 Objicibus
1455 2251 1580 2292 ruptis,
1605 2261 1782 2296 rursusque
1806 2251 1842 2280 in
1861 2261 1896 2281 se
1919 2251 1989 2293 ipsa
2011 2251 2181 2284 residant?

1280 2313 1369 2356 Quid
1387 2318 1513 2344 tantum
1533 2313 1662 2344 Oceano
1682 2317 1853 2356 properent
1869 2324 1904 2344 se
1926 2315 2072 2357 linquere
2090 2313 2180 2347 Soles

1277 2377 1429 2415 Iliberm’,
1454 2377 1507 2407 vel
1525 2388 1607 2423 quae
1631 2375 1733 2407 tardis
1753 2387 1843 2407 mora
1864 2377 2008 2409 noctibus
2031 2379 2131 2410 obstet
2139 2378 2172 2409 ?·

1227 2436 1283 2469 Ad
1312 2437 1502 2469 sententiam
1542 2436 1688 2469 carminis
1723 2436 1894 2469 Claudiani
1926 2450 2055 2483 quoquc
2088 2439 2180 2473 locus

1228 2501 1345 2545 (Cous.
1360 2500 1448 2533 Mau.
1471 2501 1542 2532 100
1567 2498 1669 2543 sequ.)
1688 2511 1789 2544 prope
1811 2501 1942 2534 aceedit.
1980 2502 2098 2535 Totum
2112 2504 2178 2535 imi-

1228 2562 1359 2594 tandum
1385 2562 1446 2593 sihi
1469 2561 1676 2606 proposuisse
1700 2561 1825 2594 videtur
1846 2562 2004 2596 Boethius
2030 2565 2083 2609 (de
2105 2575 2177 2599 con·

1228 2625 1287 2657 sol.
1311 2624 1426 2670 philos.
1447 2624 1472 2656 1.
1498 2637 1528 2669 p.
1547 2625 1619 2657 915
1645 2637 1697 2670 op.
1717 2625 1841 2669 unsih).
