2310 2860
706 174 906 218 Martiani
938 174 1137 232 Capellae
1166 175 1238 216 lib.
1263 175 1360 219 VII.
1398 179 1429 229 ᾗ.
1451 177 1552 220 742.
2014 180 2100 222 597

142 297 189 324 ac
213 281 480 338 perfectionis
510 283 618 324 intra
648 296 691 323 se
718 282 871 337 habet3
910 298 1043 340 ‘quae
1074 283 1169 324 licet
1199 284 1326 338 primi
1359 298 1506 325 versus
1537 284 1629 326 finis
1660 286 1729 337 sit,
1759 286 1970 328 secundae
2001 301 2097 328 mo—

138 363 256 405 nadis
296 364 445 420 implet
490 364 712 406 auxilium.

782 365 900 406 Haec
936 365 1064 421 primi
1114 381 1264 408 versus
1302 381 1587 407 numerorum
1632 369 1817 422 regulas,
1865 369 2096 425 analogias,

138 459 316 500 genera,
360 446 539 501 species,
582 445 860 498 differentiam,
909 447 1187 502 perfectiones
1240 457 1279 488 et
1319 448 1567 503 imperfecta
1605 450 1836 502 concludit,
1882 450 2096 507 daturque

137 526 266 580 Jano,
312 528 512 584 quamvis
543 542 638 569 eam
669 528 846 583 plurimi
878 528 1200 583 apocatastasim
1231 530 1524 571 memorarint.

237 675 440 718 Principium
462 677 575 718 spatiis
597 676 736 707 sumitur
758 675 833 706 z‘mle
857 676 977 706 nom's.‹·

136 736 252 769 Plures
288 738 358 779 ejus
392 739 603 782 praestantiae
633 751 745 771 causas
769 739 901 783 exponit
922 738 1090 770 Vitruvius

136 798 191 843 (5,
224 799 258 842 1)
282 805 314 831 ct
334 800 501 832 Philolaus
530 801 574 844 (in
606 800 774 833 Stob.ecl.
807 802 843 840 1,
873 801 912 840 2,
936 802 978 840 53
1013 813 1046 843 p.
1068 801 1090 832 8

135 860 263 903 Hecu),
293 861 332 892 ad
358 874 453 905 quem
477 862 586 893 confer
606 862 805 894 Bocckhium
828 861 873 905 (p.
889 862 969 893 158.
997 861 1090 904 146).

209 935 316 954 onznes
346 922 508 968 numeros]
535 923 697 955 Decadem
726 935 782 954 eos
806 923 888 954 intra
916 935 950 955 se
974 923 1091 954 habere

134 983 228 1024 dicit,
257 984 308 1016 vel
335 985 408 1028 quia
434 985 583 1016 denarius
608 997 665 1029 pro
691 985 777 1016 omni
806 985 936 1029 ponitur
959 984 1089 1028 (Barth.

133 1045 256 1076 advers.
278 1057 307 1088 p.
324 1046 423 1077 2287
453 1046 506 1088 ίῖ),
535 1046 584 1077 vel
611 1046 734 1090 potins,
762 1047 836 1089 quia
860 1047 955 1078 decas
978 1057 1088 1078 omnes

133 1107 293 1151 simplices
315 1109 354 1139 ab
366 1109 383 1139 Ι
402 1120 502 1151 usque
519 1110 559 1140 ad
575 1109 622 1140 IX
640 1110 790 1140 eontinet.
808 1109 1002 1140 Laurentius
1022 1110 1086 1152 Ly-

131 1170 191 1202 dus
220 1171 265 1215 (in
289 1176 428 1215 excerpt.
456 1173 520 1212 15,
547 1184 577 1215 p.
601 1173 645 1203 16
673 1172 809 1215 Roeth.)
833 1172 982 1213 »decasn,
1012 1172 1088 1205 scri-

129 1232 192 1274 bit,
219 1234 350 1278 »plenus
369 1246 519 1266 numerus
536 1241 601 1275 est,
629 1236 713 1267 unde
735 1242 767 1267 et
782 1236 922 1280 perfecta
944 1242 1088 1277 vocatur,

130 1295 249 1339 quippe
272 1308 353 1339 quae
383 1308 494 1328 omnes
522 1297 718 1340 reliquorum
750 1309 954 1329 numerorum
978 1304 1010 1329 et
1039 1310 1086 1330 ra-

130 1357 252 1389 tionum
269 1363 364 1401 atque
382 1358 625 1402 proportionum
640 1359 984 1402 consonantiarumque
999 1360 1088 1390 ideas

130 1419 376 1463 complectatur«
403 1425 462 1452 cet.
488 1420 533 1451 Et
557 1432 653 1463 porro
672 1420 725 1464 (de
752 1421 886 1452 mensib.
902 1421 941 1461 2,
965 1434 996 1465 p.
1011 1421 1087 1463 82)2

138 1482 255 1514 »Orbis
289 1483 390 1515 omnis
422 1483 546 1514 numeri
577 1489 610 1515 et
640 1484 711 1515 finis
747 1484 841 1516 decas
875 1491 939 1516 est:
970 1485 1088 1517 circum

128 1546 219 1578 illum
241 1547 325 1578 enim
354 1559 425 1579 sese
458 1553 646 1591 torquentes
679 1553 711 1579 et
740 1554 964 1580 convertentes
997 1549 1088 1592 quasi

129 1610 248 1642 circum
269 1611 387 1642 flexum
416 1616 547 1642 currunt
569 1611 718 1642 numer-im
766 1611 860 1642 [Inde
886 1611 1087 1655 Porphyrius

130 1674 176 1717 (in
192 1674 256 1706 vita
271 1674 406 1718 Pythag.
427 1687 457 1718 p.
474 1676 522 1706 48
545 1675 655 1717 Rust.)
670 1669 810 1708 δεκάδα
833 1670 918 1708 οἷον
933 1671 1084 1718 δεχάδα

130 1738 246 1769 dietam
271 1750 342 1769 esse
367 1740 420 1770 ait.
453 1739 552 1771 Plura
576 1738 663 1769 dabit
688 1738 803 1769 Astius
823 1738 876 1783 (ad
902 1712 1083 1781 Theolffigu-

129 1813 221 1833 mena
243 1814 275 1845 p.
294 1802 387 1846 199).

202 1865 298 1906 primi
326 1875 439 1895 versus
468 1862 563 1908 finis]
597 1863 722 1897 Versus
755 1863 866 1895 dieunt
894 1863 1084 1895 arithmetici

130 1924 258 1956 ordines
285 1937 499 1956 numerorum.
528 1926 602 1957 Hoc
633 1925 675 1956 ita
708 1925 914 1968 capiendum,
944 1930 979 1956 ut
1010 1925 1084 1956 finis

129 2000 241 2019 versus
263 2000 390 2032 semper
412 1988 452 2020 sit
475 1989 515 2020 X.
547 1989 629 2019 Nam
652 1989 714 2019 XX
737 1988 800 2019 duo
823 2000 935 2019 versus
956 1994 1031 2019 sunt
1050 1993 1083 2020 et

128 2051 170 2082 ita
195 2049 364 2093 deinceps3
391 2063 421 2093 p.
449 2051 493 2081 15
518 2049 652 2081 Favonii
678 2050 808 2091 Eulogii
831 2050 1083 2082 commentarioli

127 2112 160 2144 iu
183 2112 340 2143 somnium
366 2110 540 2154 Scipionis.
559 2112 686 2142 BAn'rn.
710 2111 846 2155 (advers.
871 2124 902 2156 p.
919 2112 1015 2155 222).
1033 2132 1080 2137 --

128 2174 222 2207 Adde
244 2175 461 2207 Camerarium
490 2176 543 2218 (ad
563 2175 749 2207 Nicomachi
768 2175 891 2206 arithm.
913 2189 944 2219 p.
963 2175 1033 2219 55).

201 2240 360 2270 secundae
389 2237 554 2283 monadis]
582 2239 655 2270 Hoc
679 2245 745 2279 est,
779 2239 897 2270 auxilio
922 2239 1081 2271 secundae

129 2300 274 2332 monadis
301 2307 365 2341 est,
391 2302 430 2333 ad
451 2303 701 2335 construendum
726 2302 820 2334 alias:
843 2315 916 2334 nam
942 2303 1081 2335 secunda

128 2374 240 2393 monas
266 2373 332 2393 non
361 2362 461 2405 prima
495 2364 625 2405 dicitur,
654 2365 712 2397 sed
745 2365 930 2405 undecima,
960 2365 1079 2408 itaque,

128 2423 203 2455 licet
228 2423 328 2466 prima
356 2423 398 2454 sit
430 2423 560 2455 alterius
588 2438 716 2467 versus,
744 2439 762 2459 e
786 2426 1079 2471 praecedentista-

127 2499 201 2519 men
229 2487 339 2518 ultima
360 2487 456 2518 habet
481 2488 641 2520 auxilium.
667 2490 829 2522 Favonius
854 2504 886 2535 p.
905 2493 966 2523 15:
990 2490 1082 2535 »quia

128 2555 164 2580 ut
191 2560 302 2580 monas
333 2548 366 2579 in
397 2548 500 2591 primo
532 2561 642 2590 versu,
679 2551 724 2583 sic
754 2552 789 2583 iu
819 2553 960 2584 secundo
987 2553 1082 2584 decas

130 2610 253 2643 obtinet
271 2610 541 2644 fundamentum.«
559 2611 684 2643 Banru.
708 2612 844 2655 (advers.
871 2625 900 2658 p.
917 2614 1013 2657 222).
1033 2632 1080 2638 —-

1143 676 1306 717 Breviter,
1340 676 1397 708 sed
1418 682 1526 721 aperte
1547 677 1657 720 Lydus
1690 678 1742 722 (de
1763 679 1895 711 mensib.
1914 680 1953 719 2,
1976 692 2005 724 p.
2019 681 2096 724 82);

1150 739 1201 771 »Α
1230 740 1364 771 monade
1392 752 1492 783 usque
1514 741 1553 772 ad
1577 742 1727 773 decadem
1751 742 1851 773 solam
1872 743 1898 773 si
1920 744 2095 776 numeravi-

1143 813 1214 833 mus
1238 807 1333 845 atque
1363 802 1579 842 substitimus,
1617 815 1727 835 rursus
1753 804 1791 834 ad
1812 804 1911 847 ipsam
1929 805 2096 836 monadem

1142 864 1361 897 1·evertimur.«
1387 862 1482 894 Adde
1501 864 1716 908 Philoponum
1738 865 1802 909 (ap.
1823 866 1958 898 Tcnnul.
1975 880 2005 910 p.
2025 867 2096 898 129

1143 927 1183 959 ad
1194 927 1315 959 Jambl.
1327 926 1463 969 arithm.)
1479 927 1534 970 qui
1550 928 1674 959 scribit:
1688 929 1871 960 »Perfectus
1883 941 2034 961 numerus
2047 936 2098 961 est

1143 991 1307 1032 denarius,
1337 991 1456 1034 quippe
1484 1003 1608 1022 omnem
1636 991 1670 1023 in
1702 1004 1735 1023 se
1764 1004 1929 1024 numerum
1954 1005 2095 1037 compre-

1141 1054 1260 1085 hendit.
1298 1053 1477 1096 Postquam
1507 1053 1591 1085 enim
1619 1054 1658 1084 ad
1685 1054 1847 1085 denarium
1869 1061 2096 1098 pervenerunt,

1141 1115 1181 1146 ad
1206 1126 1262 1146 eos
1286 1126 1453 1155 numeros,
1485 1114 1541 1158 qui
1563 1120 1757 1158 sequuntur,
1786 1127 1897 1147 rursus
1923 1117 1962 1147 ad
1987 1129 2095 1148 mona-

1141 1177 1213 1208 dem
1240 1181 1436 1208 recurrunt«

1212 1262 1318 1309 Jano]
1356 1264 1486 1308 Quippe
1517 1265 1676 1308 elaviyero
1700 1263 1815 1308 (Ovid.
1838 1265 1908 1296 fast.
1932 1267 1948 1296 1
1959 1289 1968 1306 ,
1992 1266 2096 1309 228),

1138 1334 1174 1360 ut
1186 1328 1254 1373 ipsa
1269 1327 1502 1372 κλειδοῦχος
1515 1328 1734 1372 appellabatur
1743 1329 1966 1371 (Theologum.
1980 1343 2011 1374 p.
2023 1330 2095 1373 60).

1215 1425 1474 1471 apocatastasim]
1501 1427 1604 1458 Recte
1630 1424 1744 1466 δεκὰς
1767 1427 1882 1459 dieitur
1899 1425 2095 1463 ἁποκατά·

1139 1489 1281 1528 στασις.

1138 1550 1223 1582 aliud
1249 1563 1344 1594 quam
1374 1550 1407 1581 in
1433 1550 1600 1593 pristinam
1633 1550 1765 1581 formam
1797 1550 1956 1582 restitutio
1989 1557 2021 1582 et
2045 1563 2093 1583 re-

1331 1489 1394 1520 Est
1426 1488 1510 1519 enim
1540 1484 1855 1528 ἀποκατάστασις
1887 1490 1966 1520 nihil
1995 1490 2095 1522 ferme

1137 1615 1290 1646 stauratio
1314 1615 1384 1656 ejus
1411 1615 1498 1657 quod
1521 1620 1593 1645 ante
1626 1614 1701 1652 suit,
1738 1615 1821 1646 unde
1848 1615 2025 1656 Gregorius
2053 1616 2092 1647 de

1135 1676 1318 1719 Baptismm
1342 1673 1547 1709 καὶταῦτα
1568 1671 1639 1709 οὐκ
1657 1672 1778 1720 οὔσης
1804 1675 1990 1721 δευτέρας
2011 1689 2092 1722 γεν-

1134 1736 1295 1785 νήσεως,
1325 1735 1415 1773 οὐδὲ
1444 1734 1718 1781 ἀναπλάσεως,
1754 1735 1843 1774 οὐδὲ
1876 1739 1929 1778 εἰς
1959 1737 2003 1773 τὸ
2032 1737 2093 1787 ἀρ-

1134 1807 1258 1846 χαῖον
1273 1796 1636 1839 ἀποκαταστάσεως.
1664 1800 1733 1840 Εἰς
1749 1798 1795 1834 τὸ
1811 1797 1983 1847 ἀρχαῖον
1999 1798 2094 1836 ἀπο-

1134 1859 1369 1897 κατάᾶταῦιν
1393 1867 1484 1893 vocat
1509 1862 1541 1893 in
1567 1862 1726 1903 integrum
1752 1863 1999 1897 restitutionem.
2026 1863 2092 1896 Eo·

1135 1927 1207 1958 dem
1231 1926 1326 1957 modo
1358 1925 1552 1957 Plutarchus
1583 1925 1700 1969 aliique
1731 1927 1911 1970 complures
1940 1927 2092 1959 circuitus

1134 1988 1289 2028 siderum,
1321 1999 1402 2031 quae
1429 1999 1510 2018 anno
1537 1998 1595 2018 suo
1619 1993 1762 2019 vertente
1793 1989 1832 2019 ad
1857 1989 1940 2020 idem
1966 1990 2091 2030 signum

1132 2051 1282 2092 redeunt,
1314 2046 1647 2089 ἇποκαταότάόεις
1665 2050 1726 2082 (lici
1745 2051 1896 2094 produnt.
1922 2052 1978 2084 Sic
1997 2053 2091 2084 etiam

1132 2125 1244 2144 monas
1272 2113 1374 2157 primo
1405 2112 1528 2144 numeri
1555 2125 1649 2143 versu
1676 2112 1843 2144 terminato
1872 2114 1963 2157 quasi
1985 2115 2091 2146 redin—

1132 2181 1273 2217 tegratur
1296 2175 1329 2206 in
1357 2174 1485 2206 decade.
1531 2173 1636 2217 Supra
1668 2186 1796 2217 quoque
1829 2176 1966 2219 peutada
1995 2172 2089 2209 ἀπο-

1133 2234 1368 2281 καταὸτικὴν
1387 2236 1501 2267 dietam
1518 2235 1641 2276 docuit,
1665 2248 1704 2267 an
1723 2232 2088 2281 ἁποκαταότατικὴν

1131 2300 1269 2332 volum-It
1307 2300 1448 2331 dubitem
1482 2311 1574 2339 sane,
1615 2311 1677 2343 qua
1706 2299 1828 2331 ratione
1862 2300 1988 2339 neseio,
2024 2300 2096 2343 nisi‘

1132 2362 1218 2406 quod
1251 2362 1334 2393 sorte
1363 2362 1416 2405 (ut
1445 2361 1515 2405 ipse
1545 2361 1656 2404 docet)
1683 2361 1759 2404 dyas
1791 2366 1823 2392 et
1858 2360 1934 2391 trias
1963 2361 2088 2392 numeri

1131 2432 1199 2457 tum
1227 2425 1313 2468 paris
1354 2430 1420 2456 tum
1451 2424 1580 2468 imparis
1609 2424 1780 2468 principia,
1807 2423 1840 2455 in
1867 2424 2010 2466 quinario
2036 2436 2085 2457 re-

1133 2494 1316 2521 staurentur
1345 2487 1562 2521 intercedente
1598 2487 1734 2519 tetrade:
1764 2498 1890 2529 semper
1929 2486 2013 2518 enim
2046 2487 2086 2520 ad

1133 2546 1448 2586 ἀποκατάόταόιν
1480 2549 1681 2581 intervallum
1713 2546 1892 2591 requiritur.
1914 2547 2018 2580 Gno'r.
2035 2567 2085 2573 —.

1131 2613 1216 2648 vide
1241 2625 1301 2647 nos
1328 2625 1423 2658 supra
1445 2613 1496 2657 (ad
1520 2612 1548 2658 ξ.
1566 2611 1661 2655 756).
