2310 2860
700 198 898 240 Martiani
939 197 1138 253 Capellae
1180 196 1251 237 lib.
1275 196 1327 237 II.
1359 198 1389 248 §.
1416 197 1509 238 119.

2001 197 2087 240 165

642 305 722 346 Cui
754 305 968 360 Magnesia
1002 304 1206 360 poculum
1241 303 1399 345 fluenta

641 388 695 428 Et
727 387 817 428 sons
850 385 1064 442 Gorgonei
1096 385 1190 427 tulit
1219 384 1389 426 caballi:

639 467 802 508 vertex
834 465 1053 507 Aonidum
1086 466 1226 507 virens
1258 467 1424 508 corollis

639 546 720 588 Cui
752 545 918 588 frondet
950 545 1081 587 violas
1112 555 1287 599 parante
1319 546 1494 589 Cirrha:

639 627 712 669 Tu
745 637 893 669 vatum
925 627 1038 669 mela
1067 625 1266 666 dulcibus
1298 626 1524 669 Camoenis

126 753 212 780 mene
236 750 303 780 tien
329 749 433 792 poetis
459 749 505 794 (et
531 749 604 781 sons
631 748 706 794 equi
727 749 862 791 Pegasi,
893 748 948 793 qui
971 760 988 779 e
1013 759 1083 779 san-

127 810 222 852 guiue
252 810 350 842 fiebat
386 811 566 853 Gorgonis,
602 817 714 856 potum
751 811 810 842 tibi
839 810 985 856 praebuit
1022 821 1084 840 una

126 885 199 905 cum
227 874 276 905 his
297 874 415 918 pomis)
436 875 584 917 Pegasus
608 876 674 907 chit
696 876 778 907 fama
803 874 965 919 (Pegasus
988 874 1084 915 signi-

125 935 201 968 ficat
223 936 372 981 saulam?)
395 938 529 969 maincia
549 943 663 982 poetae
679 942 746 970 sint
764 950 854 970 samo
871 940 900 969 si
921 936 1084 981 (quoniam

126 1005 240 1044 poetae
270 1007 345 1033 sunt
370 1013 441 1034 cum
465 1014 511 1034 ea.
539 1003 716 1046 Quaeritur
736 1008 842 1035 utrum
863 1008 949 1034 recte
971 1000 1085 1044 legerit

126 1064 231 1096 editor
250 1077 339 1097 sarno
355 1067 401 1105 si,
431 1078 471 1098 an
496 1067 602 1110 potius
625 1068 779 1110 seriptum
804 1067 846 1098 sit
856 1065 1011 1110 fanumst)
1034 1066 1083 1097 be-

127 1126 181 1157 diu
205 1127 270 1158 clu?
295 1139 371 1157 man
400 1127 493 1171 (ideo
521 1128 650 1172 dicitur)
677 1131 724 1160 sie
754 1129 954 1173 qetrzinclien
981 1128 1086 1159 hdben

127 1190 182 1222 des
215 1195 367 1234 priinnen
400 1191 471 1235 (eos
498 1192 619 1224 bibisse
648 1205 689 1224 ex
722 1194 824 1237 sonte)
858 1193 920 1224 den
946 1202 1085 1236 pegasus

126 1257 205 1286 azer
225 1255 302 1287 dero
325 1256 402 1287 erdo
428 1257 521 1301 sltioq
543 1261 601 1288 mil
619 1258 740 1288 sinemo
761 1257 857 1300 ftfoze
884 1258 1001 1301 (quem
1020 1255 1085 1287 Pe-

129 1327 224 1357 gasus
251 1328 268 1347 e
298 1322 383 1348 terra
407 1323 533 1349 eruerat
553 1330 612 1349 suo
636 1318 761 1361 pede).‹=

205 1377 394 1422 Magnesia]
420 1379 509 1420 Lege
527 1379 711 1410 Permessia
735 1391 776 1410 ex
797 1379 940 1420 vestigiis
959 1378 995 1422 (l)
1022 1390 1086 1410 ma-

130 1441 295 1485 nuscripti.
307 1441 452 1474 GnoT.-—
468 1441 555 1474 Sane
572 1442 762 1473 Permessus
777 1442 881 1474 Musis
900 1453 990 1473 sacer
1005 1446 1088 1472 erat:

131 1503 189 1535 sed
206 1502 374 1545 Magnesia
393 1515 458 1534 non
473 1503 588 1535 minus.
613 1503 688 1546 Ipse
704 1509 816 1535 noster
833 1503 914 1535 infra
928 1501 971 1548 (ξ.
985 1501 1089 1546 654)=

137 1566 346 1611 -Blaquesia,
382 1567 475 1609 cujus
510 1568 583 1598 fons
612 1567 774 1598 Libethris
803 1569 919 1611 paelici
953 1569 1088 1599 liaustus

129 1629 259 1662 nomine
284 1628 494 1661 celebratus«
521 1628 676 1660 Libethra
701 1629 778 1660 urbs
798 1629 927 1672 quidem
950 1628 983 1659 in
1003 1628 1088 1660 Boe-

130 1693 196 1725 otia
215 1693 368 1736 (Pausan.
386 1693 422 1733 9,
443 1693 509 1732 50,
534 1691 570 1735 5)
589 1692 697 1736 ibique
718 1692 902 1724 Libethrius
923 1692 995 1722 sons
1017 1703 1089 1722 cum

131 1754 297 1788 Musarum
335 1754 424 1786 cultu
457 1753 538 1785 situs
563 1760 646 1795 erat,
680 1754 833 1786 Heliconi
860 1753 1030 1795 contiguus
1057 1758 1090 1785 et

131 1817 320 1851 incolendis
341 1817 445 1850 Musis
466 1817 609 1848 aemulus
634 1816 731 1861 (Otsr.
746 1816 877 1848 Mulieri
894 1816 1090 1848 Orchomen.

131 1894 163 1927 p.
179 1881 286 1926 581);
319 1893 384 1913 non
411 1886 519 1912 tamen
544 1880 650 1912 solum
679 1880 779 1912 fuisse
809 1880 903 1912 testis
931 1885 982 1912 est
1002 1879 1089 1912 Soli-

133 1956 206 1984 nus,
222 1955 240 1975 e
256 1955 320 1987 quo
339 1948 439 1975 totam
459 1943 525 1974 fere
542 1942 768 1986 geographiam
791 1947 903 1974 noster
920 1942 1090 1986 exscripsit

133 2008 176 2051 (c.
202 2007 237 2039 8.
263 2006 312 2049 f.)=
339 2004 428 2037 »Sed
454 2016 496 2037 ne
533 2010 734 2036 transeamus
760 2004 953 2048 praesidium
982 2008 1090 2047 po'e'ta-

133 2083 219 2111 rum,
241 2071 314 2102 fons
332 2069 517 2101 Libethrius
535 2074 568 2100 et
589 2068 658 2112 ipse
679 2068 870 2112 Blayvtesiae
892 2074 968 2101 est.«
994 2068 1090 2100 Adde

134 2138 167 2165 et
187 2132 330 2164 Plinium
349 2130 404 2176 (4,
429 2132 469 2171 9,
499 2129 558 2174 16)
583 2135 616 2162 et
636 2130 868 2174 spanhemium
885 2130 926 2162 ad
940 2130 1090 2163 Callima·

135 2199 229 2230 chum
254 2196 374 2242 (hymn.
399 2195 432 2227 in
457 2194 532 2227 Cer.
557 2195 615 2227 25.
638 2207 669 2239 p.
685 2194 782 2237 682).

210 2259 338 2306 caballi]
356 2259 502 2292 Imitatus
520 2265 569 2290 est
586 2259 660 2291 illos
678 2258 783 2291 Persii
798 2258 945 2303 (abiait.)
965 2271 1091 2291 versus:

194 2323 282 2355 ·Nee
305 2323 397 2366 fonte
419 2323 510 2354 labra
533 2322 640 2366 prolui
664 2322 837 2353 caballino.-

188 2385 258 2417 Nec
283 2387 320 2416 in
343 2386 464 2428 bicipiti
486 2386 662 2417 somniasse
687 2385 855 2416 Parnasso

188 2449 342 2489 Memini,
367 2455 406 2481 ut
429 2455 559 2492 repente
584 2450 631 2482 sie
654 2453 748 2494 pot-'ta
772 2449 960 2493 prodirem«

142 2512 264 2545 Confer
279 2519 312 2545 et
328 2514 427 2558 Prop.
444 2514 493 2558 (5,
513 2514 549 2554 2,
573 2515 605 2547 1.
630 2513 668 2558 2)
693 2519 726 2547 et
748 2513 857 2547 Strab.
871 2514 917 2557 (9.
946 2526 976 2557 p.
994 2511 1094 2557 410).

217 2574 356 2620 corollis]
382 2575 547 2620 Scriptum
575 2576 609 2608 in
643 2576 737 2609 editis
760 2582 829 2610 erat
853 2577 1022 2609 choraulis.
1044 2593 1093 2599 --

144 2640 228 2673 Puto
255 2639 393 2672 cor-aulis
415 2650 473 2683 pro
496 2639 638 2679 corollis,
664 2650 856 2685 quamquam
877 2651 937 2673 nee
960 2639 1094 2671 alterum

1137 746 1266 780 omnino
1284 748 1470 792 reprobem:
1489 754 1539 780 est
1560 749 1645 781 enim
1672 761 1734 782 vox
1758 750 1872 782 usitata
1893 750 1945 781 isti
1966 750 2085 783 seculo.

1137 808 1241 841 Gnor.
1258 831 1304 835 —
1343 810 1410 843 Sed
1445 811 1522 842 nihil
1549 812 1744 843 mutandum,
1769 811 1869 845 Gonz.
1894 831 1940 837 ·—
1979 811 2088 845 Grotii

1136 872 1351 914 conjecturam
1367 873 1554 905 confirmant
1571 874 1697 906 codices
1716 874 2001 915 Reiehenauensis,
2015 873 2087 906 Bri·

1135 934 1298 974 tannicus,
1331 941 1363 967 ct
1396 935 1689 978 Cantabrigiensis,
1727 949 1809 980 quos
1839 943 1968 969 secutus
1999 948 2088 975 sum}

1136 995 1168 1026 in
1193 997 1453 1040 Guelferbytanis
1473 998 1569 1029 etiam
1585 998 1716 1030 (lortius
1734 999 1811 1041 legit
1826 1000 1961 1032 cat-ollis.
1980 998 2090 1042 Atque

1136 1059 1186 1091 hic
1220 1059 1348 1090 omnino
1383 1061 1526 1098 corollis,
1563 1060 1630 1092 sive
1661 1063 1787 1093 coronis
1812 1061 1852 1105 (v.
1871 1061 2023 1093 Beroald.
2051 1059 2091 1091 ad

1136 1120 1291 1165 Appulej.
1311 1123 1349 1154 T.
1370 1122 1412 1153 11.
1435 1135 1465 1166 p.
1482 1123 1529 1154 79
1547 1122 1647 1165 oud.)
1665 1123 1769 1167 aptior
1790 1123 1880 1156 locus
1901 1130 1967 1163 est,
1998 1134 2093 1166 quam

1136 1186 1305 1218 choraulis.
1353 1186 1552 1218 Teutonicus
1591 1186 1749 1231 interpres
1784 1199 1896 1219 vocem
1930 1186 2094 1218 substituit

1143 1250 1278 1292 »poetis«
1318 1249 1363 1280 sic
1398 1249 1556 1280 scribens:
1586 1264 1597 1277 n
1615 1250 1671 1280 Tt'r
1698 1250 1764 1281 stae
1796 1250 1920 1281 obenan
1946 1250 2095 1292 yelouber

1137 1310 1209 1355 (tihi
1237 1316 1299 1341 stat
1326 1310 1359 1342 in
1383 1322 1506 1341 summo
1531 1310 1652 1353 virens)
1675 1323 1747 1342 aon.
1769 1310 1960 1355 (Aonidum)
1976 1312 2093 1356 ,φαῖεν-

1138 1380 1188 1406 ter
1213 1378 1270 1405 mit
1294 1374 1399 1418 poetis
1424 1374 1570 1417 (ornatus
1596 1374 1728 1419 poetis).

1210 1436 1354 1482 frorulet]
1371 1438 1578 1469 Britannicus
1593 1438 1722 1482 quidem
1740 1438 1842 1470 codex
1855 1437 1963 1481 fonclit
1984 1438 2093 1475 habet,

1137 1499 1160 1531 i.
1182 1511 1209 1532 e.
1227 1501 1356 1544 funditj
1383 1501 1469 1543 quod
1492 1500 1553 1530 etsi
1572 1500 1699 1530 minime
1719 1500 1875 1531 absonum
1892 1500 1933 1531 sit
1952 1500 2003 1544 (cf.
2026 1499 2093 1532 Cic.

1140 1564 1271 1597 Tuscul.
1298 1566 1330 1595 5.
1358 1562 1433 1606 15),
1469 1569 1575 1595 tamen
1598 1563 1740 1607 recipere
1760 1563 1867 1603 nolui,
1897 1563 1972 1607 quia
1994 1564 2095 1595 violas

1140 1638 1211 1658 eum
1227 1631 1363 1668 parante
1376 1626 1513 1666 jungere
1531 1630 1682 1668 praestat.
1707 1624 1865 1657 Similiter
1886 1630 1997 1658 noster
2013 1626 2095 1658 infra

1139 1689 1180 1734 (§.
1197 1688 1300 1732 917):
1325 1688 1481 1719 »calamos
1505 1694 1637 1731 parante
1657 1688 1780 1720 Musa.«

1213 1751 1328 1797 violas]
1357 1751 1495 1783 Ovidius
1526 1752 1565 1782 ile
1597 1752 1799 1796 antiquorum
1824 1757 2002 1795 temporum
2022 1752 2093 1783 sim-

1138 1815 1280 1861 plicitate
1307 1815 1393 1858 (fast.
1414 1815 1452 1853 1,
1479 1812 1584 1856 545)=

1196 1877 1251 1910 »Si
1276 1877 1349 1924 quis
1375 1881 1465 1914 erat,
1493 1875 1592 1918 factis
1616 1876 1705 1918 prati
1729 1875 1768 1906 de
1791 1874 1873 1919 slot-e
1899 1875 2027 1907 coronis

1191 1941 1258 1985 Qui
1277 1945 1383 1985 posset
1407 1939 1510 1971 violas
1537 1939 1654 1970 addere
1663 1961 1675 1978 ,
1707 1939 1796 1970 dives
1822 1944 1921 1971 erata

1140 2006 1345 2050 Quamquam
1376 2005 1433 2035 has
1470 2003 1566 2034 etiam
1598 2003 1682 2034 inter
1710 2003 1807 2034 ssores
1847 2002 2033 2034 coronat-ios
2063 2003 2096 2034 in

1139 2070 1244 2116 pretio
1271 2069 1370 2100 fuisse
1393 2079 1411 2099 e
1438 2068 1661 2111 Theophrasto
1688 2067 1773 2111 apud
1793 2065 1998 2098 Athenaeum
2024 2067 2095 2111 (¹5.

1139 2145 1170 2177 p.
1180 2132 1254 2165 680
1270 2128 1424 2173 casaub.)
1438 2134 1543 2173 patet3
1565 2128 1708 2173 ipsisque
1729 2129 1833 2161 Musis
1847 2140 1936 2161 caras
1951 2129 2096 2162 videmus

1142 2196 1226 2242 apud
1246 2194 1467 2236 Theognidem
1492 2194 1585 2238 (eleg.
1613 2192 1717 2237 250)=

1193 2254 1331 2303 Ἀγλαὰ
1348 2251 1535 2300 μουσάων
1550 2253 1657 2302 δῶρα
1684 2250 1937 2303 ἰοότεφάνων.

1218 2319 1347 2366 Cim-lia]
1376 2320 1573 2352 Teutonicus
1598 2320 1773 2365 interpres:
1798 2319 1978 2364 »Apollinis
1998 2320 2096 2362 perqe

1142 2385 1195 2417 dir
1213 2386 1336 2428 qdyene
1357 2383 1505 2415 blitomen
1518 2383 1706 2415 lca'bentemo
1727 2381 1904 2426 (Apollinis
1923 2380 2023 2412 monti
2038 2380 2093 2412 ob-

1143 2447 1214 2479 vios
1238 2446 1335 2477 flores
1366 2445 1496 2476 habenti
1525 2443 1625 2487 tihi).«
1682 2442 1729 2476 At
1758 2456 1824 2476 non
1851 2448 2005 2482 montem,
2037 2442 2095 2473 sed

1145 2510 1298 2555 oppidum
1322 2509 1421 2541 fuisse
1448 2508 1597 2542 Cirrham
1620 2520 1721 2553 prope
1745 2507 1890 2551 Delphos
1911 2505 2008 2547 vulgo
2036 2515 2092 2537 no-

1145 2581 1211 2606 tum
1235 2579 1285 2606 est
1308 2572 1429 2618 (Su-ab.
1445 2573 1477 2604 9.
1505 2585 1538 2617 p.
1558 2571 1657 2615 288).

1203 2634 1387 2681 camoenis]
1399 2635 1503 2667 Vetus
1519 2634 1677 2676 interpres
1692 2631 1800 2662 vei-tit:
1818 2630 1885 2663 „Ta
1904 2631 2094 2663 beet-emme

1608 2696 1653 2727 21
1674 2690 1698 2718 ‘³‘
