2310 2860
710 147 911 193 Martiani
951 146 1149 204 Capellae
1188 146 1257 187 lib.
1275 145 1306 187 Ι.
1343 148 1373 198 ᾗ.
1401 145 1472 187 29.

2003 149 2057 189 71

102 265 260 314 lucres,
294 262 370 318 qui
401 258 743 311 curruZDelium
773 255 1094 306 subvehebant,
1138 252 1279 294 anheli
1309 251 1495 294 flammis
1527 251 1631 294 lucis
1665 253 1862 310 alipedes,
1912 254 2055 309 Atque

102 346 215 387 idem
241 344 369 400 pallio
393 343 593 385 rutilante
620 357 668 384 ao
693 350 877 384 reserato
901 338 1101 381 stellantis
1127 336 1216 393 poli
1238 335 1384 377 limine
1410 334 1481 376 Sol
1505 345 1677 391 repente
1703 336 1843 378 clarus
1868 337 2061 389 emicuit3

104 424 322 481 Cyllenius
354 439 530 481 quoque
560 425 602 465 in
633 424 748 465 sidus
778 422 988 465 vibrabile
1021 430 1272 474 astrumque
1304 417 1578 458 convertitur.
1634 417 1776 474 Atque
1814 419 1870 460 ita
1915 428 2050 460 meta·
2080 418 2142 461 50

104 507 325 563 morphosi
354 521 510 563 supera
539 506 804 562 pulchriores
835 520 911 561 per
942 503 1149 546 Geminos
1179 500 1438 558 proprietate
1469 499 1659 556 quadam
1688 500 1793 555 signi
1834 500 2057 542 familiaris

103 590 259 630 invecti
298 598 476 644 augusto
515 589 721 630 refulsere
762 588 900 640 coelo,
948 601 996 628 ac
1035 601 1138 628 mox
1177 583 1382 626 Tonantis
1422 582 1627 639 palatium
1659 583 1911 638 petiverunt.
1973 582 2059 632 Qui

102 680 329 728 postquam
376 670 617 726 introgressi
661 679 701 710 et
744 684 890 711 coram
933 669 1030 710 data
1069 667 1190 724 copia
1234 665 1372 717 fandi,
1410 673 1458 706 ut
1502 663 1606 706 vidit
1645 662 1813 704 Clarius
1851 662 2060 704 consortio

101 760 268 808 patrem
312 750 489 792 Junonis
538 749 807 802 haerentem,
863 764 997 805 quam
1042 757 1221 792 noverat
1267 746 1493 803 suffragari
1538 745 1778 802 plurimum
1822 760 1869 786 ac
1914 745 2061 787 favere

103 833 345 885 connubiis,
388 833 523 874 laetus
552 833 693 889 primo
729 832 872 874 omine
907 832 1135 889 ipsamque
1165 831 1390 872 concilians
1398 862 1413 882 ,
1454 829 1498 871 in
1523 829 1644 884 cujus
1675 827 1848 870 arbitrio
1882 827 2061 884 positam

101 915 243 957 mariti
271 923 450 958 noverat
480 914 767 967 voluntatem,
810 914 867 956 ita
897 914 1008 956 mitis
1041 913 1218 955 affatur:

560 997 732 1038 Possem
762 996 930 1037 minore
961 993 1179 1049 ambigens
1210 992 1369 1033 fiducia

558 1078 706 1119 Solum
739 1079 982 1119 Tonantem
1013 1076 1198 1131 pignoris
1228 1089 1307 1130 pro
1338 1072 1511 1115 foedere

173 1210 294 1257 anheli]
321 1210 378 1244 Sic
395 1210 552 1252 Virgilius
573 1211 695 1255 (georg.
720 1211 760 1250 1,
784 1210 888 1253 230)2

159 1276 309 1323 mIVosque
323 1277 378 1307 ubi
388 1277 512 1319 primus
527 1275 619 1319 equis
633 1277 739 1307 oriens
753 1275 888 1319 adflavit
906 1275 1049 1307 anhelis«

102 1342 135 1369 et
157 1336 294 1369 Ovidius
321 1337 408 1381 (met.
437 1338 492 1368 13.
520 1336 626 1380 418)2

162 1400 315 1430 *Deseret
340 1404 415 1429 (ozee
434 1399 501 1429 dies
521 1404 552 1429 et
574 1400 609 1429 in
630 1399 694 1430 allo
716 1399 864 1431 Phoebus
888 1398 1021 1429 anhelos

151 1463 304 1509 Aequore
330 1463 432 1505 tinget
453 1471 573 1504 equos«
598 1466 658 1492 eet.

172 1523 327 1570 flammis]
353 1525 442 1565 Lege
456 1525 656 1568 flammantis
675 1525 775 1564 lueis,
797 1530 833 1555 ut
855 1538 886 1567 p.
907 1525 952 1556 17
971 1524 1057 1555 flam-

103 1593 242 1620 mantem
261 1598 428 1626 coronam,
465 1590 497 1616 et
518 1598 548 1629 p.
562 1587 610 1617 58
636 1585 834 1616 substantiae
855 1585 1056 1624 flammantis7

103 1657 139 1684 ut
162 1651 333 1693 legendum
361 1649 479 1681 monui.
495 1649 622 1682 Voxex.
651 1649 712 1694 (sp.
743 1648 811 1681 crit.
842 1662 872 1693 p.
902 1647 986 1691 145)
1009 1667 1057 1672 —

103 1715 150 1749 At
184 1726 259 1747 vero
292 1726 332 1746 ex
369 1725 425 1753 eo,
458 1713 546 1757 quod
578 1724 642 1745 vox
680 1713 785 1757 aliqua
819 1712 940 1756 pluries
973 1712 1058 1756 apud

105 1777 290 1822 scriptorem
315 1775 475 1820 quendam
495 1774 629 1816 legitur,
650 1775 778 1806 minime
799 1775 961 1818 sequitur,
983 1787 1058 1806 ean-

105 1840 177 1872 dem
203 1839 322 1883 ubique
344 1838 428 1883 apud
459 1849 532 1869 eum
562 1836 627 1879 legi
655 1836 782 1868 debere.
813 1837 951 1875 Contra,
979 1847 1057 1879 quo-

105 1903 190 1934 niam
205 1902 403 1946 flmnmantz's
432 1899 466 1931 in
487 1899 602 1938 nullo,
637 1898 725 1941 quod
761 1897 876 1937 sciam,
908 1897 1058 1929 Max-[iani

105 1964 188 1998 libro
212 1965 273 1995 hoc
304 1962 377 1994 loco
407 1960 543 2002 legitur,
573 1959 775 1990 retinendum
802 1970 941 1999 censeo,
971 1959 1059 2002 quod

107 2028 140 2060 in
159 2026 306 2059 omnihus
332 2029 398 2064 est,
424 2023 587 2068 flammis,
613 2021 800 2065 praesertim
823 2032 920 2064 quum
948 2025 1060 2052 noster

107 2088 217 2124 Ovidii
239 2087 327 2132 (met.
344 2087 379 2126 2,
403 2084 487 2128 152)
508 2095 637 2116 versusz

166 2152 314 2184 »Interea
333 2149 479 2180 volucres
500 2147 654 2190 Pyraei-5,
680 2146 788 2184 Eous,
814 2150 845 2176 et
868 2145 1010 2183 Aethon,

156 2214 240 2247 Solis
258 2213 346 2259 equi,
368 2215 569 2258 quartusque
585 2209 745 2251 Phlegon,
762 2207 940 2240 hinnitibus
961 2217 1059 2239 auras

156 2274 372 2318 Flammiferffs·
398 2273 546 2316 implent«
571 2289 619 2294 -—
640 2289 688 2294 —
708 2287 755 2293 ——-

112 2342 183 2368 ante
213 2337 323 2368 oculos
343 2334 494 2367 habuisse
523 2327 688 2374 videatur}
720 2337 752 2364 et
777 2344 836 2377 pro
855 2331 1059 2377 flammz’f'enis

111 2401 258 2447 posuisse
278 2401 418 2444 flammis
446 2400 527 2431 lucis
547 2399 694 2444 (flammis
722 2397 849 2441 igneis).
876 2398 1057 2430 Construoz

120 2463 193 2508 »qui
214 2464 378 2506 hucusque
398 2462 544 2494 volueres
565 2467 677 2502 eraut⁷
709 2461 789 2492 fiunt
811 2472 897 2492 nunc
918 2459 1058 2504 alipedes

113 2526 246 2560 flammis
279 2526 380 2567 igneis
415 2525 549 2558 anheli«
610 2526 753 2559 Eosdem
794 2525 936 2571 alipedes
977 2525 1059 2559 infra

113 2589 154 2635 (ἓ.
170 2587 253 2631 190)
272 2587 345 2620 Soli
364 2587 479 2619 iterum
499 2587 618 2620 tribuit.

1184 1208 1291 1241 clarus
1314 1203 1455 1251 emicuit]
1492 1204 1716 1238 conserendus
1743 1206 1805 1237 hoe
1831 1204 1904 1237 loco
1931 1204 2066 1237 Homeri

1107 1272 1244 1315 hymnus
1265 1269 1299 1301 in
1317 1267 1505 1313 Apollinem
1527 1267 1615 1311 (440
1640 1266 1743 1311 seqq.)
1771 1266 1873 1299 Gorz.

1184 1356 1350 1404 Geminos]
1379 1358 1544 1391 Castores.
1568 1357 1685 1390 Gnoss.
1710 1356 1793 1401 (eod.
1811 1356 1937 1389 Monac.
1958 1355 2001 1400 E)
2018 1376 2064 1381 —-

1108 1421 1185 1455 Sive
1210 1420 1380 1461 Dioscuri,
1406 1420 1501 1451 Jovis
1527 1418 1594 1451 filii.
1630 1417 1722 1451 Seite
1745 1423 1856 1450 noster
1878 1416 2066 1462 Apollinem

1108 1490 1140 1515 ct
1164 1484 1361 1517 Mercurium
1385 1487 1587 1513 transcuntes
1611 1482 1672 1512 hoe
1698 1481 1833 1514 Zodiaci
1856 1481 1983 1523 signum
2008 1481 2066 1512 fiu-

1108 1548 1172 1590 git,
1199 1552 1331 1592 propter
1354 1544 1486 1577 fraterni
1512 1543 1628 1576 amoris
1653 1543 1912 1583 similitudinem,
1940 1543 1974 1574 in
2000 1554 2065 1586 quo

1107 1610 1334 1652 proprietatem
1368 1606 1456 1638 illius
1496 1604 1633 1649 spectari
1666 1616 1742 1635 mox
1779 1603 1945 1645 significat.
1997 1602 2067 1635 Sed

1109 1672 1221 1703 subest
1242 1675 1408 1715 practerea
1430 1675 1537 1700 'causa
1561 1667 1601 1699 ab
1627 1665 1795 1706 astrologis
1819 1666 1937 1709 petita,
1967 1665 2063 1710 siqui-

1108 1736 1181 1767 dem
1203 1733 1355 1766 Mercurii
1381 1732 1528 1776 planetae
1553 1730 1690 1773 primum
1716 1728 1911 1760 domicilium
1935 1727 2068 1761 Gemini

1109 1802 1184 1828 sunt
1211 1795 1392 1839 (Palaeogr.
1420 1793 1488 1824 crit.
1515 1790 1575 1823 IV.
1601 1789 1630 1834 ἓ.
1649 1788 1747 1833 282).
1787 1789 1932 1822 Isidorus
1956 1790 2063 1835 (etym.

1107 1861 1151 1900 5,
1176 1861 1242 1897 71,
1272 1857 1330 1889 ⁶25.
1357 1867 1389 1899 p.
1414 1855 1496 1887 165.
1518 1852 1639 1897 Arev.)
1663 1853 1790 1886 scribit:
1817 1853 2008 1887 nCastorem
2033 1859 2066 1886 et

1108 1923 1276 1955 Pollucem
1304 1925 1380 1965 post
1402 1923 1538 1950 mortem
1566 1917 1651 1949 inter
1675 1917 1842 1948 notissima
1864 1916 1970 1949 sidera
1991 1929 2065 1950 con—

1109 1986 1299 2025 stituerunt,
1336 1981 1423 2027 quod
1450 1982 1576 2024 signum
1604 1979 1733 2013 Gemini
1761 1981 1899 2013 dicunt.«
1928 1981 2064 2013 ‹Iambli-

1108 2050 1187 2088 chus
1211 2046 1258 2091 (in
1277 2045 1342 2077 vita
1357 2045 1494 2089 Pythag.
1515 2043 1564 2075 28
1587 2054 1617 2087 p.
1637 2043 1704 2075 151
1731 2042 1841 2086 Rast.)
1863 2043 1958 2075 docet
1983 2043 2063 2077 „Ca-

1109 2111 1248 2144 storihus
1273 2121 1380 2141 rerum
1405 2108 1546 2141 omnium
1566 2106 1763 2140 harmoniam
1786 2106 1968 2139 celebrari«

1181 2190 1352 2232 postquam
1377 2180 1580 2229 introqressi]
1614 2181 1734 2215 Totum
1757 2180 1887 2223 Virgilii
1907 2180 2003 2227 (Aen.
2030 2182 2063 2222 1,

1111 2246 1198 2293 520)
1222 2245 1358 2278 inseruit
1383 2256 1526 2278 versum:

1181 2319 1376 2368 »Postquam
1411 2318 1604 2364 introqressz'
1644 2320 1676 2350 et
1711 2327 1819 2350 coram
1857 2316 1935 2349 data
1973 2316 2062 2358 eopia

1507 2380 1629 2425 fandi.-

1183 2457 1319 2505 possem]
1345 2458 1433 2491 Huic
1450 2458 1581 2491 carmini
1603 2456 1796 2500 adscriptum
1816 2455 1848 2486 ἱιι
1864 2454 1971 2496 glossa
1988 2452 2059 2485 Mo-

1109 2523 1256 2555 nacensis
1279 2523 1398 2557 codicis
1421 2522 1477 2568 (E)
1499 2522 1635 2566 legitur:
1663 2521 1819 2555 »Meti-um
1844 2517 1980 2549 Jambus
2010 2529 2057 2548 se-

1109 2587 1239 2620 narium.
1247 2601 1258 2617 α
