2310 2860
5 694 92 736 1'17'1
125 697 337 752 incipiam.

121 183 214 227 420

684 181 884 224 Martiani
923 181 1120 238 Capellae
1157 179 1229 222 lib.
1251 178 1308 221 V.
1347 181 1379 232 §.
1403 179 1506 222 475,

125 291 337 343 docendo,
380 288 696 347 permovend03
741 290 814 332 illa
850 290 968 346 prior
1006 288 1163 342 ethica,
1207 303 1389 344 sequens
1422 287 1673 344 apodictica,
1718 289 1839 330 tertia
1868 289 2077 345 pathetica

125 374 382 414 nominatur.

443 371 742 412 Conciliatione
771 372 867 412 licet
896 372 937 411 in
968 380 1050 412 tota
1081 386 1210 412 eausa
1240 371 1302 411 uti
1333 372 1578 422 conveniat,
1618 381 1760 412 tamen
1792 373 1833 411 in
1865 372 2077 427 principiis

125 453 298 495 uberius
330 452 629 505 insistendum3
661 463 699 493 et
729 454 771 493 in
803 451 1115 493 commovendo
1147 450 1336 492 maxime
1366 452 1509 506 vigere
1532 451 1656 492 debet
1687 451 1897 506 epilogus,
1929 451 2078 492 docere

128 543 268 576 autem
299 548 401 589 prae
437 535 582 575 ceteris
620 533 744 574 debet
773 536 864 590 ipsa
893 534 1101 584 narratio,
1147 531 1347 588 quamvis
1382 531 1594 572 diluendis
1629 532 1946 585 quaestionibus
1973 531 2081 585 obji-

126 615 370 670 ciendisque
401 615 651 656 criminibus
682 631 766 656 non
797 616 1008 656 dissimilis
1044 622 1244 669 operetur
1276 612 1515 653 adstructio.

126 777 296 818 intentio
337 786 375 817 et
412 776 628 831 depulsio,
686 776 755 817 vel
797 776 903 817 ratio
944 785 983 816 et
1020 773 1249 816 infirmatio
1288 776 1472 816 rationis.

397 697 715 751 Argumentum
749 706 808 737 est
837 696 964 747 ratio,
997 710 1109 751 quae
1139 695 1201 736 rei
1234 694 1391 736 dubiae
1421 694 1550 736 fidem
1582 694 1693 736 facit.

1576 613 1704 654 Nunc
1736 612 1789 653 de
1822 611 2079 669 argumentis

1752 697 1834 737 Res
1865 695 1997 735 dubia
2026 702 2085 734 est

1534 776 1683 826 Quum
1718 777 1830 818 enim
1862 775 2082 831 objeceris:

125 858 331 909 occidisti,
364 867 411 898 ut
440 857 590 898 doceas
622 857 1036 913 argumentationem
1067 865 1106 896 et
1136 855 1445 908 firmationem,
1491 858 1577 908 vis,
1619 859 1809 899 maxime
1840 872 1976 914 quum
2009 871 2084 897 ne-

122 950 246 995 gatur
280 940 405 980 etiam
437 939 579 995 ipsum
612 954 697 980 non
727 938 880 989 occidi,
936 937 1061 993 exigit
1092 947 1416 992 argumentum3
1473 937 1569 978 lieet
1599 938 1651 979 ad
1686 938 1925 980 faciendam
1954 937 2084 979 fidem

123 1022 248 1062 etiam
281 1021 373 1072 illa,
405 1035 517 1076 quae
547 1020 826 1061 inartificialia
856 1022 1155 1071 nominantur,
1188 1021 1370 1062 debeant
1402 1020 1616 1071 adhiberi,
1661 1030 1708 1061 ut
1738 1021 1929 1071 tabulae,
1974 1020 2085 1060 testi-

122 1102 286 1152 monia,
334 1101 627 1156 quaestiones,
670 1116 782 1155 quae
820 1110 913 1156 post
954 1100 1215 1141 discutienda
1260 1101 1456 1141 servabo.

1519 1102 1559 1142 N
1565 1116 1648 1141 une
1695 1110 1945 1156 argumenta
1974 1109 2084 1140 trae-

121 1189 284 1233 tentur,
325 1195 437 1236 quae
473 1191 545 1222 aut
575 1181 617 1221 in
651 1181 839 1235 negotio,
893 1180 946 1221 de
982 1194 1069 1235 quo
1101 1182 1259 1237 agitur,
1304 1181 1438 1237 posita
1469 1190 1587 1233 sunt,
1628 1190 1699 1222 aut
1729 1181 1837 1222 illud
1869 1181 2084 1236 attingunt.

119 1369 210 1397 eant«
236 1363 279 1395 ita
302 1363 406 1408 pergit
425 1362 469 1408 (p.
490 1363 593 1406 255)=
624 1362 732 1394 »Ilaec
759 1362 864 1394 onmia
890 1362 1081 1404 generaliter

119 1424 270 1465 πὶὄτεις
295 1425 472 1469 appellant:
495 1425 582 1468 quod
600 1425 659 1455 etsi
675 1425 803 1468 propria
818 1424 1080 1467 interpretatione

119 1489 228 1520 dicere
244 1489 340 1531 fidem
364 1500 553 1532 possumus,
575 1488 715 1532 apertius
740 1493 846 1520 tamen
860 1489 1081 1531 probationem

121 1551 414 1596 interpretabimur.
422 1568 432 1580 u

194 1617 296 1648 tribus
315 1616 351 1658 fit
375 1614 489 1660 modis]
523 1616 597 1647 Hoc
622 1627 662 1646 ex
690 1613 868 1646 Aristotele
896 1615 1028 1658 (rhetor.
1048 1616 1081 1654 1,

116 1678 156 1721 2)
180 1679 352 1723 repetitum
380 1684 445 1710 est:
471 1676 554 1712 τῶν
576 1675 616 1712 δὲ
640 1674 702 1712 διὰ
732 1676 803 1711 τοῦ
827 1672 947 1721 λόγου
975 1686 1081 1722 πορι-

118 1738 300 1783 ζομένων
335 1738 505 1774 πίστεων
539 1740 626 1784 τρία
664 1738 742 1783 εἴδη
783 1736 904 1772 ἐστὶν·
944 1739 984 1772 αἱ
1011 1736 1083 1782 μὲν

118 1799 194 1849 γάρ
220 1802 314 1837 εἰσιν
333 1802 374 1836 ὲν
395 1801 450 1849 τῷ
473 1800 564 1847 ἤθει
586 1801 657 1835 τοῦ
677 1800 880 1846 λὲγοντος,
910 1801 950 1836 αἱ
975 1799 1016 1836 δὲ
1042 1802 1083 1836 ἑν

117 1864 175 1912 ’τῷ
210 1862 281 1899 τὸν
313 1861 510 1910 ἀκροατὴν
538 1862 736 1898 διαθεῖναί
765 1873 868 1907 πως,
897 1865 937 1898 αἱ
969 1862 1009 1898 δὲ
1040 1864 1083 1900 ἐν

118 1923 231 1973 αὐτῷ
256 1925 311 1973 τῴ
336 1922 440 1972 λόγῳ
471 1922 533 1960 διὰ
572 1924 641 1959 τοῦ
676 1921 869 1959 δεικνύναι
894 1922 920 1971 ἡ
952 1924 1084 1972 φαίνε-

120 1990 218 2024 σθαι
251 1985 463 2023 δεικνύναι(
489 1989 573 2019 unde
610 1993 642 2019 et
668 1988 783 2020 Cicero
811 1990 905 2032 (orat.
931 1989 971 2029 2,
1005 1988 1084 2032 27):

127 2051 227 2083 »ratio
254 2050 356 2082 omnis
380 2050 505 2081 dicendi
524 2050 624 2081 trihus
648 2050 686 2080 ad
705 2051 961 2093 persuadendum
986 2051 1084 2082 rebus

122 2120 174 2146 est
199 2113 289 2145 nixa:
313 2118 348 2143 ut
373 2113 540 2155 probemus
568 2126 642 2144 vera
673 2125 744 2144 esse
770 2126 807 2145 ea
835 2126 916 2158 quae
942 2114 1083 2145 defendi-

120 2189 208 2217 mus,
235 2181 271 2208 ut
288 2177 491 2208 conciliemus
514 2176 606 2206 nobis
626 2188 681 2207 eos
704 2176 759 2219 qui
781 2177 932 2216 audiunt,
959 2183 994 2208 ut
1014 2179 1084 2208 αηί-

120 2252 190 2272 mos
217 2250 327 2271 eorum
349 2239 389 2271 ad
407 2251 629 2283 quemcunque
652 2251 746 2270 eausa
766 2241 942 2283 postulabit
965 2247 1085 2273 motum

125 2314 305 2334 vocemlls.1‹

200 2366 236 2397 in
253 2361 435 2408 principiis]
463 2362 578 2395 Cicero
594 2362 646 2405 (de
672 2362 791 2395 invent.
808 2365 843 2403 1,
871 2364 945 2408 15):
969 2365 1083 2396 »Prin-

125 2429 242 2472 cipium
265 2433 315 2460 est
337 2427 439 2459 oratio
462 2426 629 2470 perspicue
650 2430 682 2457 et
707 2427 851 2469 protinus
870 2428 1008 2459 efficiens
1030 2441 1084 2460 au·

126 2489 261 2524 ditorem
300 2488 493 2520 benevolum
536 2492 590 2518 aut
630 2487 765 2518 docilem
806 2493 860 2518 aut
895 2495 1078 2522 attentum.u

126 2551 225 2584 Plura
244 2551 316 2582 vide
340 2551 421 2582 infra
444 2548 486 2593 (§.
510 2549 592 2581 502.
617 2548 713 2591 540).

203 2612 362 2658 ερίῐοφιε]
399 2613 522 2648 Multus
557 2617 606 2644 est
638 2613 696 2645 hae
722 2611 761 2645 de
786 2624 820 2647 re
847 2612 1085 2658 Quinctilianus

1132 1364 1185 1409 (G,
1211 1366 1251 1406 23
1285 1378 1316 1410 p.
1337 1366 1411 1398 484
1439 1366 1558 1410 sequ.),
1582 1378 1676 1410 quem
1698 1365 1787 1406 vide,
1810 1364 1868 1398 sed
1886 1370 1918 1397 et
1940 1370 2085 1397 nostrum

1132 1427 1214 1460 infra
1236 1425 1277 1472 (ἓ.
1295 1428 1378 1459 504.
1405 1429 1500 1471 565).

1209 1502 1308 1536 quum
1327 1488 1426 1534 enim]
1452 1490 1556 1531 Lege:
1580 1502 1696 1533 »quum
1718 1490 1802 1521 enim
1828 1489 1983 1531 objeceris
2009 1490 2086 1520 ocei-

1134 1551 1210 1583 disti
1236 1555 1271 1582 ut
1294 1550 1411 1583 doceas
1435 1552 1725 1592 argumentatione,
1760 1557 1793 1583 et
1818 1551 1996 1582 firmatione
2025 1561 2087 1581 ma-

1133 1614 1216 1645 xime
1240 1625 1312 1645 cum
1336 1620 1471 1655 negatur
1494 1615 1588 1646 etiam
1616 1615 1736 1658 ipsum:
1759 1620 1795 1645 ut
1818 1627 1883 1645 mm
1910 1615 2010 1645 occidi
2034 1625 2087 1644 ex-

1133 1675 1230 1716 igitur
1256 1681 1485 1716 argumentum.
1502 1675 1606 1707 Gnor.
1624 1694 1672 1699 —-
1698 1676 1822 1707 Locum
1845 1687 1911 1706 non
1930 1675 2089 1706 intellexit

1135 1736 1285 1776 Grotius,
1324 1736 1399 1779 quia
1422 1737 1538 1767 librum
1565 1735 1663 1767 edens
1689 1736 1861 1768 intruserat
1888 1737 1984 1768 verba
2018 1737 2086 1779 »fir-

1133 1800 1273 1829 macione
1287 1799 1364 1829 visa«
1397 1797 1616 1829 Intellexisset
1637 1797 1768 1838 melius,
1796 1798 1823 1829 si
1847 1798 2021 1829 anteriores
2042 1799 2088 1829 in-

1134 1861 1294 1906 spexisset
1310 1861 1477 1895 editiones.
1498 1861 1567 1893 Sed
1582 1861 1732 1905 optimam
1749 1862 1920 1894 lectionem
1941 1874 1958 1894 e
1976 1863 2088 1894 Darm-

1134 1923 1282 1956 statteusi
1305 1923 1415 1954 codiee
1437 1923 1538 1954 hausi.

1209 1991 1281 2028 post
1307 1983 1519 2030 discutienda]
1547 1984 1632 2017 Vide
1654 1984 1735 2017 infra
1757 1984 1799 2030 (§.
1817 1985 1912 2030 560).

1209 2054 1266 2080 aut
1285 2050 1320 2079 in.
1345 2047 1483 2093 negotio]
1512 2048 1627 2080 Cicero
1647 2049 1700 2093 (de
1721 2055 1800 2083 orat.
1819 2050 1859 2090 2,
1882 2049 1959 2093 59):
1983 2047 2089 2092 »Quid

1136 2111 1221 2143 enim
1244 2116 1293 2142 est
1320 2111 1354 2142 in
1382 2123 1446 2155 quo
1473 2113 1618 2153 haereat,
1652 2113 1707 2156 qui
1732 2113 1846 2144 viderit
1868 2124 1976 2151 omne,
2001 2111 2087 2155 quod

1137 2180 1278 2206 sumatur
1304 2174 1337 2205 in
1361 2175 1504 2206 oratione
1529 2181 1585 2207 ant
1606 2176 1645 2206 ad
1672 2175 1871 2219 probandum
1896 2180 1950 2206 aut
1973 2174 2013 2206 ad
2039 2186 2087 2206 re-

1134 2231 1326 2276 fallendum,
1350 2242 1404 2267 aut
1426 2249 1468 2268 ex
1490 2249 1550 2268 sua
1575 2239 1660 2269 sumi
1682 2238 1716 2267 vi
1737 2242 1768 2267 et
1791 2243 1929 2276 natura,
1964 2242 2018 2268 aut
2039 2249 2088 2268 as-

1136 2303 1221 2332 sumi
1240 2299 1344 2342 foris?
1369 2299 1422 2330 Ex
1444 2312 1501 2331 sua
1524 2300 1570 2339 vi,
1594 2312 1690 2343 quum
1709 2305 1763 2330 aut
1781 2311 1831 2331 res
1855 2312 1936 2343 qnae
1961 2301 2002 2332 sit
2024 2307 2089 2332 tota

1135 2361 1314 2412 quaeritur?
1341 2366 1395 2392 aut
1414 2373 1491 2404 pars
1516 2360 1601 2402 ejus,
1634 2366 1688 2391 aut
1710 2363 1899 2393 vocabulum
1925 2363 2011 2406 quod
2034 2364 2088 2394 lia-

1135 2426 1223 2465 beat,
1249 2429 1303 2456 aut
1329 2425 1509 2468 quippiam,
1536 2436 1603 2455 rem
1628 2424 1714 2455 illam
1742 2425 1828 2467 quod
1854 2426 2005 2467 attingat3
2036 2438 2088 2457 ex-

1135 2490 1293 2521 trinsecus
1319 2494 1440 2528 autem,
1464 2500 1560 2531 quum
1591 2488 1646 2520 illa
1677 2500 1758 2531 quae
1789 2494 1864 2520 sunt
1882 2489 1960 2520 soris
1986 2502 2090 2533 neque

1135 2551 1302 2584 inhaerent
1327 2550 1359 2581 in
1380 2549 1428 2581 rei
1453 2555 1565 2581 natura
1585 2550 1808 2591 colliguntur.«
1848 2550 1944 2583 Adde
1970 2551 2089 2594 Topica

1138 2625 1237 2659 quum
1263 2611 1406 2654 ejusdem
1432 2611 1513 2656 (cap.
1534 2612 1571 2654 2)
1598 2617 1664 2644 tum
1683 2611 1886 2653 Aristotelis,
1919 2612 2004 2644 unde
2023 2623 2087 2644 om-
