2310 2860
646 149 847 192 Martiani
878 150 1080 207 Capellae
1109 154 1182 196 lib.
1203 155 1300 197 VII.
1331 158 1362 208 §.
1384 158 1481 199 789.
1952 164 2042 206 (325

83 255 366 313 adspiciamus
390 270 488 310 ergo
499 287 511 307 ,
542 270 672 311 quem
707 257 936 299 minimum
970 267 1158 313 quatuor
1188 271 1228 302 et
1252 271 1334 303 tres
1364 264 1603 307 metiantur.
1634 266 1674 306 Is
1705 277 1766 308 est
1788 267 2038 324 duodecim3

81 353 179 394 ergo
214 339 247 379 is
279 348 339 379 est
378 339 603 390 minimus,
652 353 784 394 quem
816 354 963 381 ornnes
999 340 1060 381 illi
1091 350 1172 382 tres
1205 342 1340 383 metiri
1373 354 1559 398 possunt.
1618 347 1730 387 Nam
1763 358 1803 390 et
1833 349 1893 391 bis
1924 365 2037 405 sena,

80 429 120 460 et
155 430 217 460 ter
257 414 484 475 quaterna,
538 430 577 461 ct
617 429 768 475 quater
803 430 945 472 terna,
992 420 1219 462 duodecim
1259 421 1386 475 fiunt3
1441 435 1480 465 ct
1524 426 1594 467 hic
1635 442 1810 484 quoque
1859 447 2033 474 omnem

78 517 334 554 numerum,
386 502 461 556 qui
498 501 725 543 duodecim
766 502 1052 558 multiplicatis
1091 502 1180 554 fiet,
1220 503 1346 545 iidem
1381 505 1439 546 illi
1472 509 1640 549 numeri
1672 519 1753 551 tres
1788 514 2031 556 metiuntur.

77 585 164 625 Ubi
202 586 289 626 duo
329 585 500 626 numeri
540 599 773 625 numerum
816 584 1003 639 aliquem
1040 586 1295 638 metiuntur,
1341 588 1414 641 qui
1446 589 1648 631 minimus
1678 592 1717 631 in
1751 593 1829 632 illis
1860 594 2029 637 duobus
2064 592 2153 635 790

78 680 326 706 mensuram
375 666 523 716 habet,
576 665 767 720 ejusdem
807 666 918 706 illius
957 668 1127 708 numeri
1168 682 1370 709 mensura
1415 679 1487 710 est.
1545 672 1634 712 Sint
1665 672 1749 713 dati
1779 675 2031 728 duodecim,

75 745 152 787 hos
190 756 230 787 et
262 746 347 787 duo
383 757 422 787 et
450 757 533 787 tres
571 747 826 799 metiuntur3
871 745 1075 788 minimus
1111 758 1251 788 autem
1289 763 1520 800 numerus,
1566 767 1695 805 quem
1729 755 1786 795 illi
1820 756 1907 797 duo
1939 773 2030 799 me-

78 829 261 879 tiuntur,
299 829 488 869 senarius
522 837 601 880 est3
642 828 789 882 atquin
816 827 963 867 iisdem
997 828 1122 868 etiam
1154 829 1379 870 duodecim
1408 832 1601 884 metitur,
1632 849 1731 875 nam
1764 838 1899 878 sexies
1926 839 2025 880 bina

74 907 300 950 duodecim
343 918 452 949 sunt.
510 909 629 949 Idem
669 907 713 948 {it
751 912 793 948 in
834 923 882 948 eo
914 922 1118 958 munem,
1163 923 1294 962 quem
1327 919 1408 950 tres
1442 912 1573 967 aliqui
1607 916 1856 962 metiuntur.
1913 920 2028 959 Nam

77 988 147 1029 hic
181 1004 354 1043 quoque
385 990 577 1040 metitur,
627 990 699 1043 qui
732 989 935 1029 minimus
966 988 1009 1028 in
1039 988 1118 1028 illis
1148 988 1283 1028 tribus
1314 1004 1562 1033 mensuram
1597 994 1737 1036 habet.
1810 999 2028 1041 Ponantur

72 1069 217 1124 viginti
262 1079 466 1123 quatuor:
498 1070 574 1110 hos
613 1079 652 1110 et
690 1069 777 1110 duo
816 1079 855 1109 et
898 1078 981 1108 tres
1027 1077 1066 1108 et
1113 1079 1299 1121 quatuor
1340 1072 1594 1125 metiuntur,
1644 1077 1848 1119 minimus
1881 1089 2023 1120 autem

70 1164 301 1200 numerus,
344 1150 417 1203 qui
461 1159 519 1190 est
557 1149 806 1199 duodecim,
854 1149 896 1188 in
936 1148 1086 1189 iisdem
1124 1149 1203 1189 illis
1236 1151 1369 1192 tribus
1407 1167 1651 1195 mensuram
1685 1156 1837 1210 habet3
1877 1161 2023 1214 atquin

70 1230 140 1270 hic
169 1244 345 1284 quoque
377 1245 446 1270 eos
478 1230 552 1284 qui
584 1230 727 1284 viginti
758 1238 946 1282 quatuor
982 1238 1080 1269 sunt
1117 1230 1309 1282 metitur,
1357 1247 1455 1273 nam
1489 1233 1718 1276 duodecies
1749 1238 1846 1278 bina
1880 1239 2024 1294 viginti

71 1320 257 1365 quatuor
295 1320 404 1351 sunt.
459 1311 501 1350 Si
539 1310 646 1350 binis
685 1310 875 1350 numeris
914 1309 1096 1362 majores
1132 1309 1405 1364 minoresque
1448 1325 1666 1367 ponuntur
1700 1317 1758 1357 sic
1799 1328 1845 1359 ut
1875 1319 2024 1360 eadem
2055 1322 2136 1364 791

69 1392 174 1432 ratio
222 1393 329 1432 inter
377 1391 559 1445 majores
609 1389 882 1442 minoresque
921 1389 996 1437 sit,
1056 1388 1220 1441 quoties
1268 1392 1406 1445 major
1444 1395 1676 1447 majorem,
1726 1399 1842 1439 toties
1884 1401 2024 1442 minor

70 1474 282 1515 minorem
335 1472 519 1513 metitur.
602 1470 692 1510 Sint
744 1468 914 1508 numeri
963 1468 1050 1509 duo
1097 1479 1135 1509 et
1178 1480 1280 1522 tres,
1339 1472 1491 1514 deinde
1538 1486 1629 1516 0010
1677 1487 1717 1518 et
1769 1479 2020 1535 duodecim3

69 1555 218 1596 eadem
267 1555 375 1594 inter
418 1553 602 1606 majores
649 1550 922 1603 minoresque
967 1565 1170 1591 numeros
1215 1552 1322 1592 ratio
1370 1563 1451 1606 est3
1509 1570 1610 1597 nam
1650 1566 1689 1598 et
1726 1567 1809 1599 tres
1852 1560 2021 1602 duobus

68 1646 108 1676 ct
136 1635 362 1676 duodecim
395 1634 458 1674 his
496 1634 570 1686 qui
604 1641 696 1673 octo
732 1641 830 1672 sunt
859 1631 1153 1686 superdimidii
1185 1642 1294 1676 sunt.
1362 1635 1599 1678 Metiuntur
1638 1648 1778 1680 autem
1825 1651 1908 1683 tres
1952 1658 2021 1683 eos

69 1718 144 1771 qui
193 1715 421 1757 duodecim
465 1723 564 1755 sunt
610 1723 783 1769 quater,
835 1726 937 1753 nam
985 1719 1047 1752 ter
1087 1722 1294 1766 quaterna
1334 1714 1560 1757 duodecim
1605 1728 1724 1771 sunt3
1781 1722 1896 1775 atqui
1933 1722 2020 1762 duo

68 1810 243 1851 quoque
287 1811 356 1836 eos
396 1795 470 1849 qui
510 1805 602 1837 octo
639 1804 738 1836 sunt
787 1804 938 1850 quater
980 1795 1237 1846 metiuntur,
1284 1811 1384 1837 nam
1427 1807 1613 1852 quatuor
1644 1800 1743 1842 bina
1780 1812 1872 1843 octo
1910 1812 2020 1845 sunt.

70 1878 246 1928 Quoties
276 1877 541 1932 singularitas
568 1877 754 1931 aliquem
778 1890 1013 1916 numerum
1038 1879 1229 1927 metitur,
1260 1876 1375 1916 toties
1407 1876 1512 1918 allus
1541 1893 1749 1921 numerus
1777 1897 1869 1922 eam
1894 1884 2021 1925 etiam
2049 1881 2136 1924 792

68 1960 279 2001 metietur.
348 1958 528 1999 Eveniet
570 1967 639 2008 ut,
690 1958 853 2011 quoties
891 1953 1156 2010 singularitas
1199 1972 1251 1997 ex
1282 1958 1476 1999 secundis
1507 1959 1753 2002 ulteriorem
1786 1978 2017 2006 numerum

69 2043 288 2091 metietur,
335 2040 453 2080 toties
491 2039 548 2090 is,
593 2038 668 2093 qui
711 2047 806 2079 ante
845 2038 886 2078 in
928 2024 1222 2094 singularitatis
1257 2054 1504 2082 mensuram
1546 2044 1726 2094 venerit,
1770 2045 2015 2088 ulteriorem

67 2136 302 2164 numerum
341 2121 554 2162 metiatur.
612 2120 702 2161 Sint
739 2134 875 2161 unum
919 2129 958 2160 et
995 2119 1189 2175 quinque
1227 2130 1266 2162 et
1309 2136 1382 2162 sex
1423 2131 1460 2163 et
1504 2124 1683 2179 triginta.
1745 2127 2016 2182 Singularitas

69 2204 314 2259 quinarium
346 2217 581 2244 numerum
614 2202 844 2257 quinquies
875 2201 1068 2252 metitur3
1128 2201 1241 2242 idem
1279 2201 1377 2242 facit
1406 2203 1520 2244 senio
1549 2204 1590 2244 in
1623 2206 1807 2260 triginta;
1866 2221 2014 2247 rursus

68 2286 178 2340 ipsos
217 2299 289 2323 sex
331 2284 594 2337 singularitas
640 2283 773 2324 sexies
812 2284 1011 2334 1netitur3
1071 2292 1112 2323 at
1149 2282 1369 2336 quinarius
1418 2297 1593 2340 quoque
1635 2301 1842 2326 numerus
1880 2286 2012 2327 sexies

143 2397 208 2424 tres
225 2389 421 2436 metiuntur]
448 2391 504 2424 Sic
526 2392 652 2425 codices
675 2391 880 2425 Monacensis
904 2392 959 2436 (C)
984 2397 1015 2423 et
1139 2392 1243 2435 πυξίον
1270 2391 1440 2438 mnjorem]
1480 2393 1536 2426 Sic
1575 2395 1754 2426 necessario
1796 2395 2014 2438 reponendum

69 2454 356 2494 Damnstaucnsis,
382 2455 495 2485 melius
523 2468 616 2498 quam
642 2455 831 2488 metitfintw·
855 2455 887 2487 in
913 2455 1015 2487 editis.
1068 2460 1135 2485 crat
1161 2466 1201 2486 ex
1230 2455 1339 2487 codiee
1381 2444 1645 2499 Darmstzittensi7
1695 2457 1790 2499 vulgo
1823 2459 1925 2503 major
1957 2461 2014 2490 mi·

143 2518 257 2562 atquin
288 2513 418 2559 iisdem]
454 2515 568 2547 Codex
606 2517 870 2549 Darmstattensis
901 2523 1017 2563 atque7·
1068 2528 1186 2549 norem.

70 2579 126 2612 sed
142 2585 262 2611 mutare
277 2578 376 2620 nolui,
396 2591 492 2623 quum
507 2579 588 2610 infra
607 2579 720 2612 iterum
738 2583 852 2627 atquin
868 2586 1016 2613 recurrat.
1145 2590 1214 2610 eam
1241 2580 1337 2612 etiam
1363 2579 1522 2626 metietur]
1550 2580 1656 2612 Locus
1681 2586 1858 2625 corruptus.

1570 2644 1615 2673 79
