2310 2860
65 799 147 841 911

183 208 272 251 706

185 314 299 357 orbis
322 328 404 355 non
428 312 572 366 chelys
602 326 679 352 nec
704 311 898 352 barbiton
931 326 1009 352 nec
1031 309 1331 352 tetrachordon
1358 311 1611 367 apparebat,
1641 310 1715 352 sed
1738 311 1877 367 ignota
1893 313 2136 356 'rotunditas

751 204 951 246 Martiani
983 203 1183 260 Capellae
1212 202 1285 244 lib.
1308 203 1387 245 IX.
1418 205 1448 256 §.
1472 203 1572 246 910.

186 396 381 438 omnium
421 391 624 434 melodias
669 390 1007 434 transscenderat
1049 406 1324 447 organorum.
1383 392 1582 447 Denique
1628 407 1731 434 mox
1778 393 1964 449 ingressa
2010 404 2137 450 atque

186 475 374 531 ejusdem
401 475 514 516 orbis
539 488 720 515 sonuere
747 483 988 524 concentUS‚
1018 481 1170 514 cuneta
1191 472 1262 514 illa
1286 487 1398 528 quae
1421 473 1589 515 dissona
1610 474 1795 516 suavitas
1819 472 2141 516 commendarat

186 558 304 599 velut
335 557 610 599 mutesoentia
640 566 886 609 tacuerunt3
930 556 1108 612 ipseque
1139 565 1239 596 tunc
1264 555 1429 611 Jupiter
1460 556 1746 611 coelestesque
1775 555 1876 609 divi,
1907 556 2137 613 superioris

182 637 393 680 melodiae
417 638 552 694 agnita
576 637 830 693 granditate,
861 651 973 692 quae
997 636 1039 678 in
1072 637 1281 679 honorem
1308 637 1531 691 cujusdam
1563 637 1667 693 ignis
1700 637 1841 679 arcani
1866 652 1914 678 ac
1936 637 2139 679 fiammae

181 720 412 776 insopibilis
450 719 734 772 fundebatur,
787 719 958 761 reveriti
1002 719 1200 760 intimum
1250 719 1576 775 patrimumque
1624 733 1798 760 carmen
1837 702 2065 774 paulultim
2096 718 2139 760 in

179 803 495 844 venerationem
529 801 895 844 extramundanae
919 816 1065 842 omnes
1087 801 1383 857 intelligentiae
1412 810 1705 842 surrexerunt.
1752 801 1879 842 Tunc
1902 800 2139 856 egcrsimon

180 882 393 924 ineffabile
434 884 553 939 virgo
584 883 840 925 concludens
876 882 929 923 ad
958 882 1110 924 Jovem
1147 898 1319 925 reversa
1361 881 1447 924 aliis
1487 880 1671 922 modulis
1699 881 2002 937 numerisque,
2034 896 2139 924 voce

180 966 305 1008 etiam
338 967 561 1018 associata,
599 967 658 1006 sic
691 965 845 1021 coepit:

576 1048 641 1088 Te
671 1061 786 1087 nunc
818 1047 1071 1087 astrisonum
1105 1047 1315 1097 carmine,
1356 1045 1542 1101 Jupiter,

579 1128 679 1177 Quo
710 1136 922 1182 gemmata
954 1126 1039 1182 poli
1073 1126 1248 1167 volvere
1278 1126 1418 1168 sidera

576 1207 723 1248 Suevit
753 1208 842 1261 lege
874 1216 964 1247 rata
994 1222 1115 1248 sacra
1145 1207 1355 1257 recursio,

571 1286 861 1327 Praefandum
894 1302 1097 1338 veneror,
1143 1287 1303 1342 quippe
1334 1286 1578 1341 potissimus

574 1367 717 1408 Nectis
751 1366 995 1421 sceptrifero
1026 1368 1106 1408 sub
1138 1367 1400 1417 diademate,

571 1447 864 1502 Omnigenuin
897 1447 1060 1502 genitor
1090 1461 1218 1502 regna
1251 1461 1429 1489 movens
1459 1448 1615 1500 deum,

172 1569 315 1603 exhiberi
340 1574 466 1611 censet,
495 1580 609 1601 vereor
635 1581 676 1602 ne
699 1575 838 1610 temere,
867 1582 964 1613 quum
986 1570 1124 1602 Harmo-

170 1633 254 1665 niam
275 1644 310 1664 se
328 1632 459 1677 pingere
482 1631 575 1664 elaris
599 1631 704 1663 verbis
725 1631 903 1664 Martianus
927 1632 1123 1675 profiteatur.

244 1694 447 1741 rotunditas]
481 1696 724 1728 Rocnnditatem
752 1702 845 1727 vocat
876 1695 980 1738 ipsum
1002 1696 1123 1736 orbem,

170 1767 205 1792 ut
227 1760 302 1792 alibi
321 1762 562 1806 animatamque
587 1760 826 1791 rotunditatem.
855 1759 993 1792 Videtur
1017 1765 1123 1791 autem

168 1823 219 1854 hic
249 1822 378 1853 sistrum
405 1821 548 1853 innuere.
565 1820 670 1853 Gnor.
690 1839 737 1845 —
770 1820 818 1853 At
846 1821 974 1853 sistrum
998 1822 1122 1854 nultum

169 1886 357 1926 rotundum3
385 1897 441 1917 cur
468 1897 534 1916 non
556 1885 706 1917 Martiani
727 1885 832 1917 verbis
853 1886 1004 1918 insistens
1034 1888 1122 1930 isJno-

170 1956 236 1982 tum
257 1949 501 1992 instrumentum
517 1949 617 1981 dixit?
643 1949 795 1981 Ceterum
821 1955 905 1982 recte
928 1951 1122 1982 anteriorum

170 2011 346 2044 editionum
368 2011 537 2043 lectionem
559 2012 742 2043 reconditas
760 2012 896 2055 respuit,
922 2025 1003 2056 quae
1020 2026 1037 2044 a
1055 2018 1121 2044 tota

169 2072 406 2106 constructione
433 2072 535 2104 aliena
562 2078 622 2105 est.
662 2073 700 2105 Si
723 2073 799 2117 quid
820 2074 930 2115 video,
957 2075 1043 2106 orbis
1065 2075 1121 2106 ille

169 2138 374 2182 sphaerarum
392 2136 578 2168 coelestium
596 2142 786 2169 concentum
803 2138 970 2180 significat,
993 2139 1032 2170 de
1056 2150 1121 2183 quo

168 2201 262 2247 plura
284 2200 430 2245 superius
455 2199 496 2245 (§.
514 2201 571 2234 12.
595 2201 653 2232 27.
682 2201 781 2245 169),
811 2202 878 2234 sive
903 2203 1009 2233 fusum
1031 2202 1121 2234 illum

168 2264 401 2305 harmonicum,
422 2276 486 2308 quo
501 2264 596 2296 Plato
616 2265 753 2308 (republ.
773 2267 834 2305 10,
866 2278 895 2309 p.
912 2266 998 2309 516)
1018 2266 1121 2311 ipsius

168 2326 256 2360 illius
282 2332 457 2359 concentus
478 2326 649 2368 imaginem
675 2328 871 2369 expressisse
897 2328 1030 2361 videtur.

246 2395 344 2437 atque
366 2388 528 2434 ejusdem]
555 2388 638 2421 Mira
668 2389 880 2430 construeti03
916 2390 973 2422 sed
997 2391 1123 2423 videtur

172 2462 247 2483 mox
273 2456 370 2497 atque
401 2450 521 2482 dixisse
546 2456 581 2481 ut
604 2451 701 2482 sinml
721 2456 841 2497 atque,
867 2457 903 2483 ut
932 2464 1047 2484 sensus
1070 2453 1122 2486 hie

173 2513 229 2544 sit=
254 2511 366 2543 »simul
383 2517 479 2556 atque
499 2512 642 2554 ingressa
665 2512 758 2557 (illa)
779 2513 921 2554 ejusdem
941 2514 1028 2546 orbis
1046 2526 1122 2547 eon·

174 2579 286 2607 centus
312 2585 468 2605 sonuere·
493 2580 554 2606 eet.
813 2555 821 2562 ·

247 2634 439 2682 patrimum]
467 2637 649 2670 Pacrimum
675 2647 804 2671 cannen
827 2641 936 2670 eontra
961 2637 1124 2681 vulgarem

1177 1569 1331 1613 loquendi
1360 1581 1454 1601 nsum
1485 1569 1664 1603 Martianus
1690 1570 1770 1603 illud
1801 1572 1963 1616 appellare
1992 1573 2135 1616 videtur,

1177 1633 1263 1676 quod
1289 1633 1327 1664 ad
1348 1633 1480 1665 deorum
1508 1634 1641 1677 patriam
1667 1640 1763 1679 atque
1788 1636 1942 1678 originem
1967 1644 2135 1681 spectaret.

1174 1696 1322 1740 Respicit
1353 1703 1459 1728 autem
1488 1709 1601 1729 arcana
1626 1698 1682 1729 illa
1711 1711 1793 1742 quae
1828 1700 1860 1731 in
1895 1700 1969 1731 libri
2001 1701 2134 1733 secundi

1175 1759 1238 1790 fine
1274 1759 1626 1793 Neo—Platonicorum
1662 1762 1779 1806 placita
1813 1768 1943 1794 secutus
1985 1764 2134 1807 tetigerat

1174 1821 1215 1867 (ξ.
1235 1823 1470 1867 205—208).

1249 1883 1449 1930 efflet-simon]
1477 1885 1704 1920 Excitativum.
1726 1886 1875 1920 VULGAN.
1891 1905 1938 1912 -
1964 1887 2050 1922 Vide
2073 1901 2133 1922 nos

1175 1948 1322 1992 superius
1347 1948 1402 1992 (ad
1430 1947 1460 1993 §.
1479 1948 1525 1991 2).

1249 2008 1466 2054 asin-isonam]
1493 2010 1618 2041 Forsan
1654 2011 1824 2042 astrisono.
1841 2011 2004 2044 Gn0‡.--
2025 2014 2132 2046 Astri-

1172 2085 1287 2105 sonum
1308 2074 1389 2105 male
1414 2073 1663 2114 legimnlinms.
1680 2074 1733 2116 (ad
1758 2073 1855 2105 Ouid.
1873 2076 1911 2108 T.
1926 2076 1991 2117 111,
2011 2090 2044 2121 p.
2060 2078 2130 2109 177

1173 2137 1297 2178 Burin.)
1309 2155 1356 2159 —
1375 2136 1444 2169 Sed
1461 2137 1577 2178 legitur
1598 2137 1630 2168 in
1647 2137 1794 2168 omnihus
1811 2143 1874 2169 tam
1890 2139 2017 2182 scriptis
2035 2152 2131 2183 quam

1173 2200 1267 2232 editis
1295 2199 1395 2232 libris.
1445 2200 1576 2243 Jupiter
1613 2212 1690 2231 sane
1713 2212 1730 2231 e
1758 2201 1894 2243 planetis
1923 2202 2043 2244 fuerat,
2076 2204 2132 2249 qui

1174 2264 1346 2296 coelestem
1371 2263 1438 2295 sive
1463 2265 1656 2295 aso-isonam
1671 2262 1800 2294 edidere
1822 2263 2036 2309 harmoniam,
2056 2266 2130 2312 jure

1172 2327 1269 2370 igitur
1288 2327 1357 2371 ipse
1379 2329 1560 2359 astrisonns
1587 2325 1740 2369 appellari
1764 2332 1898 2369 poterat.

1247 2389 1418 2436 qemmata]
1446 2389 1616 2422 Radiantia
1634 2395 1666 2421 et
1682 2389 1873 2434 praelustria
1894 2391 2032 2436 explicat
2047 2393 2127 2424 Bar·

1172 2452 1258 2485 thius
1282 2453 1418 2496 (advers.
1449 2465 1480 2495 p.
1498 2451 1617 2494 1555).

1245 2513 1449 2560 potissimus]
1477 2514 1545 2546 Atii
1580 2519 1661 2545 teste
1694 2512 1811 2546 Grotio
1841 2512 1875 2545 in
1904 2514 2045 2556 margine
2071 2528 2125 2560 po-

1175 2581 1317 2619 tissimo,
1351 2579 1408 2610 sed
1434 2578 1593 2619 vulgatam
1618 2576 1751 2618 retinui,
1785 2577 1832 2609 uti
1859 2588 1934 2608 mox
1957 2584 2044 2614 rotat
2067 2591 2126 2626 pro

1174 2644 1278 2686 regit,
1304 2645 1338 2675 et
1359 2639 1476 2683 sufficis
1501 2651 1560 2686 pro
1584 2639 1721 2684 subjecit
1746 2637 1794 2670 vel
1818 2639 1957 2684 subjicis.

2240 2376 2268 2392 Q
