2310 2860
669 194 869 237 Martiani
908 194 1108 251 Capellae
1148 194 1220 236 lib.
1243 194 1295 236 II.
1327 196 1357 248 §.
1379 193 1481 237 206.

1967 199 2058 243 245

99 311 226 358 atque
256 302 372 344 illam
406 303 673 344 exsistentem
706 317 759 345 ex
794 317 879 343 non
911 301 1203 343 exsistentibus
1236 302 1454 343 veritatem
1490 311 1574 343 toto
1617 314 1785 359 pectore
1819 303 2057 361 deprecata,

96 392 187 424 tum
225 384 314 425 visa
352 399 396 425 se
434 399 606 426 cernere
641 387 870 426 ἀποθέωσιν
905 399 1113 440 sacraque
1149 383 1371 425 meruisse.

96 463 215 505 lactei
245 464 434 506 fluminis
465 475 600 506 tractu
632 467 757 507 stellis
788 465 1148 507 efflammantibus
1179 463 1435 504 defluebant.

1432 383 1605 439 Quippe
1638 385 1814 439 quidam
1851 385 2054 427 candores
2081 387 2171 429 207

1495 464 1772 505 Lactabunda
1803 466 1927 520 igitur
1959 481 2057 519 gra-
2085 469 2175 510 208

94 553 241 599 tesque
282 554 425 587 testata
463 546 540 587 iter
584 547 627 588 in
669 547 911 588 Galaxeum
951 546 1098 597 flectit,
1149 545 1224 586 uhi
1272 554 1466 585 senatum
1512 544 1641 585 deum
1684 561 1707 586 a
1736 547 1841 587 Jove
1880 558 2058 589 noverat

95 636 409 681 congregatum]-

477 628 582 668 Erat
627 637 768 668 autem
814 628 873 668 ibi
916 627 1088 667 Jovialis
1130 625 1308 676 domus,
1357 640 1468 681 quae
1510 626 1636 666 ctiam
1679 627 1912 682 granditate
1947 629 2055 669 mira

93 706 363 748 mundanum
410 708 619 748 ambitum
657 708 905 763 possideret,
957 717 996 748 et
1033 708 1185 748 decore
1221 707 1449 761 conspicuo
1485 707 1695 761 fulgorem
1734 708 1924 749 siderum
1959 711 2055 751 vin—

92 796 225 838 ceret,
261 797 300 827 et
330 790 514 829 novitate
548 789 649 829 situs
687 789 937 844 signiferum
970 788 1180 829 circulum
1214 787 1478 839 decussaret3
1511 797 1729 843 praeterea
1761 798 1875 830 tanto
1912 790 2056 846 splen-

91 867 195 909 dore
225 869 465 919 renidebat,
515 879 559 910 ut
592 870 750 925 argenti
789 870 1035 912 crederetur
1067 869 1271 911 fabricata
1304 869 1493 909 materia.
1548 869 1611 910 Ibi
1654 880 1770 926 septa
1810 871 2055 923 candentia,

92 949 352 1005 culmenque
396 960 606 1006 septatuin
655 951 796 991 limbis
842 952 1055 993 nivalibus

89 1059 184 1089 modo
211 1059 436 1090 adstruximus.
464 1059 570 1103 Saepe
596 1057 724 1106 πυρὸς
745 1057 874 1099 ἄνθος
896 1060 929 1092 in
952 1060 1049 1092 Chal-

88 1121 186 1153 daicis
214 1128 408 1153 memoratur
439 1122 576 1153 oraculis
602 1124 649 1166 (v.
676 1123 734 1154 21.
762 1125 820 1155 85.
854 1125 936 1155 153.
964 1123 1046 1156 122.

87 1196 136 1227 ap.
153 1184 323 1217 Gallaeum
339 1184 378 1216 dc
396 1184 501 1217 Sibill.
523 1197 607 1218 orae.
627 1184 659 1216 in
681 1184 778 1229 app.).
804 1185 893 1217 lurra
908 1184 948 1229 (ἓ.
960 1185 1046 1228 571)

87 1247 254 1279 Palladem
274 1260 403 1292 quoque
426 1260 466 1280 ex
487 1248 581 1280 Jovis
602 1249 703 1293 capite
728 1254 915 1292 prognatam
942 1254 973 1280 et
988 1262 1046 1292 pu-

87 1309 210 1340 rissima
236 1309 416 1351 virginitate
445 1309 621 1354 praeditam
642 1311 756 1355 florem
786 1313 870 1354 iqnis
894 1311 1045 1355 appellat.

87 1371 172 1402 {linc
197 1371 291 1402 ctiam
321 1372 545 1415 explicandum
569 1377 633 1412 est,
673 1372 760 1415 quod
786 1372 892 1413 ignem
921 1374 1045 1404 furatus

86 1435 298 1466 Prometheus
318 1435 382 1479 (ap.
398 1435 597 1467 Claudiam&
614 1447 701 1467 cons.
719 1436 808 1469 Ilou.
827 1435 915 1479 250)
929 1435 1045 1467 dieitur

143 1496 328 1530 usinum-am
355 1499 461 1540 palrio
484 1503 622 1528 mentem
642 1497 774 1540 furatus
804 1497 966 1540 Olympom

159 1573 226 1592 non
249 1559 498 1605 exsistentibus]
526 1561 631 1592 Valde
649 1560 785 1591 difficilis
809 1560 955 1604 quaestio
982 1566 1042 1601 est,

84 1634 179 1667 quam
207 1622 374 1654 veritatem
405 1624 613 1654 exsistentem
647 1634 690 1655 ex
715 1634 781 1653 non
814 1623 1043 1654 exsistentibus

84 1684 260 1716 Martianus
293 1684 471 1726 significare
502 1684 650 1715 voluerit.
692 1684 864 1728 Plerisque
898 1690 1042 1715 veterum

85 1745 266 1786 videbatur,
309 1752 345 1777 ut
377 1746 462 1789 apud
485 1745 635 1776 Persium
662 1750 712 1777 est
736 1745 797 1790 (5,
823 1745 902 1789 84),
933 1747 1043 1789 »qiyni

132 1809 184 1841 De
205 1810 304 1840 nihilo
334 1810 433 1848 nihil,
464 1812 498 1840 in
521 1810 657 1841 nihilum
677 1810 726 1841 nil
744 1821 838 1854 posse
857 1811 1016 1848 reverti«,

83 1874 134 1906 vel
157 1879 193 1904 ut
212 1873 382 1905 Lueretius
405 1874 449 1905 ait
471 1873 524 1918 (1,
559 1874 659 1916 iim:

140 1937 292 1969 „Nullam
319 1949 386 1968 rem
408 1949 425 1968 e
451 1937 551 1968 nihilo
577 1937 669 1980 yz'ffiti
690 1936 846 1967 divinitus
869 1946 1032 1981 unquam«

82 2001 178 2045 idque
199 2012 384 2032 »commune
402 1999 605 2043 physicorum
629 1999 768 2030 omnium
791 1998 958 2042 placitum(-
981 1994 1039 2042 (τὸ

83 2059 213 2097 κοινὸν
240 2059 403 2096 πάντων
428 2059 510 2095 τῶν
538 2058 718 2108 φυόικῶν
744 2056 889 2105 δόγμα)
912 2059 1039 2091 Aristo-

84 2125 162 2156 tcles
185 2123 328 2168 (Physic.
352 2124 389 2164 1,
419 2124 460 2163 43
498 2123 537 2154 (le
570 2134 677 2163 gener.
712 2127 743 2153 et
768 2127 908 2165 corrupt.
934 2123 973 2161 1,
1004 2123 1038 2153 5.

84 2200 112 2230 p.
132 2187 218 2218 439.
237 2186 267 2229 a)
295 2185 444 2229 appellat.
477 2183 586 2229 (Adde
609 2184 716 2217 OeeF.
742 2196 773 2226 p.
787 2185 856 2215 511
880 2183 952 2215 Gal.
969 2182 1037 2214 An-

83 2248 181 2279 tonin.
198 2247 271 2290 imp.
291 2248 326 2286 4,
350 2248 374 2279 4
392 2252 425 2278 et
445 2248 478 2287 5,
506 2247 570 2286 155
596 2245 832 2284 Democritum,
858 2245 1038 2286 Diogenem

85 2308 338 2353 Apolloniden„
375 2308 552 2352 Epicurum
583 2320 633 2350 ap.
658 2307 766 2339 Laert.
796 2319 826 2350 p.
848 2307 931 2338 575.
955 2307 1037 2338 578.

83 2372 174 2410 (3193
214 2375 374 2401 auctorem
407 2369 446 2400 de
478 2369 586 2400 mund.
615 2369 733 2400 incorr.
758 2368 792 2399 in
826 2367 956 2400 Philon.
987 2379 1041 2411 op,

84 2449 113 2480 p.
137 2432 233 2475 959).
261 2431 330 2463 Sed
351 2444 417 2463 non
440 2431 589 2474 physion,
613 2432 670 2463 sed
696 2431 915 2475 metaphysico
941 2443 1037 2462 sensu

82 2497 259 2532 Martianus
279 2494 330 2526 hie
350 2494 510 2537 loquitur3
537 2500 732 2539 quapropter
752 2495 820 2527 veri
842 2495 1038 2527 simillimum

84 2566 132 2592 cst
151 2558 317 2591 veritatem
340 2555 547 2586 exsistentem
571 2555 610 2586 ab
633 2568 671 2587 eo
698 2556 761 2588 dici
784 2557 921 2588 divinam
947 2563 1037 2588 natu-

84 2636 149 2655 mm
180 2621 232 2655 vel
261 2619 348 2665 quod
378 2619 474 2652 Plato
511 2618 554 2651 ait
581 2614 630 2654 τὰ
660 2616 786 2660 ὅντως
812 2617 927 2665 ὄντα,
955 2632 1038 2666 quae

1098 951 1349 992 albic-abant.
1427 950 1492 991 Ibi
1531 951 1694 1007 Jupiter
1734 968 1834 993 cum
1880 954 2048 995 Junone.
2082 952 2175 994 209

1100 1059 1174 1092 lieet
1202 1065 1331 1092 aeterna
1364 1060 1443 1101 sint,
1472 1060 1512 1092 al)
1540 1061 1720 1093 hominibus
1755 1067 1859 1093 tamen
1889 1075 1960 1095 sero
1989 1071 2056 1096 tan-

1100 1128 1167 1154 tum
1188 1124 1421 1165 intelliguntur,
1447 1136 1506 1156 nec
1523 1124 1585 1155 nisi
1602 1125 1701 1156 multo
1717 1125 1825 1157 labore
1842 1138 1881 1157 ex
1901 1128 2056 1158 terrestri—

1099 1187 1159 1218 bus
1191 1193 1223 1218 et
1249 1187 1393 1225 caducis,
1431 1200 1512 1231 quae
1544 1201 1609 1219 non
1635 1191 1842 1229 exsistentia,
1868 1186 1919 1235 μή
1949 1188 2055 1230 ὄντα,

1098 1251 1267 1283 Platonico
1301 1263 1398 1282 sensu
1426 1252 1587 1295 appellare
1613 1258 1753 1295 poterat,
1784 1265 1843 1296 per
1871 1253 2056 1285 abstractio-

1098 1327 1171 1347 nem
1193 1320 1225 1346 et
1244 1315 1462 1347 inductionem
1489 1315 1705 1347 inveniuntur.

1171 1390 1206 1410 se
1227 1376 1370 1422 eernere]
1399 1378 1484 1410 Male
1508 1378 1642 1411 Grotius
1667 1391 1852 1418 secernere,
1876 1379 1963 1422 quod
1987 1380 2055 1423 qui-

1096 1438 1175 1469 libet
1197 1439 1332 1478 videbit,
1360 1439 1415 1481 qui
1428 1439 1523 1469 verba
1540 1439 1774 1470 construxerIt:
1800 1440 1887 1474 »visa
1911 1446 1960 1471 cst
1979 1440 2056 1472 Phi—

1095 1502 1215 1543 lologia
1238 1514 1386 1540 eernere,
1418 1513 1452 1532 se
1478 1498 1706 1536 ἀποθέωσιν
1735 1502 1922 1535 mei-nissen«

1171 1562 1365 1608 defluebant]
1383 1562 1559 1595 Stellarum
1574 1563 1792 1605 trajectionem
1809 1563 1969 1596 describit.
1988 1563 2054 1596 Lu-

1094 1625 1212 1657 cretius
1238 1624 1292 1668 (2,
1318 1624 1421 1667 209)=

1151 1688 1246 1719 »IVon
1266 1688 1379 1719 emlere
1398 1690 1432 1718 in
1457 1692 1577 1718 terram
1597 1687 1706 1718 stellas
1726 1691 1757 1718 et
1774 1686 1882 1718 sidera
1900 1688 2004 1718 cernis
2014 1688 2046 1718 ?«

1092 1749 1250 1781 Veterum
1291 1750 1350 1781 liae
1382 1749 1421 1779 de
1449 1760 1483 1780 re
1522 1747 1690 1791 opiniones
1723 1747 1855 1790 collegit
1893 1746 2053 1780 Stob.-mus

1090 1811 1143 1854 (in
1166 1811 1267 1852 eclog.
1294 1811 1331 1850 1,
1359 1811 1427 1850 28,
1451 1811 1483 1842 1.
1503 1822 1534 1852 p.
1559 1810 1633 1841 580
1658 1808 1779 1851 Heer.)
1809 1815 1841 1841 et
1863 1808 2054 1841 Ammianus

1105 1871 1162 1902 25.
1189 1884 1220 1914 p.
1239 1872 1314 1903 509
1335 1870 1466 1913 Lin‹l.);
1491 1870 1681 1914 praesertim
1707 1870 1802 1901 ctiam
1828 1870 1954 1902 Seneca
1985 1871 2053 1914 (na—

1089 1939 1152 1967 tur.
1185 1939 1308 1977 quaest.
1336 1935 1374 1974 1,
1416 1935 1446 1964 1.
1479 1946 1510 1977 p.
1530 1934 1604 1965 684
1638 1933 1765 1977 Lips.)‚
1804 1934 1876 1965 ubi:
1900 1934 2052 1965 »Stultis-

1090 1995 1205 2026 simum
1222 2000 1289 2026 est«
1314 1994 1434 2038 inquit,
1465 1994 1678 2035 »existiinare,
1704 2000 1759 2026 aut
1776 1995 1886 2026 stellas
1905 1995 2052 2027 decidere

1090 2063 1145 2090 aut
1169 2058 1363 2099 transsilire,
1397 2063 1452 2089 aut
1475 2058 1595 2102 aliquid
1621 2058 1686 2090 illis
1716 2059 1832 2090 auferri
1863 2064 1896 2090 et
1927 2059 2052 2091 abradi:

1089 2135 1162 2155 nam
1190 2122 1218 2153 si
1239 2123 1301 2154 hoc
1325 2122 1457 2163 fuisset,
1480 2121 1548 2164 jam
1574 2122 1778 2154 defuissent«

1167 2182 1362 2228 Galat-eum]
1390 2183 1547 2215 Nimirum
1568 2184 1739 2224 circulum3
1766 2183 1806 2214 de
1826 2183 1918 2225 cujus
1936 2189 2050 2215 natura

1090 2247 1292 2290 disputarunt
1317 2245 1501 2289 philosophi
1533 2245 1574 2290 (v.
1604 2244 1741 2277 Aristot.
1763 2244 1929 2277 meteorol.
1949 2247 1986 2285 1,
2015 2246 2048 2276 8.

1090 2308 1183 2341 Stob.
1212 2307 1312 2348 eclog.
1340 2308 1378 2347 1,
1406 2307 1472 2347 28,
1504 2308 1534 2338 1.
1559 2320 1591 2350 p.
1607 2308 1680 2338 572
1705 2306 1828 2350 Περι).
1862 2306 1968 2351 Saepe
1991 2316 2046 2337 no-

1090 2375 1155 2401 ster
1180 2369 1250 2411 ejus
1273 2368 1415 2400 meminit
1439 2367 1480 2412 (§.
1502 2369 1561 2399 27.
1584 2369 1668 2400 209.
1694 2368 1778 2400 826.
1800 2368 1896 2411 855).

1163 2428 1334 2475 septulum]
1360 2430 1432 2462 MS.
1452 2435 1618 2461 sectatum.
1645 2429 1702 2462 Sic
1725 2429 1758 2460 in
1783 2429 1921 2462 Graium.
1942 2437 2043 2457 resec-

1089 2495 1241 2525 lationem
1267 2504 1326 2535 pro
1348 2493 1523 2523 resectione
1544 2490 1664 2534 posuit.
1701 2490 1839 2522 Videtur
1861 2491 1966 2518 autem
1992 2487 2043 2518 hic

1089 2556 1222 2599 Capella
1239 2555 1364 2586 eoelum
1387 2555 1606 2599 crystallinum
1625 2555 1674 2598 (ut
1695 2556 1808 2584 vocant
1827 2555 1932 2592 patres
1950 2548 2042 2581 Chri-

1088 2616 1196 2661 stiani)
1222 2616 1420 2658 describere,
1456 2614 1722 2662 quemadmodum
1741 2622 1837 2655 supra
1860 2621 2042 2654 empyreum
