2310 2860
99 159 101 161 ’
156 151 250 197 540

35 767 123 810 547

37 1189 128 1233 548

718 144 918 188 Martiani
955 142 1155 200 Capellae
1189 139 1261 184 lib.
1291 139 1369 183 IV.
1409 142 1442 193 §.
1462 139 1567 183 546.

160 256 361 316 quamvis
398 255 460 296 uti
490 254 585 295 licet
618 252 837 303 omnibus,
881 266 930 292 ea
967 260 1111 292 tamen
1149 248 1300 302 debeS‚
1352 261 1465 303 quae
1497 257 1556 289 est
1586 257 1682 304 apta
1711 258 1902 305 suscepto
1931 249 2110 306 negotio.

158 342 271 384 Nam
302 338 335 379 si
365 335 438 376 tibi
470 334 522 375 sit
550 333 604 375 de
629 333 858 375 hominum
885 330 1013 373 laude
1039 329 1293 382 dicendum,
1323 330 1367 371 in
1390 330 1657 372 rationabilia
1681 340 1721 372 et
1743 331 1891 372 stolida
1920 331 2111 373 dividere

160 417 387 476 oportebit;
446 424 493 455 ut
535 429 585 456 eo
623 414 744 456 facile
785 413 912 470 possit
949 413 1144 467 intelligi,
1196 412 1305 452 inter
1344 411 1489 452 omnia
1530 411 1730 452 animalia
1767 426 1918 452 rerum
1957 405 2119 455 natura*

158 499 305 557 quanti
334 496 529 540 homines
555 495 768 547 habuerit,
802 493 959 549 quibus
989 492 1085 536 solis
1106 491 1172 534 -ad
1196 508 1240 534 se
1271 493 1613 550 cognoscendum
1643 492 1884 534 ratiocinari
1910 493 2110 549 permisit.

902 649 983 693 DE
1029 647 1380 693 ACCIDENTE.

327 760 533 806 Accidens
562 769 645 812 est,
684 755 802 814 quod
831 772 917 799 non
944 757 1024 799 nisi
1056 755 1194 799 eidem
1226 756 1417 810 formae,
1449 756 1522 800 sed
1552 772 1638 799 non
1668 771 1838 814 semper
1868 756 2029 807 evenit,
2066 765 2115 797 ut

155 844 366 888 rhetorica
394 859 481 887 non
519 843 598 885 nisi
627 841 792 884 homini
827 839 996 891 accidit,
1043 838 1118 881 sed
1148 841 1186 880 ei
1215 849 1350 897 potest
1379 849 1419 882 et
1454 854 1540 881 non
1579 838 1790 891 accidere,
1831 848 1877 880 ut
1913 838 2113 893 quamvis

156 928 207 970 sit
235 927 388 982 aliquis
417 926 573 978 homo,
607 938 696 966 non
725 923 777 965 sit
805 932 950 965 tamen
976 930 1130 963 orator.

932 1078 1012 1121 DE
1058 1077 1325 1120 PROPRIO.

328 1189 559 1246 Proprium
594 1198 674 1239 est,
708 1186 827 1243 quod
858 1195 897 1228 et
925 1185 1064 1226 eidem
1095 1184 1281 1236 formae,
1312 1193 1353 1225 et
1379 1183 1436 1224 ita
1465 1196 1634 1239 semper
1664 1180 1833 1233 accidit,
1880 1190 1924 1222 ut
1957 1194 2113 1222 unam-

157 1286 380 1329 quamque
409 1287 504 1314 rem
535 1271 588 1313 ab
621 1271 818 1312 omnium
848 1268 1152 1310 communione
1182 1264 1461 1315 discriminet,
1491 1274 1539 1305 ut
1567 1265 1611 1304 in
1641 1263 1816 1303 homine
1846 1262 1968 1303 risus.
2002 1262 2114 1302 Nam

153 1368 233 1394 neo
261 1351 400 1394 ridere
431 1351 665 1405 quisquam
694 1349 774 1390 nisi
811 1348 942 1388 homo
976 1355 1132 1402 potest,

152 1434 196 1474 in
228 1434 318 1487 eius
346 1441 501 1473 natura
540 1440 621 1481 est,
661 1428 804 1470 ridere
843 1443 928 1469 non
968 1434 1113 1482 potest.

153 1513 391 1556 differentia
434 1523 794 1565 unamquamque
845 1523 939 1550 rem
978 1507 1031 1548 ab
1075 1521 1124 1547 eo

154 1644 216 1677 alia
246 1650 321 1676 sunt
353 1644 421 1675 sine
448 1643 600 1688 pedibus,
629 1641 690 1672 alia
713 1640 857 1685 bipedia,
888 1639 949 1671 alia
973 1639 1112 1682 quadru-

152 1708 264 1753 pedia,
294 1706 355 1738 alia
387 1706 532 1750 sepeffia,
572 1705 632 1736 alia
669 1704 720 1747 (ut
749 1704 788 1735 de
814 1702 959 1746 Empnsa
986 1702 1113 1746 quidam

151 1767 348 1811 fabulantur)
365 1765 641 1811 unipedia.Gnor.
653 1785 701 1790 ——
719 1764 807 1797 Nihil
827 1770 932 1804 muto,
956 1763 1113 1806 siquidem

154 1830 259 1862 omnia
291 1829 522 1870 intelliguntur.
579 1826 629 1859 Ne
661 1827 786 1870 bipedia
823 1826 951 1870 quidem
981 1837 1111 1869 repono,

154 1891 332 1925 Martianus
362 1890 447 1921 enim
481 1900 606 1933 semper
636 1889 778 1931 bipedale
810 1887 880 1919 aliis
910 1887 1005 1920 etiam
1032 1887 1111 1919 locis

156 1952 199 1997 (ἓ.
217 1953 301 1984 565.
327 1951 415 1994 572)
440 1950 579 1994 scripsit.

229 2020 333 2059 potest
351 2021 382 2046 et
400 2013 478 2059 uon]
499 2013 625 2045 Inserui
647 2019 678 2046 et
695 2025 713 2045 e
734 2011 897 2046 codicibus
911 2012 1110 2044 Monacensi-

156 2080 217 2112 bus
242 2078 285 2122 (C
311 2083 344 2109 et
363 2077 421 2120 F),
447 2077 715 2116 Reichenauensi,
737 2082 770 2108 et
792 2076 1049 2107 Darnistattensi.

231 2144 268 2174 in
290 2142 417 2173 homine
441 2139 546 2185 risus]
582 2140 820 2183 Quinctilianus
850 2140 910 2181 (5,
936 2141 995 2179 10,
1030 2138 1110 2182 58)=

166 2203 367 2248 ‚propi-ium«
393 2201 498 2245 inquit
523 2206 589 2233 »est
615 2201 700 2244 quod
733 2206 787 2232 aut
815 2200 876 2231 soli
910 2201 1038 2241 accidit,
1076 2206 1112 2231 ut

159 2266 281 2297 homini
300 2276 423 2302 sernw,
444 2265 548 2303 risus,
579 2267 633 2293 aut
655 2262 742 2306 qnod
764 2262 874 2305 utique
893 2262 1023 2301 accidit,
1054 2262 1111 2294 sed

161 2338 227 2358 non
251 2325 340 2358 soli«
372 2325 488 2356 Risum
515 2323 635 2355 homini
661 2323 853 2367 peculiarem
879 2335 950 2354 esse
982 2324 1111 2355 omnino

161 2387 360 2422 contendunt
383 2391 416 2417 et
438 2385 554 2418 Gracci
580 2390 612 2416 et
635 2384 752 2416 Latini.
778 2384 886 2415 Julius
913 2385 1033 2416 Pollux
1057 2386 1111 2429 (G,

163 2449 256 2492 200)
293 2448 332 2480 ad
367 2459 478 2479 vocem
517 2441 743 2491 γελαστικός
787 2446 955 2478 observat:
989 2443 1113 2481 »02‘7'2-00

164 2509 239 2559 γὰρ
263 2508 461 2557 ὁρίζονται
485 2506 555 2544 τὸν
577 2506 809 2555 ἄνθρωπον,
836 2505 894 2541 ὅτι
921 2505 1039 2552 μόνος
1071 2508 1115 2551 ἐξ

167 2572 352 2610 ἁπάντων
376 2573 456 2610 τῶν
482 2569 596 2614 ζώων
617 2571 749 2620 γελᾷ<ιι
765 2572 962 2617 Porphyrius
986 2585 1114 2618 quoquc

1172 1359 1250 1384 nec
1290 1344 1443 1395 homo,
1484 1358 1623 1399 quum
1664 1343 1868 1393 voluerit,
1906 1351 2115 1396 quantum

1172 1423 1226 1464 Et
1255 1422 1492 1464 differentia
1529 1423 1703 1478 proprio
1735 1438 1784 1463 eo
1816 1422 1959 1473 distat,
1999 1421 2116 1476 quod

1164 1513 1329 1546 tantum
1369 1503 1603 1558 distinguit,
1649 1502 1763 1544 unde
1805 1503 1998 1557 quaestio
2037 1511 2116 1543 est:

1164 1637 1256 1681 (isag.
1280 1638 1315 1676 1,
1341 1637 1365 1668 4
1388 1641 1419 1667 et
1445 1635 1481 1679 G)
1506 1636 1644 1667 »homini
1669 1636 1832 1680 proprium
1853 1648 1924 1669 esse
1947 1636 2117 1682 γελαστι-

1164 1696 1251 1733 κόνιι
1285 1699 1381 1740 dixit5
1424 1711 1616 1743 quamquam
1643 1700 1805 1732 Lucianus
1838 1700 1912 1744 (xit.
1939 1706 2023 1734 auct.
2049 1701 2118 1744 26)

1163 1761 1246 1792 inter
1270 1761 1550 1804 peripateticorum
1573 1761 1711 1803 argutias
1735 1762 1848 1802 refert,
1882 1758 1937 1800 ὠς
1964 1759 2117 1808 ἅνθρω-

1163 1833 1240 1863 πος
1264 1822 1336 1866 μέν
1351 1820 1596 1869 γελαστικὸν,
1628 1822 1720 1864 ὄνος
1740 1823 1781 1859 δὲ
1805 1821 1852 1858 οὐ
1877 1823 2117 1870 γελαστικὸν,

1164 1884 1254 1922 οὐδὲ
1279 1883 1584 1930 τεκταινόμενον,
1612 1884 1702 1922 οὐδὲ
1724 1883 2006 1931 πλωϊζόμενον.
2034 1889 2118 1920 Boe-

1162 1951 1248 1982 thius
1279 1951 1373 1995 (dial.
1405 1953 1436 1982 1.
1460 1951 1500 1982 ad
1523 1952 1643 1994 Porpli.
1667 1951 1699 1982 in
1723 1963 1775 1995 op.
1799 1952 1876 1983 Bas.
1899 1964 1931 1996 p.
1952 1953 1983 1984 7.
2007 1953 2041 1984 9.
2063 1953 2118 1984 16.

1162 2014 1224 2057 55)
1244 2014 1358 2045 Latiae
1382 2014 1521 2045 reddidit
1545 2015 1686 2053 risibile,
1712 2027 1807 2058 quem
1832 2014 1866 2046 in
1889 2027 1927 2046 eo
1948 2016 2117 2058 reprehen-

1165 2089 1235 2109 sum
1262 2090 1280 2109 a
1302 2077 1419 2109 criticis
1437 2077 1583 2119 Scaliger
1597 2077 1650 2121 (de
1676 2089 1760 2109 caus.
1783 2077 1823 2111 L.
1840 2077 1879 2109 L.
1903 2089 1935 2120 p.
1953 2077 2038 2119 251)
2064 2077 2117 2107 de-

1161 2139 1279 2179 fendit,
1317 2150 1421 2181 neque
1453 2138 1668 2170 Cassiodorus
1700 2138 1836 2181 (dialect.
1865 2149 1897 2180 p.
1918 2137 1987 2169 541
2020 2137 2116 2181 Gar.)

1163 2215 1200 2234 ea
1217 2214 1295 2234 voce
1314 2201 1360 2232 uti
1374 2201 1502 2241 metuit,
1528 2201 1604 2244 quid
1623 2200 1710 2243 qnod
1721 2200 1788 2241 jam
1801 2198 1983 2242 Appulejus
2000 2200 2117 2244 (dogm.

1162 2263 1246 2295 Plat.
1263 2265 1296 2295 5.
1318 2275 1348 2306 p.
1368 2262 1460 2306 272)
1478 2262 1695 2294 caehinmabile
1715 2260 1829 2291 animal
1853 2261 2013 2293 hominem
2038 2273 2118 2294 nun-

1162 2324 1311 2368 cupavit?
1336 2323 1450 2366 Neque
1474 2322 1559 2354 aliud
1584 2322 1689 2353 verbis
1712 2321 1776 2351 illis
1802 2321 1958 2353 dialectici
1975 2322 2116 2363 voluere,

1163 2399 1258 2431 quam
1280 2392 1388 2430 aptum
1407 2386 1567 2417 hominem
1582 2384 1622 2416 ad
1643 2384 1810 2416 ridendum
1831 2396 1919 2425 esse,
1946 2385 2011 2417 sive
2032 2388 2117 2418 risus

1165 2461 1329 2492 capacem,
1359 2452 1394 2478 ut
1416 2452 1448 2478 et
1470 2446 1629 2477 Boethius
1658 2446 1720 2477 alio
1744 2446 1816 2477 loco
1839 2446 1882 2489 (p.
1901 2447 1937 2489 5)
1962 2459 2020 2490 pro
2045 2449 2116 2480 risi-

1165 2511 1221 2543 bila·
1242 2509 1331 2549 dixit,
1351 2507 1490 2540 imitatus
1506 2519 1619 2552 nempe
1637 2505 1854 2550 Augustinum
1871 2507 1917 2551 (in
1935 2514 2034 2551 categ.
2047 2510 2116 2543 e.7.

1167 2583 1217 2617 op.
1242 2570 1268 2605 I.
1295 2583 1325 2616 p.
1343 2568 1438 2613 200).
