<?xml version="1.0" encoding="UTF-8"?>
<!DOCTYPE html PUBLIC "-//W3C//DTD XHTML 1.0 Transitional//EN"
    "http://www.w3.org/TR/xhtml1/DTD/xhtml1-transitional.dtd">
<html xmlns="http://www.w3.org/1999/xhtml" xml:lang="en" lang="en">
 <head>
  <title>
</title>
<meta http-equiv="Content-Type" content="text/html;charset=utf-8" />
  <meta name='ocr-system' content='tesseract 3.04.00' />
  <meta name='ocr-capabilities' content='ocr_page ocr_carea ocr_par ocr_line ocrx_word'/>
</head>
<body>
  <div class='ocr_page' id='page_1' title='image "./denuptiisphilolo00martuoft/denuptiisphilolo00martuoft_0769.png"; bbox 0 0 2310 2860; ppageno 0'>
   <div class='ocr_carea' id='block_1_1' title="bbox 718 134 1551 191">
    <p class='ocr_par' dir='ltr' id='par_1_1' title="bbox 718 134 1551 191">
     <span class='ocr_line' id='line_1_1' title="bbox 718 134 1551 191; baseline -0.005 -13"><span class='ocrx_word' id='word_1_1' title='bbox 718 136 917 178; x_wconf 78' lang='lat' dir='ltr'>Martiani</span> <span class='ocrx_word' id='word_1_2' title='bbox 948 135 1147 191; x_wconf 80' lang='lat' dir='ltr'>Capellae</span> <span class='ocrx_word' id='word_1_3' title='bbox 1175 134 1247 176; x_wconf 89' lang='lat' dir='ltr'>lib.</span> <span class='ocrx_word' id='word_1_4' title='bbox 1277 135 1354 176; x_wconf 77' lang='lat' dir='ltr'>IX.</span> <span class='ocrx_word' id='word_1_5' title='bbox 1393 136 1424 186; x_wconf 58' lang='grc' dir='ltr'>ᾗ.</span> <span class='ocrx_word' id='word_1_6' title='bbox 1448 134 1551 175; x_wconf 68' lang='lat'>953.</span> 
     </span>
    </p>
   </div>
   <div class='ocr_carea' id='block_1_2' title="bbox 145 136 2099 541">
    <p class='ocr_par' dir='ltr' id='par_1_2' title="bbox 145 136 2099 541">
     <span class='ocr_line' id='line_1_2' title="bbox 2015 136 2097 177; baseline 0.024 -2"><span class='ocrx_word' id='word_1_7' title='bbox 2015 136 2097 177; x_wconf 78' lang='lat'>751</span> 
     </span>
     <span class='ocr_line' id='line_1_3' title="bbox 147 241 2095 300; baseline -0.004 -13"><span class='ocrx_word' id='word_1_8' title='bbox 147 245 389 297; x_wconf 88' lang='lat' dir='ltr'>concordia,</span> <span class='ocrx_word' id='word_1_9' title='bbox 443 259 529 300; x_wconf 83' lang='lat' dir='ltr'>qua</span> <span class='ocrx_word' id='word_1_10' title='bbox 568 244 647 285; x_wconf 85' lang='lat' dir='ltr'>sibi</span> <span class='ocrx_word' id='word_1_11' title='bbox 685 244 870 285; x_wconf 81' lang='lat' dir='ltr'>invicem</span> <span class='ocrx_word' id='word_1_12' title='bbox 910 242 1099 298; x_wconf 84' lang='lat' dir='ltr'>germani</span> <span class='ocrx_word' id='word_1_13' title='bbox 1139 250 1256 294; x_wconf 87' lang='lat' dir='ltr'>sunt,</span> <span class='ocrx_word' id='word_1_14' title='bbox 1305 250 1350 280; x_wconf 85' lang='lat' dir='ltr'>ut</span> <span class='ocrx_word' id='word_1_15' title='bbox 1381 241 1487 281; x_wconf 85' lang='lat' dir='ltr'>inter</span> <span class='ocrx_word' id='word_1_16' title='bbox 1517 242 1741 292; x_wconf 72' lang='grc' dir='ltr'><em>ὑποδώριον</em></span> <span class='ocrx_word' id='word_1_17' title='bbox 1774 251 1806 277; x_wconf 80' lang='lat' dir='ltr'>et</span> <span class='ocrx_word' id='word_1_18' title='bbox 1837 242 2095 291; x_wconf 64' lang='grc' dir='ltr'><em>ὑποφρύγιον,</em></span> 
     </span>
     <span class='ocr_line' id='line_1_4' title="bbox 145 321 2097 377; baseline -0.002 -12"><span class='ocrx_word' id='word_1_19' title='bbox 145 334 184 365; x_wconf 89' lang='lat' dir='ltr'>et</span> <span class='ocrx_word' id='word_1_20' title='bbox 221 325 320 365; x_wconf 86' lang='lat' dir='ltr'>item</span> <span class='ocrx_word' id='word_1_21' title='bbox 359 325 466 365; x_wconf 88' lang='lat' dir='ltr'>inter</span> <span class='ocrx_word' id='word_1_22' title='bbox 497 326 727 365; x_wconf 75' lang='grc' dir='ltr'><em>ύποιάότιον</em></span> <span class='ocrx_word' id='word_1_23' title='bbox 753 335 785 361; x_wconf 85' lang='lat' dir='ltr'>et</span> <span class='ocrx_word' id='word_1_24' title='bbox 817 326 1064 370; x_wconf 75' lang='grc' dir='ltr'><em>ύποαιόλιον,</em></span> <span class='ocrx_word' id='word_1_25' title='bbox 1108 322 1207 362; x_wconf 87' lang='lat' dir='ltr'>item</span> <span class='ocrx_word' id='word_1_26' title='bbox 1250 323 1501 362; x_wconf 83' lang='lat' dir='ltr'>conveniens</span> <span class='ocrx_word' id='word_1_27' title='bbox 1533 332 1717 377; x_wconf 85' lang='lat' dir='ltr'>aptaque</span> <span class='ocrx_word' id='word_1_28' title='bbox 1747 321 1961 377; x_wconf 83' lang='lat' dir='ltr'>responsio</span> <span class='ocrx_word' id='word_1_29' title='bbox 1991 322 2097 361; x_wconf 86' lang='lat' dir='ltr'>inter</span> 
     </span>
     <span class='ocr_line' id='line_1_5' title="bbox 149 400 2098 458; baseline -0.002 -13"><span class='ocrx_word' id='word_1_30' title='bbox 149 408 398 457; x_wconf 64' lang='grc' dir='ltr'><em>ὑποφρύγιον</em></span> <span class='ocrx_word' id='word_1_31' title='bbox 435 416 467 443; x_wconf 83' lang='lat' dir='ltr'>et</span> <span class='ocrx_word' id='word_1_32' title='bbox 497 406 731 453; x_wconf 71' lang='grc' dir='ltr'><em>ὑπολύδιον,</em></span> <span class='ocrx_word' id='word_1_33' title='bbox 779 404 853 458; x_wconf 86' lang='lat' dir='ltr'>qui</span> <span class='ocrx_word' id='word_1_34' title='bbox 890 413 1054 444; x_wconf 81' lang='lat' dir='ltr'>tantum</span> <span class='ocrx_word' id='word_1_35' title='bbox 1092 400 1282 455; x_wconf 86' lang='lat' dir='ltr'>duplices</span> <span class='ocrx_word' id='word_1_36' title='bbox 1322 401 1589 455; x_wconf 80' lang='lat' dir='ltr'>copulantur.</span> <span class='ocrx_word' id='word_1_37' title='bbox 1658 401 1823 441; x_wconf 81' lang='lat' dir='ltr'>Mediae</span> <span class='ocrx_word' id='word_1_38' title='bbox 1862 415 1963 441; x_wconf 82' lang='lat' dir='ltr'>vero</span> <span class='ocrx_word' id='word_1_39' title='bbox 2001 415 2098 455; x_wconf 76' lang='lat' dir='ltr'>gra-</span> 
     </span>
     <span class='ocr_line' id='line_1_6' title="bbox 149 481 2099 541; baseline -0.002 -15"><span class='ocrx_word' id='word_1_40' title='bbox 149 486 318 528; x_wconf 69' lang='lat' dir='ltr'>viorum</span> <span class='ocrx_word' id='word_1_41' title='bbox 365 495 585 541; x_wconf 79' lang='lat' dir='ltr'>troporum</span> <span class='ocrx_word' id='word_1_42' title='bbox 627 485 690 526; x_wconf 85' lang='lat' dir='ltr'>his</span> <span class='ocrx_word' id='word_1_43' title='bbox 723 485 798 541; x_wconf 89' lang='lat' dir='ltr'>qui</span> <span class='ocrx_word' id='word_1_44' title='bbox 830 485 1036 526; x_wconf 78' lang='lat' dir='ltr'>acutiores</span> <span class='ocrx_word' id='word_1_45' title='bbox 1075 491 1172 524; x_wconf 83' lang='lat' dir='ltr'>sunt</span> <span class='ocrx_word' id='word_1_46' title='bbox 1209 484 1597 533; x_wconf 66' lang='grc' dir='ltr'><em>προςλαμβιινόμεναι</em></span> <span class='ocrx_word' id='word_1_47' title='bbox 1623 481 1741 523; x_wconf 84' lang='lat' dir='ltr'>fiunt.</span> <span class='ocrx_word' id='word_1_48' title='bbox 1798 481 1965 523; x_wconf 86' lang='lat' dir='ltr'>Verum</span> <span class='ocrx_word' id='word_1_49' title='bbox 1990 482 2099 537; x_wconf 87' lang='lat' dir='ltr'>tropi</span> 
     </span>
    </p>
   </div>
   <div class='ocr_carea' id='block_1_3' title="bbox 149 563 2100 621">
    <p class='ocr_par' dir='ltr' id='par_1_3' title="bbox 149 563 2100 621">
     <span class='ocr_line' id='line_1_7' title="bbox 149 563 2100 621; baseline -0.001 -16"><span class='ocrx_word' id='word_1_50' title='bbox 149 565 300 620; x_wconf 82' lang='lat' dir='ltr'>singuli</span> <span class='ocrx_word' id='word_1_51' title='bbox 347 580 523 621; x_wconf 87' lang='lat' dir='ltr'>quoque</span> <span class='ocrx_word' id='word_1_52' title='bbox 560 564 826 607; x_wconf 85' lang='lat' dir='ltr'>tetrachorda</span> <span class='ocrx_word' id='word_1_53' title='bbox 868 564 1026 605; x_wconf 82' lang='lat' dir='ltr'>faciunt</span> <span class='ocrx_word' id='word_1_54' title='bbox 1069 564 1212 617; x_wconf 86' lang='lat' dir='ltr'>quina.</span> <span class='ocrx_word' id='word_1_55' title='bbox 1270 564 1615 605; x_wconf 82' lang='lat' dir='ltr'>Tetrachordum</span> <span class='ocrx_word' id='word_1_56' title='bbox 1666 574 1805 604; x_wconf 86' lang='lat' dir='ltr'>autem</span> <span class='ocrx_word' id='word_1_57' title='bbox 1845 573 1904 604; x_wconf 86' lang='lat' dir='ltr'>est</span> <span class='ocrx_word' id='word_1_58' title='bbox 1938 563 2100 603; x_wconf 85' lang='lat' dir='ltr'>affectio</span> 
     </span>
    </p>
   </div>
   <div class='ocr_carea' id='block_1_4' title="bbox 151 643 2100 701">
    <p class='ocr_par' dir='ltr' id='par_1_4' title="bbox 151 643 2100 701">
     <span class='ocr_line' id='line_1_8' title="bbox 151 643 2100 701; baseline -0.003 -13"><span class='ocrx_word' id='word_1_59' title='bbox 151 647 367 701; x_wconf 79' lang='lat' dir='ltr'>quaedam</span> <span class='ocrx_word' id='word_1_60' title='bbox 401 662 604 688; x_wconf 87' lang='lat' dir='ltr'>sonorum</span> <span class='ocrx_word' id='word_1_61' title='bbox 636 655 821 701; x_wconf 86' lang='lat' dir='ltr'>quatuor</span> <span class='ocrx_word' id='word_1_62' title='bbox 859 660 936 700; x_wconf 89' lang='lat' dir='ltr'>per</span> <span class='ocrx_word' id='word_1_63' title='bbox 966 645 1159 687; x_wconf 84' lang='lat' dir='ltr'>ordinem</span> <span class='ocrx_word' id='word_1_64' title='bbox 1191 646 1546 700; x_wconf 85' lang='lat' dir='ltr'>compositorum,</span> <span class='ocrx_word' id='word_1_65' title='bbox 1594 659 1779 699; x_wconf 87' lang='lat' dir='ltr'>quorum</span> <span class='ocrx_word' id='word_1_66' title='bbox 1811 644 1990 685; x_wconf 74' lang='lat' dir='ltr'>extremi</span> <span class='ocrx_word' id='word_1_67' title='bbox 2022 643 2100 683; x_wconf 89' lang='lat' dir='ltr'>sibi</span> 
     </span>
    </p>
   </div>
   <div class='ocr_carea' id='block_1_5' title="bbox 151 725 614 769">
    <p class='ocr_par' dir='ltr' id='par_1_5' title="bbox 151 725 614 769">
     <span class='ocr_line' id='line_1_9' title="bbox 151 725 614 769; baseline 0.004 -3"><span class='ocrx_word' id='word_1_68' title='bbox 151 725 331 768; x_wconf 80' lang='lat' dir='ltr'>debeant</span> <span class='ocrx_word' id='word_1_69' title='bbox 377 728 614 769; x_wconf 80' lang='lat' dir='ltr'>convenire.</span> 
     </span>
    </p>
   </div>
   <div class='ocr_carea' id='block_1_6' title="bbox 153 806 644 850">
    <p class='ocr_par' dir='ltr' id='par_1_6' title="bbox 153 806 644 850">
     <span class='ocr_line' id='line_1_10' title="bbox 153 806 644 850; baseline 0.006 -4"><span class='ocrx_word' id='word_1_70' title='bbox 153 806 344 848; x_wconf 85' lang='lat' dir='ltr'>ordinem</span> <span class='ocrx_word' id='word_1_71' title='bbox 407 807 644 850; x_wconf 84' lang='lat' dir='ltr'>redeamus.</span> 
     </span>
    </p>
   </div>
   <div class='ocr_carea' id='block_1_7' title="bbox 151 897 408 930">
    <p class='ocr_par' dir='ltr' id='par_1_7' title="bbox 151 897 408 930">
     <span class='ocr_line' id='line_1_11' title="bbox 151 897 408 930; baseline 0.008 -2"><span class='ocrx_word' id='word_1_72' title='bbox 151 897 408 930; x_wconf 84' lang='lat' dir='ltr'>tenerentur.</span> 
     </span>
    </p>
   </div>
   <div class='ocr_carea' id='block_1_8' title="bbox 150 996 1124 2604">
    <p class='ocr_par' dir='ltr' id='par_1_8' title="bbox 150 996 1124 2604">
     <span class='ocr_line' id='line_1_12' title="bbox 150 996 1103 1045; baseline 0.004 -18"><span class='ocrx_word' id='word_1_73' title='bbox 150 996 280 1041; x_wconf 80' lang='lat' dir='ltr'>plicatio</span> <span class='ocrx_word' id='word_1_74' title='bbox 313 999 476 1031; x_wconf 73' lang='lat' dir='ltr'>verissima</span> <span class='ocrx_word' id='word_1_75' title='bbox 507 1006 557 1032; x_wconf 87' lang='lat' dir='ltr'>est</span> <span class='ocrx_word' id='word_1_76' title='bbox 588 1001 685 1042; x_wconf 80' lang='lat' dir='ltr'>adeo,</span> <span class='ocrx_word' id='word_1_77' title='bbox 719 1007 753 1033; x_wconf 86' lang='lat' dir='ltr'>ut</span> <span class='ocrx_word' id='word_1_78' title='bbox 785 1013 815 1035; x_wconf 78' lang='lat' dir='ltr'>v.</span> <span class='ocrx_word' id='word_1_79' title='bbox 841 1003 886 1034; x_wconf 81' lang='lat'>18</span> <span class='ocrx_word' id='word_1_80' title='bbox 910 1011 968 1045; x_wconf 88' lang='lat' dir='ltr'>pro</span> <span class='ocrx_word' id='word_1_81' title='bbox 996 999 1103 1043; x_wconf 78' lang='lat' dir='ltr'>Hypo-</span> 
     </span>
     <span class='ocr_line' id='line_1_13' title="bbox 150 1058 1105 1104; baseline 0.003 -16"><span class='ocrx_word' id='word_1_82' title='bbox 150 1058 321 1102; x_wconf 67' lang='lat' dir='ltr'>phryyium</span> <span class='ocrx_word' id='word_1_83' title='bbox 353 1066 385 1091; x_wconf 88' lang='lat' dir='ltr'>ct</span> <span class='ocrx_word' id='word_1_84' title='bbox 414 1061 647 1104; x_wconf 77' lang='lat' dir='ltr'>IIypoaeolium</span> <span class='ocrx_word' id='word_1_85' title='bbox 674 1063 843 1104; x_wconf 81' lang='lat' dir='ltr'>legendum</span> <span class='ocrx_word' id='word_1_86' title='bbox 877 1073 1024 1095; x_wconf 81' lang='lat' dir='ltr'>censeam</span> <span class='ocrx_word' id='word_1_87' title='bbox 1055 1060 1105 1092; x_wconf 86' lang='lat' dir='ltr'>vel</span> 
     </span>
     <span class='ocr_line' id='line_1_14' title="bbox 152 1121 1107 1168; baseline 0.003 -17"><span class='ocrx_word' id='word_1_88' title='bbox 152 1121 417 1166; x_wconf 66' lang='lat' dir='ltr'>IIypoplzryyium</span> <span class='ocrx_word' id='word_1_89' title='bbox 438 1130 471 1155; x_wconf 87' lang='lat' dir='ltr'>et</span> <span class='ocrx_word' id='word_1_90' title='bbox 492 1125 730 1167; x_wconf 69' lang='lat' dir='ltr'>Hypolydium,</span> <span class='ocrx_word' id='word_1_91' title='bbox 756 1126 807 1157; x_wconf 69' lang='lat' dir='ltr'>vel</span> <span class='ocrx_word' id='word_1_92' title='bbox 827 1126 1053 1168; x_wconf 61' lang='lat' dir='ltr'>Ilypoiustfflm</span> <span class='ocrx_word' id='word_1_93' title='bbox 1075 1129 1107 1155; x_wconf 85' lang='lat' dir='ltr'>et</span> 
     </span>
     <span class='ocr_line' id='line_1_15' title="bbox 153 1183 1108 1232; baseline 0.004 -19"><span class='ocrx_word' id='word_1_94' title='bbox 153 1183 398 1227; x_wconf 74' lang='lat' dir='ltr'>Ilypoaeolium.</span> <span class='ocrx_word' id='word_1_95' title='bbox 429 1185 540 1230; x_wconf 79' lang='lat' dir='ltr'>Atque</span> <span class='ocrx_word' id='word_1_96' title='bbox 565 1189 643 1220; x_wconf 87' lang='lat' dir='ltr'>haee</span> <span class='ocrx_word' id='word_1_97' title='bbox 673 1194 837 1232; x_wconf 79' lang='lat' dir='ltr'>troporum</span> <span class='ocrx_word' id='word_1_98' title='bbox 862 1187 1038 1220; x_wconf 72' lang='lat' dir='ltr'>concordia</span> <span class='ocrx_word' id='word_1_99' title='bbox 1066 1198 1108 1218; x_wconf 82' lang='lat' dir='ltr'>ex</span> 
     </span>
     <span class='ocr_line' id='line_1_16' title="bbox 154 1245 1107 1289; baseline 0.003 -13"><span class='ocrx_word' id='word_1_100' title='bbox 154 1245 232 1288; x_wconf 80' lang='lat' dir='ltr'>ipsis</span> <span class='ocrx_word' id='word_1_101' title='bbox 261 1247 346 1278; x_wconf 87' lang='lat' dir='ltr'>notis</span> <span class='ocrx_word' id='word_1_102' title='bbox 370 1247 603 1289; x_wconf 79' lang='lat' dir='ltr'>diagrammatis</span> <span class='ocrx_word' id='word_1_103' title='bbox 625 1250 690 1282; x_wconf 82' lang='lat' dir='ltr'>XV</span> <span class='ocrx_word' id='word_1_104' title='bbox 711 1250 878 1281; x_wconf 81' lang='lat' dir='ltr'>modorum</span> <span class='ocrx_word' id='word_1_105' title='bbox 902 1249 994 1281; x_wconf 80' lang='lat' dir='ltr'>facite</span> <span class='ocrx_word' id='word_1_106' title='bbox 1019 1248 1107 1280; x_wconf 87' lang='lat' dir='ltr'>colli-</span> 
     </span>
     <span class='ocr_line' id='line_1_17' title="bbox 154 1308 1109 1349; baseline 0.002 -10"><span class='ocrx_word' id='word_1_107' title='bbox 154 1308 247 1349; x_wconf 76' lang='lat' dir='ltr'>gitur.</span> <span class='ocrx_word' id='word_1_108' title='bbox 274 1309 342 1341; x_wconf 86' lang='lat' dir='ltr'>Sed</span> <span class='ocrx_word' id='word_1_109' title='bbox 365 1322 447 1342; x_wconf 86' lang='lat' dir='ltr'>nova</span> <span class='ocrx_word' id='word_1_110' title='bbox 472 1312 523 1343; x_wconf 82' lang='lat' dir='ltr'>hie</span> <span class='ocrx_word' id='word_1_111' title='bbox 542 1312 708 1344; x_wconf 78' lang='lat' dir='ltr'>difficultas</span> <span class='ocrx_word' id='word_1_112' title='bbox 724 1313 825 1345; x_wconf 86' lang='lat' dir='ltr'>oritur</span> <span class='ocrx_word' id='word_1_113' title='bbox 839 1325 879 1344; x_wconf 76' lang='lat' dir='ltr'>ex</span> <span class='ocrx_word' id='word_1_114' title='bbox 903 1312 965 1343; x_wconf 88' lang='lat' dir='ltr'>illis</span> <span class='ocrx_word' id='word_1_115' title='bbox 988 1311 1109 1343; x_wconf 74' lang='lat' dir='ltr'>verbis:</span> 
     </span>
     <span class='ocr_line' id='line_1_18' title="bbox 164 1370 1109 1417; baseline 0.001 -16"><span class='ocrx_word' id='word_1_116' title='bbox 164 1370 236 1414; x_wconf 62' lang='lat' dir='ltr'>”qui</span> <span class='ocrx_word' id='word_1_117' title='bbox 260 1377 382 1403; x_wconf 84' lang='lat' dir='ltr'>tantum</span> <span class='ocrx_word' id='word_1_118' title='bbox 401 1372 544 1416; x_wconf 81' lang='lat' dir='ltr'>duplices</span> <span class='ocrx_word' id='word_1_119' title='bbox 565 1374 790 1417; x_wconf 85' lang='lat' dir='ltr'>copulantur«,</span> <span class='ocrx_word' id='word_1_120' title='bbox 829 1386 930 1417; x_wconf 80' lang='lat' dir='ltr'>quae,</span> <span class='ocrx_word' id='word_1_121' title='bbox 961 1373 988 1403; x_wconf 91' lang='lat' dir='ltr'>si</span> <span class='ocrx_word' id='word_1_122' title='bbox 1015 1384 1109 1403; x_wconf 78' lang='lat' dir='ltr'>versu</span> 
     </span>
     <span class='ocr_line' id='line_1_19' title="bbox 159 1433 1111 1480; baseline 0.002 -16"><span class='ocrx_word' id='word_1_123' title='bbox 159 1433 310 1466; x_wconf 73' lang='lat' dir='ltr'>anteriori</span> <span class='ocrx_word' id='word_1_124' title='bbox 341 1435 501 1477; x_wconf 77' lang='lat' dir='ltr'>legeretur</span> <span class='ocrx_word' id='word_1_125' title='bbox 539 1437 770 1480; x_wconf 77' lang='lat' dir='ltr'>Hypoaeolium</span> <span class='ocrx_word' id='word_1_126' title='bbox 801 1443 833 1468; x_wconf 87' lang='lat' dir='ltr'>et</span> <span class='ocrx_word' id='word_1_127' title='bbox 866 1436 1111 1479; x_wconf 77' lang='lat' dir='ltr'>Hyperlydium,</span> 
     </span>
     <span class='ocr_line' id='line_1_20' title="bbox 156 1494 1112 1542; baseline 0.001 -16"><span class='ocrx_word' id='word_1_128' title='bbox 156 1494 205 1527; x_wconf 82' lang='lat' dir='ltr'>sie</span> <span class='ocrx_word' id='word_1_129' title='bbox 243 1495 361 1540; x_wconf 89' lang='lat' dir='ltr'>optime</span> <span class='ocrx_word' id='word_1_130' title='bbox 391 1497 642 1541; x_wconf 68' lang='lat' dir='ltr'>explicarentur,</span> <span class='ocrx_word' id='word_1_131' title='bbox 671 1510 786 1542; x_wconf 84' lang='lat' dir='ltr'>nempe</span> <span class='ocrx_word' id='word_1_132' title='bbox 815 1498 1052 1541; x_wconf 58' lang='lat' dir='ltr'>llypoaeolium</span> <span class='ocrx_word' id='word_1_133' title='bbox 1079 1502 1112 1528; x_wconf 87' lang='lat' dir='ltr'>ct</span> 
     </span>
     <span class='ocr_line' id='line_1_21' title="bbox 158 1557 1111 1604; baseline -0.001 -14"><span class='ocrx_word' id='word_1_134' title='bbox 158 1557 322 1601; x_wconf 82' lang='lat' dir='ltr'>Aeolium,</span> <span class='ocrx_word' id='word_1_135' title='bbox 346 1560 421 1592; x_wconf 88' lang='lat' dir='ltr'>item</span> <span class='ocrx_word' id='word_1_136' title='bbox 433 1559 654 1604; x_wconf 63' lang='lat' dir='ltr'>Hypolydium</span> <span class='ocrx_word' id='word_1_137' title='bbox 669 1566 700 1591; x_wconf 88' lang='lat' dir='ltr'>et</span> <span class='ocrx_word' id='word_1_138' title='bbox 712 1560 866 1603; x_wconf 65' lang='lat' dir='ltr'>Lydium,</span> <span class='ocrx_word' id='word_1_139' title='bbox 885 1559 1027 1602; x_wconf 86' lang='lat' dir='ltr'>duplices</span> <span class='ocrx_word' id='word_1_140' title='bbox 1047 1565 1111 1590; x_wconf 83' lang='lat' dir='ltr'>tan-</span> 
     </span>
     <span class='ocr_line' id='line_1_22' title="bbox 159 1620 1111 1667; baseline -0.004 -13"><span class='ocrx_word' id='word_1_141' title='bbox 159 1629 224 1654; x_wconf 86' lang='lat' dir='ltr'>tum</span> <span class='ocrx_word' id='word_1_142' title='bbox 245 1623 387 1667; x_wconf 86' lang='lat' dir='ltr'>copulari</span> <span class='ocrx_word' id='word_1_143' title='bbox 405 1622 580 1654; x_wconf 81' lang='lat' dir='ltr'>secundum</span> <span class='ocrx_word' id='word_1_144' title='bbox 597 1621 844 1662; x_wconf 75' lang='lat' dir='ltr'>Aristoxenum,</span> <span class='ocrx_word' id='word_1_145' title='bbox 869 1621 923 1664; x_wconf 88' lang='lat' dir='ltr'>qui</span> <span class='ocrx_word' id='word_1_146' title='bbox 937 1620 1018 1652; x_wconf 78' lang='lat' dir='ltr'>XIII</span> <span class='ocrx_word' id='word_1_147' title='bbox 1033 1620 1111 1651; x_wconf 74' lang='lat' dir='ltr'>‹lun-</span> 
     </span>
     <span class='ocr_line' id='line_1_23' title="bbox 160 1681 1112 1727; baseline -0.005 -11"><span class='ocrx_word' id='word_1_148' title='bbox 160 1691 248 1716; x_wconf 75' lang='lat' dir='ltr'>taxat</span> <span class='ocrx_word' id='word_1_149' title='bbox 268 1686 382 1717; x_wconf 84' lang='lat' dir='ltr'>modos</span> <span class='ocrx_word' id='word_1_150' title='bbox 405 1685 495 1725; x_wconf 83' lang='lat' dir='ltr'>facit,</span> <span class='ocrx_word' id='word_1_151' title='bbox 523 1696 588 1716; x_wconf 90' lang='lat' dir='ltr'>non</span> <span class='ocrx_word' id='word_1_152' title='bbox 611 1690 716 1715; x_wconf 81' lang='lat' dir='ltr'>autem</span> <span class='ocrx_word' id='word_1_153' title='bbox 741 1683 902 1727; x_wconf 81' lang='lat' dir='ltr'>triplices,</span> <span class='ocrx_word' id='word_1_154' title='bbox 927 1688 962 1713; x_wconf 92' lang='lat' dir='ltr'>ut</span> <span class='ocrx_word' id='word_1_155' title='bbox 980 1681 1112 1724; x_wconf 65' lang='lat' dir='ltr'>reliqui,</span> 
     </span>
     <span class='ocr_line' id='line_1_24' title="bbox 158 1741 1112 1792; baseline -0.005 -13"><span class='ocrx_word' id='word_1_156' title='bbox 158 1747 263 1792; x_wconf 88' lang='lat' dir='ltr'>quod,</span> <span class='ocrx_word' id='word_1_157' title='bbox 285 1752 321 1779; x_wconf 81' lang='lat' dir='ltr'>ut</span> <span class='ocrx_word' id='word_1_158' title='bbox 341 1747 417 1788; x_wconf 78' lang='lat' dir='ltr'>dixi,</span> <span class='ocrx_word' id='word_1_159' title='bbox 442 1746 679 1790; x_wconf 65' lang='lat' dir='ltr'>IIyperaeolius</span> <span class='ocrx_word' id='word_1_160' title='bbox 699 1751 732 1776; x_wconf 87' lang='lat' dir='ltr'>et</span> <span class='ocrx_word' id='word_1_161' title='bbox 750 1743 968 1788; x_wconf 58' lang='lat' dir='ltr'>Hyperlydius</span> <span class='ocrx_word' id='word_1_162' title='bbox 984 1755 1024 1774; x_wconf 89' lang='lat' dir='ltr'>ex</span> <span class='ocrx_word' id='word_1_163' title='bbox 1038 1741 1112 1774; x_wconf 77' lang='lat' dir='ltr'>Ari-</span> 
     </span>
     <span class='ocr_line' id='line_1_25' title="bbox 163 1806 1113 1850; baseline -0.005 -8"><span class='ocrx_word' id='word_1_164' title='bbox 163 1811 291 1844; x_wconf 75' lang='lat' dir='ltr'>stoxeni</span> <span class='ocrx_word' id='word_1_165' title='bbox 320 1811 478 1843; x_wconf 83' lang='lat' dir='ltr'>sententia</span> <span class='ocrx_word' id='word_1_166' title='bbox 510 1822 576 1842; x_wconf 88' lang='lat' dir='ltr'>non</span> <span class='ocrx_word' id='word_1_167' title='bbox 611 1814 832 1850; x_wconf 74' lang='lat' dir='ltr'>numerentur,</span> <span class='ocrx_word' id='word_1_168' title='bbox 868 1807 925 1839; x_wconf 87' lang='lat' dir='ltr'>sed</span> <span class='ocrx_word' id='word_1_169' title='bbox 949 1806 1113 1849; x_wconf 87' lang='lat' dir='ltr'>juniorum</span> 
     </span>
     <span class='ocr_line' id='line_1_26' title="bbox 162 1868 1114 1918; baseline -0.007 -13"><span class='ocrx_word' id='word_1_170' title='bbox 162 1873 377 1918; x_wconf 79' lang='lat' dir='ltr'>quorundam,</span> <span class='ocrx_word' id='word_1_171' title='bbox 405 1873 445 1903; x_wconf 86' lang='lat' dir='ltr'>de</span> <span class='ocrx_word' id='word_1_172' title='bbox 467 1871 582 1915; x_wconf 87' lang='lat' dir='ltr'>quibus</span> <span class='ocrx_word' id='word_1_173' title='bbox 598 1869 760 1902; x_wconf 76' lang='lat' dir='ltr'>Aristides</span> <span class='ocrx_word' id='word_1_174' title='bbox 775 1882 805 1914; x_wconf 89' lang='lat' dir='ltr'>p.</span> <span class='ocrx_word' id='word_1_175' title='bbox 820 1870 880 1909; x_wconf 77' lang='lat'>25,</span> <span class='ocrx_word' id='word_1_176' title='bbox 900 1881 929 1900; x_wconf 73' lang='lat' dir='ltr'>v.</span> <span class='ocrx_word' id='word_1_177' title='bbox 949 1870 1004 1900; x_wconf 74' lang='lat'>¹8.</span> <span class='ocrx_word' id='word_1_178' title='bbox 1022 1868 1114 1899; x_wconf 79' lang='lat' dir='ltr'>Haec</span> 
     </span>
     <span class='ocr_line' id='line_1_27' title="bbox 161 1930 1114 1978; baseline -0.007 -10"><span class='ocrx_word' id='word_1_179' title='bbox 161 1941 269 1968; x_wconf 75' lang='lat' dir='ltr'>tamen</span> <span class='ocrx_word' id='word_1_180' title='bbox 295 1934 464 1978; x_wconf 82' lang='lat' dir='ltr'>explicatio</span> <span class='ocrx_word' id='word_1_181' title='bbox 495 1945 562 1965; x_wconf 87' lang='lat' dir='ltr'>non</span> <span class='ocrx_word' id='word_1_182' title='bbox 590 1933 669 1964; x_wconf 82' lang='lat' dir='ltr'>adeo</span> <span class='ocrx_word' id='word_1_183' title='bbox 690 1932 811 1976; x_wconf 66' lang='lat' dir='ltr'>placet,</span> <span class='ocrx_word' id='word_1_184' title='bbox 836 1943 897 1963; x_wconf 90' lang='lat' dir='ltr'>nec</span> <span class='ocrx_word' id='word_1_185' title='bbox 922 1930 1114 1974; x_wconf 78' lang='lat' dir='ltr'>praeceden-</span> 
     </span>
     <span class='ocr_line' id='line_1_28' title="bbox 163 1992 1114 2036; baseline -0.008 -6"><span class='ocrx_word' id='word_1_186' title='bbox 163 1997 249 2030; x_wconf 76' lang='lat' dir='ltr'>tibus</span> <span class='ocrx_word' id='word_1_187' title='bbox 282 1995 451 2029; x_wconf 76' lang='lat' dir='ltr'>convenire</span> <span class='ocrx_word' id='word_1_188' title='bbox 481 1994 621 2027; x_wconf 70' lang='lat' dir='ltr'>videtur:</span> <span class='ocrx_word' id='word_1_189' title='bbox 654 1999 690 2025; x_wconf 85' lang='lat' dir='ltr'>nt</span> <span class='ocrx_word' id='word_1_190' title='bbox 726 1992 912 2036; x_wconf 81' lang='lat' dir='ltr'>simpliciter</span> <span class='ocrx_word' id='word_1_191' title='bbox 945 1992 1114 2023; x_wconf 87' lang='lat' dir='ltr'>dicendum</span> 
     </span>
     <span class='ocr_line' id='line_1_29' title="bbox 163 2055 1116 2106; baseline -0.006 -13"><span class='ocrx_word' id='word_1_192' title='bbox 163 2066 271 2106; x_wconf 73' lang='lat' dir='ltr'>putem</span> <span class='ocrx_word' id='word_1_193' title='bbox 282 2083 291 2101; x_wconf 92' lang='lat'>,</span> <span class='ocrx_word' id='word_1_194' title='bbox 317 2058 512 2103; x_wconf 87' lang='lat' dir='ltr'>superiorem</span> <span class='ocrx_word' id='word_1_195' title='bbox 529 2057 617 2089; x_wconf 82' lang='lat' dir='ltr'>illam</span> <span class='ocrx_word' id='word_1_196' title='bbox 631 2056 796 2088; x_wconf 88' lang='lat' dir='ltr'>modorum</span> <span class='ocrx_word' id='word_1_197' title='bbox 816 2055 1017 2088; x_wconf 75' lang='lat' dir='ltr'>concordiam</span> <span class='ocrx_word' id='word_1_198' title='bbox 1033 2055 1116 2088; x_wconf 79' lang='lat' dir='ltr'>inter</span> 
     </span>
     <span class='ocr_line' id='line_1_30' title="bbox 163 2119 1115 2164; baseline -0.006 -8"><span class='ocrx_word' id='word_1_199' title='bbox 163 2124 256 2157; x_wconf 81' lang='lat' dir='ltr'>binos</span> <span class='ocrx_word' id='word_1_200' title='bbox 282 2128 406 2155; x_wconf 80' lang='lat' dir='ltr'>tautum</span> <span class='ocrx_word' id='word_1_201' title='bbox 426 2120 640 2160; x_wconf 79' lang='lat' dir='ltr'>considerari,</span> <span class='ocrx_word' id='word_1_202' title='bbox 664 2132 761 2164; x_wconf 86' lang='lat' dir='ltr'>quum</span> <span class='ocrx_word' id='word_1_203' title='bbox 784 2119 878 2151; x_wconf 81' lang='lat' dir='ltr'>etiam</span> <span class='ocrx_word' id='word_1_204' title='bbox 901 2119 984 2150; x_wconf 87' lang='lat' dir='ltr'>inter</span> <span class='ocrx_word' id='word_1_205' title='bbox 1006 2124 1115 2150; x_wconf 85' lang='lat' dir='ltr'>ternos</span> 
     </span>
     <span class='ocr_line' id='line_1_31' title="bbox 165 2181 1115 2230; baseline -0.005 -12"><span class='ocrx_word' id='word_1_206' title='bbox 165 2187 268 2230; x_wconf 87' lang='lat' dir='ltr'>possit</span> <span class='ocrx_word' id='word_1_207' title='bbox 287 2192 320 2218; x_wconf 84' lang='lat' dir='ltr'>et.</span> <span class='ocrx_word' id='word_1_208' title='bbox 344 2190 518 2230; x_wconf 82' lang='lat' dir='ltr'>quaternos</span> <span class='ocrx_word' id='word_1_209' title='bbox 550 2196 586 2216; x_wconf 89' lang='lat' dir='ltr'>ae</span> <span class='ocrx_word' id='word_1_210' title='bbox 608 2183 727 2227; x_wconf 86' lang='lat' dir='ltr'>plnres.</span> <span class='ocrx_word' id='word_1_211' title='bbox 753 2182 903 2226; x_wconf 79' lang='lat' dir='ltr'>Exempli</span> <span class='ocrx_word' id='word_1_212' title='bbox 924 2181 1024 2223; x_wconf 80' lang='lat' dir='ltr'>gratia</span> <span class='ocrx_word' id='word_1_213' title='bbox 1041 2193 1115 2214; x_wconf 87' lang='lat' dir='ltr'>eon-</span> 
     </span>
     <span class='ocr_line' id='line_1_32' title="bbox 164 2241 1116 2293; baseline -0.005 -11"><span class='ocrx_word' id='word_1_214' title='bbox 164 2250 274 2284; x_wconf 75' lang='lat' dir='ltr'>eoi-dia</span> <span class='ocrx_word' id='word_1_215' title='bbox 295 2251 449 2293; x_wconf 82' lang='lat' dir='ltr'>quaedam</span> <span class='ocrx_word' id='word_1_216' title='bbox 472 2249 572 2281; x_wconf 81' lang='lat' dir='ltr'>amica</span> <span class='ocrx_word' id='word_1_217' title='bbox 595 2254 644 2280; x_wconf 83' lang='lat' dir='ltr'>cst</span> <span class='ocrx_word' id='word_1_218' title='bbox 672 2248 756 2279; x_wconf 87' lang='lat' dir='ltr'>inter</span> <span class='ocrx_word' id='word_1_219' title='bbox 778 2241 1022 2291; x_wconf 66' lang='lat' dir='ltr'>Hypodorium,</span> <span class='ocrx_word' id='word_1_220' title='bbox 1047 2246 1116 2290; x_wconf 67' lang='lat' dir='ltr'><strong>lly-</strong></span> 
     </span>
     <span class='ocr_line' id='line_1_33' title="bbox 167 2311 1120 2358; baseline -0.003 -14"><span class='ocrx_word' id='word_1_221' title='bbox 167 2313 394 2358; x_wconf 73' lang='lat' dir='ltr'>poplirygium,</span> <span class='ocrx_word' id='word_1_222' title='bbox 428 2313 579 2353; x_wconf 84' lang='lat' dir='ltr'>Dorium,</span> <span class='ocrx_word' id='word_1_223' title='bbox 610 2311 800 2355; x_wconf 63' lang='lat' dir='ltr'>Phrygium:</span> <span class='ocrx_word' id='word_1_224' title='bbox 823 2311 897 2354; x_wconf 87' lang='lat' dir='ltr'>quia</span> <span class='ocrx_word' id='word_1_225' title='bbox 924 2311 957 2342; x_wconf 82' lang='lat' dir='ltr'>lii</span> <span class='ocrx_word' id='word_1_226' title='bbox 980 2315 1120 2354; x_wconf 80' lang='lat' dir='ltr'>quatuor</span> 
     </span>
     <span class='ocr_line' id='line_1_34' title="bbox 169 2370 1119 2413; baseline -0.005 -7"><span class='ocrx_word' id='word_1_227' title='bbox 169 2374 237 2406; x_wconf 79' lang='lat' dir='ltr'>toni</span> <span class='ocrx_word' id='word_1_228' title='bbox 272 2385 367 2405; x_wconf 85' lang='lat' dir='ltr'>unam</span> <span class='ocrx_word' id='word_1_229' title='bbox 403 2373 600 2405; x_wconf 77' lang='lat' dir='ltr'>diatessaron</span> <span class='ocrx_word' id='word_1_230' title='bbox 630 2372 887 2413; x_wconf 78' lang='lat' dir='ltr'>consonantiam,</span> <span class='ocrx_word' id='word_1_231' title='bbox 929 2386 962 2403; x_wconf 77' lang='grc' dir='ltr'>-ι</span> <span class='ocrx_word' id='word_1_232' title='bbox 990 2372 1026 2406; x_wconf 84' lang='grc' dir='ltr'><em>Ω</em></span> <span class='ocrx_word' id='word_1_233' title='bbox 1057 2370 1119 2412; x_wconf 85' lang='lat' dir='ltr'>sig-</span> 
     </span>
     <span class='ocr_line' id='line_1_35' title="bbox 169 2434 1123 2477; baseline -0.002 -9"><span class='ocrx_word' id='word_1_234' title='bbox 169 2442 294 2477; x_wconf 77' lang='lat' dir='ltr'>natam,</span> <span class='ocrx_word' id='word_1_235' title='bbox 321 2447 520 2468; x_wconf 89' lang='lat' dir='ltr'>communem</span> <span class='ocrx_word' id='word_1_236' title='bbox 544 2436 690 2467; x_wconf 78' lang='lat' dir='ltr'>habeant.</span> <span class='ocrx_word' id='word_1_237' title='bbox 701 2436 901 2469; x_wconf 71' lang='lat' dir='ltr'>thon.—</span> <span class='ocrx_word' id='word_1_238' title='bbox 926 2434 1022 2467; x_wconf 89' lang='lat' dir='ltr'>Adde</span> <span class='ocrx_word' id='word_1_239' title='bbox 1037 2434 1123 2466; x_wconf 86' lang='lat' dir='ltr'>Boe-</span> 
     </span>
     <span class='ocr_line' id='line_1_36' title="bbox 170 2491 1124 2542; baseline -0.003 -11"><span class='ocrx_word' id='word_1_240' title='bbox 170 2499 296 2532; x_wconf 80' lang='lat' dir='ltr'>ekhium</span> <span class='ocrx_word' id='word_1_241' title='bbox 324 2498 385 2542; x_wconf 84' lang='lat' dir='ltr'>(de</span> <span class='ocrx_word' id='word_1_242' title='bbox 415 2503 507 2530; x_wconf 82' lang='lat' dir='ltr'>metr.</span> <span class='ocrx_word' id='word_1_243' title='bbox 530 2497 627 2531; x_wconf 88' lang='lat' dir='ltr'>Pind.</span> <span class='ocrx_word' id='word_1_244' title='bbox 657 2491 689 2541; x_wconf 80' lang='lat' dir='ltr'>p‘.</span> <span class='ocrx_word' id='word_1_245' title='bbox 703 2499 790 2531; x_wconf 74' lang='lat'>235.</span> <span class='ocrx_word' id='word_1_246' title='bbox 812 2499 921 2541; x_wconf 74' lang='lat'>255),</span> <span class='ocrx_word' id='word_1_247' title='bbox 955 2497 1012 2541; x_wconf 87' lang='lat' dir='ltr'>qui</span> <span class='ocrx_word' id='word_1_248' title='bbox 1037 2502 1124 2529; x_wconf 88' lang='lat' dir='ltr'>recte</span> 
     </span>
     <span class='ocr_line' id='line_1_37' title="bbox 171 2558 1124 2604; baseline -0.004 -10"><span class='ocrx_word' id='word_1_249' title='bbox 171 2566 279 2594; x_wconf 87' lang='lat' dir='ltr'>monet</span> <span class='ocrx_word' id='word_1_250' title='bbox 296 2571 400 2593; x_wconf 81' lang='lat' dir='ltr'>errare</span> <span class='ocrx_word' id='word_1_251' title='bbox 420 2559 446 2591; x_wconf 89' lang='lat' dir='ltr'>si</span> <span class='ocrx_word' id='word_1_252' title='bbox 463 2558 519 2604; x_wconf 88' lang='lat' dir='ltr'>qui</span> <span class='ocrx_word' id='word_1_253' title='bbox 534 2558 573 2591; x_wconf 88' lang='lat' dir='ltr'>de</span> <span class='ocrx_word' id='word_1_254' title='bbox 592 2558 756 2591; x_wconf 80' lang='lat' dir='ltr'>harmonia</span> <span class='ocrx_word' id='word_1_255' title='bbox 772 2559 949 2592; x_wconf 84' lang='lat' dir='ltr'>innotuisse</span> <span class='ocrx_word' id='word_1_256' title='bbox 964 2559 1124 2591; x_wconf 67' lang='lat' dir='ltr'>veteribus</span> 
     </span>
    </p>
   </div>
   <div class='ocr_carea' id='block_1_9' title="bbox 673 726 1167 781">
    <p class='ocr_par' dir='ltr' id='par_1_9' title="bbox 673 726 1167 781">
     <span class='ocr_line' id='line_1_38' title="bbox 673 726 1167 781; baseline -0.006 -12"><span class='ocrx_word' id='word_1_257' title='bbox 673 727 755 769; x_wconf 81' lang='lat' dir='ltr'>Sed</span> <span class='ocrx_word' id='word_1_258' title='bbox 799 726 903 767; x_wconf 90' lang='lat' dir='ltr'>haec</span> <span class='ocrx_word' id='word_1_259' title='bbox 949 726 1167 781; x_wconf 83' lang='lat' dir='ltr'>posterius.</span> 
     </span>
    </p>
   </div>
   <div class='ocr_carea' id='block_1_10' title="bbox 744 805 1809 860">
    <p class='ocr_par' dir='ltr' id='par_1_10' title="bbox 744 805 1809 860">
     <span class='ocr_line' id='line_1_39' title="bbox 744 805 1809 860; baseline -0.002 -11"><span class='ocrx_word' id='word_1_260' title='bbox 744 806 959 850; x_wconf 82' lang='lat' dir='ltr'>Praedicta</span> <span class='ocrx_word' id='word_1_261' title='bbox 1011 807 1124 849; x_wconf 85' lang='lat' dir='ltr'>euim</span> <span class='ocrx_word' id='word_1_262' title='bbox 1180 805 1276 847; x_wconf 90' lang='lat' dir='ltr'>ideo</span> <span class='ocrx_word' id='word_1_263' title='bbox 1330 805 1470 860; x_wconf 87' lang='lat' dir='ltr'>primo</span> <span class='ocrx_word' id='word_1_264' title='bbox 1525 805 1635 847; x_wconf 77' lang='lat' dir='ltr'>dicta</span> <span class='ocrx_word' id='word_1_265' title='bbox 1693 816 1809 860; x_wconf 86' lang='lat' dir='ltr'>sunt,</span> 
     </span>
    </p>
   </div>
   <div class='ocr_carea' id='block_1_11' title="bbox 1235 724 2098 767">
    <p class='ocr_par' dir='ltr' id='par_1_11' title="bbox 1235 724 2098 767">
     <span class='ocr_line' id='line_1_40' title="bbox 1235 724 2098 767; baseline -0.002 0"><span class='ocrx_word' id='word_1_266' title='bbox 1235 726 1364 767; x_wconf 85' lang='lat' dir='ltr'>Nunc</span> <span class='ocrx_word' id='word_1_267' title='bbox 1412 724 1465 766; x_wconf 86' lang='lat' dir='ltr'>ad</span> <span class='ocrx_word' id='word_1_268' title='bbox 1513 725 1911 766; x_wconf 85' lang='lat' dir='ltr'>inchoamentorum</span> <span class='ocrx_word' id='word_1_269' title='bbox 1953 734 2098 766; x_wconf 86' lang='lat' dir='ltr'>ratum</span> 
     </span>
    </p>
   </div>
   <div class='ocr_carea' id='block_1_12' title="bbox 1874 807 2100 848">
    <p class='ocr_par' dir='ltr' id='par_1_12' title="bbox 1874 807 2100 848">
     <span class='ocr_line' id='line_1_41' title="bbox 1874 807 2100 848; baseline 0.004 -1"><span class='ocrx_word' id='word_1_270' title='bbox 1874 816 1921 847; x_wconf 90' lang='lat' dir='ltr'>ut</span> <span class='ocrx_word' id='word_1_271' title='bbox 1978 807 2100 848; x_wconf 82' lang='lat' dir='ltr'>altius</span> 
     </span>
    </p>
   </div>
   <div class='ocr_carea' id='block_1_13' title="bbox 1155 997 2116 2478">
    <p class='ocr_par' dir='ltr' id='par_1_13' title="bbox 1155 997 2105 1229">
     <span class='ocr_line' id='line_1_42' title="bbox 1155 997 2102 1043; baseline -0.002 -13"><span class='ocrx_word' id='word_1_272' title='bbox 1155 999 1327 1043; x_wconf 85' lang='lat' dir='ltr'>quidquam</span> <span class='ocrx_word' id='word_1_273' title='bbox 1350 1003 1484 1039; x_wconf 69' lang='lat' dir='ltr'>negent,</span> <span class='ocrx_word' id='word_1_274' title='bbox 1515 997 1576 1028; x_wconf 87' lang='lat' dir='ltr'>etsi</span> <span class='ocrx_word' id='word_1_275' title='bbox 1599 997 1766 1029; x_wconf 82' lang='lat' dir='ltr'>obscuram</span> <span class='ocrx_word' id='word_1_276' title='bbox 1790 1008 1861 1028; x_wconf 90' lang='lat' dir='ltr'>csse</span> <span class='ocrx_word' id='word_1_277' title='bbox 1884 998 1965 1029; x_wconf 84' lang='lat' dir='ltr'>hane</span> <span class='ocrx_word' id='word_1_278' title='bbox 1989 997 2102 1029; x_wconf 83' lang='lat' dir='ltr'>doetri-</span> 
     </span>
     <span class='ocr_line' id='line_1_43' title="bbox 1156 1061 2105 1106; baseline -0.002 -13"><span class='ocrx_word' id='word_1_279' title='bbox 1156 1075 1227 1093; x_wconf 80' lang='lat' dir='ltr'>nani</span> <span class='ocrx_word' id='word_1_280' title='bbox 1245 1063 1295 1093; x_wconf 81' lang='lat' dir='ltr'>liic</span> <span class='ocrx_word' id='word_1_281' title='bbox 1314 1062 1382 1106; x_wconf 89' lang='lat' dir='ltr'>ipse</span> <span class='ocrx_word' id='word_1_282' title='bbox 1399 1067 1507 1092; x_wconf 86' lang='lat' dir='ltr'>noster</span> <span class='ocrx_word' id='word_1_283' title='bbox 1526 1061 1616 1092; x_wconf 87' lang='lat' dir='ltr'>loeus</span> <span class='ocrx_word' id='word_1_284' title='bbox 1631 1061 1787 1093; x_wconf 80' lang='lat' dir='ltr'>ostendat.</span> <span class='ocrx_word' id='word_1_285' title='bbox 1809 1061 1960 1093; x_wconf 82' lang='lat' dir='ltr'>Ceterum</span> <span class='ocrx_word' id='word_1_286' title='bbox 1976 1061 2105 1105; x_wconf 89' lang='lat' dir='ltr'>reposui</span> 
     </span>
     <span class='ocr_line' id='line_1_44' title="bbox 1156 1121 2105 1168; baseline -0.005 -8"><span class='ocrx_word' id='word_1_287' title='bbox 1156 1122 1388 1160; x_wconf 67' lang='grc' dir='ltr'>ὖποαιόλιον</span> <span class='ocrx_word' id='word_1_288' title='bbox 1405 1137 1445 1156; x_wconf 82' lang='lat' dir='ltr'>cx</span> <span class='ocrx_word' id='word_1_289' title='bbox 1468 1124 1576 1156; x_wconf 82' lang='lat' dir='ltr'>codice</span> <span class='ocrx_word' id='word_1_290' title='bbox 1590 1125 1775 1157; x_wconf 81' lang='lat' dir='ltr'>Monaccnsi</span> <span class='ocrx_word' id='word_1_291' title='bbox 1795 1137 1852 1168; x_wconf 86' lang='lat' dir='ltr'>pro</span> <span class='ocrx_word' id='word_1_292' title='bbox 1872 1121 2105 1167; x_wconf 69' lang='grc' dir='ltr'>ὑπολύδιον,</span> 
     </span>
     <span class='ocr_line' id='line_1_45' title="bbox 1157 1182 1873 1229; baseline 0.003 -12"><span class='ocrx_word' id='word_1_293' title='bbox 1157 1192 1193 1217; x_wconf 87' lang='lat' dir='ltr'>ut</span> <span class='ocrx_word' id='word_1_294' title='bbox 1216 1198 1291 1217; x_wconf 82' lang='lat' dir='ltr'>mox</span> <span class='ocrx_word' id='word_1_295' title='bbox 1312 1182 1528 1219; x_wconf 68' lang='grc' dir='ltr'>ὑπολύδιον</span> <span class='ocrx_word' id='word_1_296' title='bbox 1551 1197 1608 1229; x_wconf 90' lang='lat' dir='ltr'>pro</span> <span class='ocrx_word' id='word_1_297' title='bbox 1632 1182 1873 1220; x_wconf 69' lang='grc' dir='ltr'>ὐποαιόλιον.</span> 
     </span>
    </p>

    <p class='ocr_par' dir='ltr' id='par_1_14' title="bbox 1159 1245 2107 1352">
     <span class='ocr_line' id='line_1_46' title="bbox 1234 1245 2107 1294; baseline 0.001 -16"><span class='ocrx_word' id='word_1_298' title='bbox 1234 1249 1291 1294; x_wconf 83' lang='lat' dir='ltr'>qui</span> <span class='ocrx_word' id='word_1_299' title='bbox 1313 1245 1452 1291; x_wconf 79' lang='lat' dir='ltr'>tautum]</span> <span class='ocrx_word' id='word_1_300' title='bbox 1479 1247 1578 1278; x_wconf 85' lang='lat' dir='ltr'>Pater</span> <span class='ocrx_word' id='word_1_301' title='bbox 1602 1247 1675 1291; x_wconf 80' lang='lat' dir='ltr'>nqui</span> <span class='ocrx_word' id='word_1_302' title='bbox 1699 1253 1854 1293; x_wconf 71' lang='lat' dir='ltr'>umquam</span> <span class='ocrx_word' id='word_1_303' title='bbox 1879 1246 2038 1290; x_wconf 69' lang='lat' dir='ltr'>duplices«</span> <span class='ocrx_word' id='word_1_304' title='bbox 2064 1247 2107 1279; x_wconf 85' lang='lat' dir='ltr'>le-</span> 
     </span>
     <span class='ocr_line' id='line_1_47' title="bbox 1159 1310 1574 1352; baseline 0 -11"><span class='ocrx_word' id='word_1_305' title='bbox 1159 1310 1297 1352; x_wconf 83' lang='lat' dir='ltr'>gendum</span> <span class='ocrx_word' id='word_1_306' title='bbox 1319 1310 1459 1352; x_wconf 76' lang='lat' dir='ltr'>conjicit.</span> <span class='ocrx_word' id='word_1_307' title='bbox 1471 1310 1574 1342; x_wconf 79' lang='lat' dir='ltr'>Gno&#39;r.</span> 
     </span>
    </p>

    <p class='ocr_par' dir='ltr' id='par_1_15' title="bbox 1160 1370 2114 2351">
     <span class='ocr_line' id='line_1_48' title="bbox 1236 1370 2109 1416; baseline 0.001 -14"><span class='ocrx_word' id='word_1_308' title='bbox 1236 1372 1358 1402; x_wconf 80' lang='lat' dir='ltr'>mediae</span> <span class='ocrx_word' id='word_1_309' title='bbox 1379 1370 1476 1416; x_wconf 82' lang='lat' dir='ltr'>vero]</span> <span class='ocrx_word' id='word_1_310' title='bbox 1515 1372 1605 1403; x_wconf 80' lang='lat' dir='ltr'>llaec</span> <span class='ocrx_word' id='word_1_311' title='bbox 1633 1371 1724 1403; x_wconf 86' lang='lat' dir='ltr'>binas</span> <span class='ocrx_word' id='word_1_312' title='bbox 1749 1372 1977 1415; x_wconf 83' lang='lat' dir='ltr'>explicationes</span> <span class='ocrx_word' id='word_1_313' title='bbox 2000 1372 2109 1403; x_wconf 82' lang='lat' dir='ltr'>admit-</span> 
     </span>
     <span class='ocr_line' id='line_1_49' title="bbox 1160 1433 2110 1476; baseline 0.002 -13"><span class='ocrx_word' id='word_1_314' title='bbox 1160 1437 1228 1463; x_wconf 84' lang='lat' dir='ltr'>tere</span> <span class='ocrx_word' id='word_1_315' title='bbox 1252 1438 1403 1475; x_wconf 83' lang='lat' dir='ltr'>possunt‚</span> <span class='ocrx_word' id='word_1_316' title='bbox 1445 1438 1541 1476; x_wconf 81' lang='lat' dir='ltr'>prout</span> <span class='ocrx_word' id='word_1_317' title='bbox 1565 1433 1755 1463; x_wconf 72' lang='lat' dir='ltr'>vocabulum</span> <span class='ocrx_word' id='word_1_318' title='bbox 1785 1435 1907 1465; x_wconf 81' lang='lat' dir='ltr'>mediae</span> <span class='ocrx_word' id='word_1_319' title='bbox 1931 1434 1982 1465; x_wconf 72' lang='lat' dir='ltr'>vel</span> <span class='ocrx_word' id='word_1_320' title='bbox 2008 1434 2049 1465; x_wconf 83' lang='lat' dir='ltr'>de</span> <span class='ocrx_word' id='word_1_321' title='bbox 2063 1434 2110 1465; x_wconf 88' lang='lat' dir='ltr'>in·</span> 
     </span>
     <span class='ocr_line' id='line_1_50' title="bbox 1161 1493 2111 1536; baseline 0.004 -13"><span class='ocrx_word' id='word_1_322' title='bbox 1161 1493 1243 1534; x_wconf 78' lang='lat' dir='ltr'>tcgri</span> <span class='ocrx_word' id='word_1_323' title='bbox 1274 1493 1457 1536; x_wconf 75' lang='lat' dir='ltr'>systematis</span> <span class='ocrx_word' id='word_1_324' title='bbox 1493 1494 1540 1524; x_wconf 80' lang='lat' dir='ltr'>bis</span> <span class='ocrx_word' id='word_1_325' title='bbox 1565 1494 1720 1536; x_wconf 80' lang='lat' dir='ltr'>diapason</span> <span class='ocrx_word' id='word_1_326' title='bbox 1754 1494 1857 1525; x_wconf 82' lang='lat' dir='ltr'>media</span> <span class='ocrx_word' id='word_1_327' title='bbox 1882 1495 2001 1526; x_wconf 81' lang='lat' dir='ltr'>chorda</span> <span class='ocrx_word' id='word_1_328' title='bbox 2030 1496 2111 1527; x_wconf 82' lang='lat' dir='ltr'>acci-</span> 
     </span>
     <span class='ocr_line' id='line_1_51' title="bbox 1161 1557 2111 1600; baseline 0.003 -13"><span class='ocrx_word' id='word_1_329' title='bbox 1161 1557 1262 1600; x_wconf 87' lang='lat' dir='ltr'>pitur,</span> <span class='ocrx_word' id='word_1_330' title='bbox 1312 1557 1363 1588; x_wconf 64' lang='lat' dir='ltr'>vel</span> <span class='ocrx_word' id='word_1_331' title='bbox 1392 1557 1431 1587; x_wconf 89' lang='lat' dir='ltr'>dc</span> <span class='ocrx_word' id='word_1_332' title='bbox 1470 1557 1564 1587; x_wconf 89' lang='lat' dir='ltr'>unius</span> <span class='ocrx_word' id='word_1_333' title='bbox 1601 1557 1754 1600; x_wconf 77' lang='lat' dir='ltr'>diapason</span> <span class='ocrx_word' id='word_1_334' title='bbox 1787 1559 1968 1600; x_wconf 57' lang='lat' dir='ltr'>systematis</span> <span class='ocrx_word' id='word_1_335' title='bbox 1996 1558 2111 1600; x_wconf 80' lang='lat' dir='ltr'>media,</span> 
     </span>
     <span class='ocr_line' id='line_1_52' title="bbox 1163 1618 2111 1661; baseline 0.003 -13"><span class='ocrx_word' id='word_1_336' title='bbox 1163 1630 1244 1661; x_wconf 87' lang='lat' dir='ltr'>quae</span> <span class='ocrx_word' id='word_1_337' title='bbox 1268 1623 1318 1648; x_wconf 80' lang='lat' dir='ltr'>est</span> <span class='ocrx_word' id='word_1_338' title='bbox 1342 1619 1456 1660; x_wconf 75' lang='lat' dir='ltr'>hypate</span> <span class='ocrx_word' id='word_1_339' title='bbox 1481 1630 1598 1649; x_wconf 80' lang='lat' dir='ltr'>meson.</span> <span class='ocrx_word' id='word_1_340' title='bbox 1634 1618 1740 1650; x_wconf 86' lang='lat' dir='ltr'>Priori</span> <span class='ocrx_word' id='word_1_341' title='bbox 1763 1625 1869 1651; x_wconf 89' lang='lat' dir='ltr'>tamen</span> <span class='ocrx_word' id='word_1_342' title='bbox 1894 1620 1989 1651; x_wconf 88' lang='lat' dir='ltr'>modo</span> <span class='ocrx_word' id='word_1_343' title='bbox 2016 1620 2111 1651; x_wconf 77' lang='lat' dir='ltr'>usita-</span> 
     </span>
     <span class='ocr_line' id='line_1_53' title="bbox 1163 1678 2112 1724; baseline 0.004 -14"><span class='ocrx_word' id='word_1_344' title='bbox 1163 1679 1236 1710; x_wconf 89' lang='lat' dir='ltr'>tius.</span> <span class='ocrx_word' id='word_1_345' title='bbox 1272 1678 1328 1711; x_wconf 90' lang='lat' dir='ltr'>Sie</span> <span class='ocrx_word' id='word_1_346' title='bbox 1357 1679 1539 1722; x_wconf 71' lang='lat' dir='ltr'>Hypodorii</span> <span class='ocrx_word' id='word_1_347' title='bbox 1567 1679 1670 1710; x_wconf 83' lang='lat' dir='ltr'>media</span> <span class='ocrx_word' id='word_1_348' title='bbox 1699 1685 1748 1711; x_wconf 85' lang='lat' dir='ltr'>cst</span> <span class='ocrx_word' id='word_1_349' title='bbox 1775 1681 2112 1724; x_wconf 81' lang='lat' dir='ltr'>proslambanomenos</span> 
     </span>
     <span class='ocr_line' id='line_1_54' title="bbox 1162 1742 2112 1787; baseline 0.002 -12"><span class='ocrx_word' id='word_1_350' title='bbox 1162 1742 1418 1786; x_wconf 58' lang='lat' dir='ltr'>IIyperphrygii3</span> <span class='ocrx_word' id='word_1_351' title='bbox 1445 1748 1477 1774; x_wconf 84' lang='lat' dir='ltr'>et</span> <span class='ocrx_word' id='word_1_352' title='bbox 1497 1742 1529 1773; x_wconf 88' lang='lat' dir='ltr'>in</span> <span class='ocrx_word' id='word_1_353' title='bbox 1545 1742 1630 1774; x_wconf 85' lang='lat' dir='ltr'>binis</span> <span class='ocrx_word' id='word_1_354' title='bbox 1650 1743 1868 1787; x_wconf 82' lang='lat' dir='ltr'>superioribus</span> <span class='ocrx_word' id='word_1_355' title='bbox 1883 1745 2112 1777; x_wconf 84' lang='lat' dir='ltr'>eodemmodo.</span> 
     </span>
     <span class='ocr_line' id='line_1_55' title="bbox 1163 1804 2113 1853; baseline 0.002 -18"><span class='ocrx_word' id='word_1_356' title='bbox 1163 1804 1318 1836; x_wconf 81' lang='lat' dir='ltr'>Ceterum</span> <span class='ocrx_word' id='word_1_357' title='bbox 1351 1816 1381 1836; x_wconf 74' lang='lat' dir='ltr'>v,</span> <span class='ocrx_word' id='word_1_358' title='bbox 1406 1804 1452 1834; x_wconf 79' lang='lat'>21</span> <span class='ocrx_word' id='word_1_359' title='bbox 1488 1815 1599 1834; x_wconf 87' lang='lat' dir='ltr'>omnes</span> <span class='ocrx_word' id='word_1_360' title='bbox 1632 1804 1759 1836; x_wconf 81' lang='lat' dir='ltr'>codices</span> <span class='ocrx_word' id='word_1_361' title='bbox 1784 1806 1896 1848; x_wconf 82' lang='lat' dir='ltr'>legunt</span> <span class='ocrx_word' id='word_1_362' title='bbox 1922 1807 2113 1853; x_wconf 62' lang='grc' dir='ltr'><em>προς-λαμ-</em></span> 
     </span>
     <span class='ocr_line' id='line_1_56' title="bbox 1161 1863 2114 1911; baseline 0 -9"><span class='ocrx_word' id='word_1_363' title='bbox 1161 1863 1391 1911; x_wconf 65' lang='grc' dir='ltr'><em>βανόμεναι,</em></span> <span class='ocrx_word' id='word_1_364' title='bbox 1431 1878 1497 1898; x_wconf 86' lang='lat' dir='ltr'>non</span> <span class='ocrx_word' id='word_1_365' title='bbox 1531 1867 1659 1911; x_wconf 87' lang='lat' dir='ltr'>quidem</span> <span class='ocrx_word' id='word_1_366' title='bbox 1694 1869 1792 1911; x_wconf 80' lang='lat' dir='ltr'>male,</span> <span class='ocrx_word' id='word_1_367' title='bbox 1830 1870 1977 1901; x_wconf 82' lang='lat' dir='ltr'>usitatius</span> <span class='ocrx_word' id='word_1_368' title='bbox 2008 1877 2114 1903; x_wconf 78' lang='lat' dir='ltr'>tamen</span> 
     </span>
     <span class='ocr_line' id='line_1_57' title="bbox 1165 1925 2114 1976; baseline 0.003 -15"><span class='ocrx_word' id='word_1_369' title='bbox 1165 1934 1251 1961; x_wconf 77' lang='lat' dir='ltr'>esset</span> <span class='ocrx_word' id='word_1_370' title='bbox 1284 1925 1680 1974; x_wconf 73' lang='grc' dir='ltr'><em>προῦλαμβανόμενοι.</em></span> <span class='ocrx_word' id='word_1_371' title='bbox 1724 1930 1793 1963; x_wconf 77' lang='lat' dir='ltr'>Nee</span> <span class='ocrx_word' id='word_1_372' title='bbox 1832 1932 1905 1963; x_wconf 83' lang='lat' dir='ltr'>huie</span> <span class='ocrx_word' id='word_1_373' title='bbox 1941 1932 2114 1976; x_wconf 83' lang='lat' dir='ltr'>scripturae</span> 
     </span>
     <span class='ocr_line' id='line_1_58' title="bbox 1166 1991 2112 2040; baseline 0.004 -16"><span class='ocrx_word' id='word_1_374' title='bbox 1166 1991 1352 2024; x_wconf 79' lang='lat' dir='ltr'>adversatur</span> <span class='ocrx_word' id='word_1_375' title='bbox 1399 1992 1588 2024; x_wconf 77' lang='lat' dir='ltr'>vocabulum</span> <span class='ocrx_word' id='word_1_376' title='bbox 1628 1994 1768 2033; x_wconf 74' lang='lat' dir='ltr'>mediae,</span> <span class='ocrx_word' id='word_1_377' title='bbox 1817 1995 1904 2038; x_wconf 88' lang='lat' dir='ltr'>quod</span> <span class='ocrx_word' id='word_1_378' title='bbox 1942 1996 2112 2040; x_wconf 60' lang='lat' dir='ltr'>praeeedit</span> 
     </span>
     <span class='ocr_line' id='line_1_59' title="bbox 1167 2053 2114 2102; baseline 0.006 -19"><span class='ocrx_word' id='word_1_379' title='bbox 1167 2053 1296 2097; x_wconf 74' lang='lat' dir='ltr'>Quippe</span> <span class='ocrx_word' id='word_1_380' title='bbox 1316 2053 1398 2084; x_wconf 85' lang='lat' dir='ltr'>iuter</span> <span class='ocrx_word' id='word_1_381' title='bbox 1416 2054 1553 2085; x_wconf 81' lang='lat' dir='ltr'>chordas</span> <span class='ocrx_word' id='word_1_382' title='bbox 1579 2055 1617 2086; x_wconf 86' lang='lat' dir='ltr'>ab</span> <span class='ocrx_word' id='word_1_383' title='bbox 1637 2055 1784 2086; x_wconf 86' lang='lat' dir='ltr'>omnihus</span> <span class='ocrx_word' id='word_1_384' title='bbox 1809 2054 1905 2102; x_wconf 78' lang='grc' dir='ltr'><em>μέση</em></span> <span class='ocrx_word' id='word_1_385' title='bbox 1934 2064 2114 2089; x_wconf 86' lang='lat' dir='ltr'>numeratur</span> 
     </span>
     <span class='ocr_line' id='line_1_60' title="bbox 1165 2112 2114 2162; baseline 0.003 -16"><span class='ocrx_word' id='word_1_386' title='bbox 1165 2115 1317 2148; x_wconf 77' lang='lat' dir='ltr'>feminino</span> <span class='ocrx_word' id='word_1_387' title='bbox 1335 2127 1450 2156; x_wconf 83' lang='lat' dir='ltr'>genere</span> <span class='ocrx_word' id='word_1_388' title='bbox 1474 2121 1507 2147; x_wconf 89' lang='lat' dir='ltr'>et</span> <span class='ocrx_word' id='word_1_389' title='bbox 1522 2112 1915 2162; x_wconf 73' lang='grc' dir='ltr'>προςλαμβανόμενος</span> <span class='ocrx_word' id='word_1_390' title='bbox 1929 2119 2114 2152; x_wconf 76' lang='lat' dir='ltr'>masculino,</span> 
     </span>
     <span class='ocr_line' id='line_1_61' title="bbox 1165 2178 2113 2225; baseline 0.001 -13"><span class='ocrx_word' id='word_1_391' title='bbox 1165 2178 1267 2212; x_wconf 87' lang='lat' dir='ltr'>Solus</span> <span class='ocrx_word' id='word_1_392' title='bbox 1310 2178 1494 2222; x_wconf 62' lang='lat' dir='ltr'>Bryennius</span> <span class='ocrx_word' id='word_1_393' title='bbox 1530 2179 1724 2211; x_wconf 84' lang='lat' dir='ltr'>musicorum</span> <span class='ocrx_word' id='word_1_394' title='bbox 1760 2181 1947 2225; x_wconf 86' lang='lat' dir='ltr'>scriptorum</span> <span class='ocrx_word' id='word_1_395' title='bbox 1983 2182 2113 2213; x_wconf 83' lang='lat' dir='ltr'>ultimus</span> 
     </span>
     <span class='ocr_line' id='line_1_62' title="bbox 1165 2241 2112 2290; baseline 0.004 -17"><span class='ocrx_word' id='word_1_396' title='bbox 1165 2243 1350 2286; x_wconf 78' lang='lat' dir='ltr'>frequenter</span> <span class='ocrx_word' id='word_1_397' title='bbox 1375 2241 1527 2274; x_wconf 84' lang='lat' dir='ltr'>feminino</span> <span class='ocrx_word' id='word_1_398' title='bbox 1550 2254 1667 2285; x_wconf 79' lang='lat' dir='ltr'>genere</span> <span class='ocrx_word' id='word_1_399' title='bbox 1694 2243 1803 2275; x_wconf 82' lang='lat' dir='ltr'>scribit</span> <span class='ocrx_word' id='word_1_400' title='bbox 1825 2244 2112 2290; x_wconf 68' lang='grc' dir='ltr'><em>προς-λαμβανο-</em></span> 
     </span>
     <span class='ocr_line' id='line_1_63' title="bbox 1170 2304 1432 2351; baseline 0.015 -18"><span class='ocrx_word' id='word_1_401' title='bbox 1170 2304 1278 2351; x_wconf 66' lang='grc' dir='ltr'><strong><em>μένη.</em></strong></span> <span class='ocrx_word' id='word_1_402' title='bbox 1291 2306 1432 2338; x_wconf 71' lang='lat' dir='ltr'>Mnmou.</span> 
     </span>
    </p>

    <p class='ocr_par' dir='ltr' id='par_1_16' title="bbox 1243 2367 1806 2414">
     <span class='ocr_line' id='line_1_64' title="bbox 1243 2367 1806 2414; baseline 0.009 -15"><span class='ocrx_word' id='word_1_403' title='bbox 1243 2367 1414 2413; x_wconf 76' lang='lat' dir='ltr'>posterius]</span> <span class='ocrx_word' id='word_1_404' title='bbox 1441 2369 1527 2402; x_wconf 80' lang='lat' dir='ltr'>Vide</span> <span class='ocrx_word' id='word_1_405' title='bbox 1546 2369 1628 2402; x_wconf 80' lang='lat' dir='ltr'>infra</span> <span class='ocrx_word' id='word_1_406' title='bbox 1652 2368 1694 2414; x_wconf 61' lang='grc' dir='ltr'>(ἓ.</span> <span class='ocrx_word' id='word_1_407' title='bbox 1709 2370 1806 2414; x_wconf 74' lang='grc'>935).</span> 
     </span>
    </p>

    <p class='ocr_par' dir='ltr' id='par_1_17' title="bbox 1246 2431 2116 2478">
     <span class='ocr_line' id='line_1_65' title="bbox 1246 2431 2116 2478; baseline 0.006 -16"><span class='ocrx_word' id='word_1_408' title='bbox 1246 2433 1349 2475; x_wconf 80' lang='lat' dir='ltr'>primo</span> <span class='ocrx_word' id='word_1_409' title='bbox 1366 2431 1464 2477; x_wconf 78' lang='lat' dir='ltr'>dicta]</span> <span class='ocrx_word' id='word_1_410' title='bbox 1482 2432 1553 2465; x_wconf 84' lang='lat' dir='ltr'>Alii</span> <span class='ocrx_word' id='word_1_411' title='bbox 1574 2438 1654 2465; x_wconf 88' lang='lat' dir='ltr'>teste</span> <span class='ocrx_word' id='word_1_412' title='bbox 1667 2433 1700 2465; x_wconf 91' lang='lat' dir='ltr'>in</span> <span class='ocrx_word' id='word_1_413' title='bbox 1717 2433 1855 2475; x_wconf 81' lang='lat' dir='ltr'>margine</span> <span class='ocrx_word' id='word_1_414' title='bbox 1874 2432 1989 2466; x_wconf 84' lang='lat' dir='ltr'>Grotio</span> <span class='ocrx_word' id='word_1_415' title='bbox 2000 2436 2116 2478; x_wconf 60' lang='lat' dir='ltr'>primm,</span> 
     </span>
    </p>
   </div>
   <div class='ocr_carea' id='block_1_14' title="bbox 1175 2494 2117 2589">
    <p class='ocr_par' dir='ltr' id='par_1_18' title="bbox 1175 2494 2117 2589">
     <span class='ocr_line' id='line_1_66' title="bbox 1176 2494 2117 2542; baseline 0.004 -16"><span class='ocrx_word' id='word_1_416' title='bbox 1176 2494 1228 2526; x_wconf 81' lang='lat' dir='ltr'>alii</span> <span class='ocrx_word' id='word_1_417' title='bbox 1247 2497 1406 2539; x_wconf 76' lang='lat' dir='ltr'>primum3</span> <span class='ocrx_word' id='word_1_418' title='bbox 1445 2496 1503 2528; x_wconf 82' lang='lat' dir='ltr'>sed</span> <span class='ocrx_word' id='word_1_419' title='bbox 1537 2497 1600 2530; x_wconf 88' lang='lat' dir='ltr'>hoe</span> <span class='ocrx_word' id='word_1_420' title='bbox 1625 2496 1659 2528; x_wconf 90' lang='lat' dir='ltr'>in</span> <span class='ocrx_word' id='word_1_421' title='bbox 1683 2508 1744 2528; x_wconf 82' lang='lat' dir='ltr'>usu</span> <span class='ocrx_word' id='word_1_422' title='bbox 1767 2508 1808 2529; x_wconf 87' lang='lat' dir='ltr'>ne</span> <span class='ocrx_word' id='word_1_423' title='bbox 1839 2502 1963 2529; x_wconf 73' lang='lat' dir='ltr'>veteres</span> <span class='ocrx_word' id='word_1_424' title='bbox 1989 2498 2117 2542; x_wconf 84' lang='lat' dir='ltr'>quidem</span> 
     </span>
     <span class='ocr_line' id='line_1_67' title="bbox 1175 2556 1482 2589; baseline 0.003 -2"><span class='ocrx_word' id='word_1_425' title='bbox 1175 2556 1237 2588; x_wconf 79' lang='lat' dir='ltr'>sibi</span> <span class='ocrx_word' id='word_1_426' title='bbox 1260 2556 1482 2589; x_wconf 83' lang='lat' dir='ltr'>constiterunt.</span> 
     </span>
    </p>
   </div>
   <div class='ocr_carea' id='block_1_15' title="bbox 1630 2617 1724 2651">
    <p class='ocr_par' dir='ltr' id='par_1_19' title="bbox 1630 2617 1724 2651">
     <span class='ocr_line' id='line_1_68' title="bbox 1630 2617 1724 2651; baseline -0.011 0"><span class='ocrx_word' id='word_1_427' title='bbox 1630 2617 1724 2651; x_wconf 75' lang='lat'>92*</span> 
     </span>
    </p>
   </div>
  </div>
 </body>
</html>
