2310 2860
660 135 860 178 Martiani
893 134 1091 192 Capellae
1123 133 1193 176 lib.
1220 137 1316 178 VII.
1357 138 1388 188 §.
1420 135 1515 178 778.
1981 139 2070 180 619

107 257 152 284 se
190 242 449 298 compositus
490 251 571 294 est,
628 257 830 284 mensura
877 243 1046 283 alterius
1076 257 1178 284 cum
1212 243 1342 284 altero
1373 258 1455 283 non
1488 244 1769 299 componitur.
1829 244 1920 284 Sint
1955 258 2064 298 qua-

106 330 204 362 tuor
234 331 274 362 et
304 337 483 374 nove1n3
531 314 683 378 hsper
712 338 756 363 se
788 323 1006 378 compositi
1036 333 1152 375 sunt,
1187 324 1294 365 inter
1323 339 1367 364 se
1401 324 1663 380 incompositi
1694 335 1809 377 sunt3
1861 341 2063 369 mensura

109 411 252 443 autem
279 413 464 457 quatuor
494 402 537 443 in
560 403 753 454 duobus,
790 418 946 444 novem
977 405 1018 444 in
1050 403 1185 445 tribus
1217 414 1295 456 est,
1336 419 1475 459 neque
1506 405 1592 446 duo
1625 421 1726 447 vcro
1761 422 1860 448 cum
1891 421 2063 459 novem,

105 497 249 537 neque
282 492 365 524 tres
402 497 503 524 cum
539 493 725 538 quatuor
763 494 1093 540 componuntur.
1147 486 1201 526 At
1230 486 1262 525 si
1295 486 1375 526 sint
1407 486 1602 540 quinque
1637 497 1675 527 et
1713 498 1920 541 quatuor,
1959 490 2063 532 alter

106 577 184 617 per
222 578 265 604 se
302 564 625 620 incompositus,
678 579 922 606 mensuram
961 564 1183 619 quaternio
1220 564 1349 605 habet
1387 566 1429 606 in
1468 566 1658 619 ‹luobus3
1718 568 1804 608 duo
1849 580 1991 610 autem
2023 580 2064 611 et

107 647 302 701 quinque
332 663 416 688 non
448 658 777 704 componuntur.
837 647 879 688 Si
909 647 996 688 duo
1028 647 1197 687 numeri
1229 647 1336 688 inter
1366 662 1409 688 se
1441 648 1704 704 incompositi
1736 660 1850 701 sunt,
1890 661 1929 691 et
1962 652 2064 692 alter

107 741 160 768 ex
199 726 264 767 his
297 743 346 772 ,se
382 729 522 784 ipsum
566 729 930 784 multiplicaverit,
970 728 1002 768 is
1044 729 1118 782 qui
1159 728 1217 768 sic
1260 729 1432 770 effectus
1470 740 1529 770 est
1569 745 1665 771 cum
1700 732 1840 786 priore
1874 732 1947 772 illo
1979 745 2063 771 non

108 809 389 865 componitur.
460 810 549 851 Sint
587 819 669 851 tres
701 820 740 851 et
777 819 987 865 quatuor3
1027 810 1072 850 hi
1111 810 1217 851 inter
1254 825 1298 851 se
1337 811 1603 866 incompositi
1639 821 1756 862 sunt3
1809 812 1898 851 sive
1929 811 2063 852 ternio

106 902 150 928 se
195 889 506 945 multiplicarit,
559 905 714 931 novem
748 900 788 932 et
819 896 1027 945 quatuor,
1072 890 1162 932 sive
1192 891 1416 944 quaternio
1451 891 1565 931 idem
1601 891 1765 942 fecerit,
1811 891 1994 932 sedecim
2027 900 2066 930 et

107 978 189 1010 tres
227 970 335 1011 inter
371 986 415 1011 se
453 971 717 1026 incompositi
758 981 894 1012 crunt.
960 971 1003 1012 Si
1042 971 1128 1011 (luo
1164 970 1335 1011 numeri
1374 971 1480 1011 inter
1511 986 1554 1011 se
1586 972 1851 1027 incompositi
1881 987 1925 1012 se
1955 971 2065 1026 ipsos

106 1050 448 1104 multiplicarint,
501 1052 576 1105 qui
618 1066 670 1092 ex
715 1051 778 1091 his
818 1050 918 1092 fient
969 1052 1075 1091 inter
1117 1065 1160 1090 se
1207 1052 1472 1106 incompositi
1518 1062 1663 1103 erunt3
1725 1062 1773 1093 ut
1821 1053 1853 1093 si
1893 1052 2064 1093 eosdem

105 1138 188 1169 tres
225 1129 294 1169 vel
338 1139 524 1183 quatuor
562 1130 866 1181 sumserimus,
913 1140 952 1171 et
983 1140 1166 1184 uterque
1197 1145 1240 1170 se
1271 1131 1584 1186 multiplicarit,
1629 1148 1786 1173 novem
1819 1147 1995 1188 quoque
2028 1142 2067 1172 ct

104 1208 288 1250 sedecim
321 1210 429 1250 inter
460 1224 503 1249 se
536 1209 802 1264 incompositi
839 1219 974 1250 erunt.
1035 1211 1078 1250 Si
1117 1210 1203 1251 duo
1242 1214 1414 1253 numeri
1448 1213 1555 1253 inter
1586 1228 1630 1253 se
1660 1214 1926 1268 incompositi
1958 1223 2068 1262 sunt,

108 1300 148 1331 et
179 1291 282 1331 alter
315 1306 368 1331 ex
392 1291 456 1330 his
487 1305 530 1330 50
562 1290 878 1345 multiplicabit,
911 1289 1173 1344 effectusque
1195 1291 1251 1331 sic
1278 1306 1487 1332 numerus
1513 1307 1661 1333 rursus
1687 1293 1774 1348 ipse
1797 1308 1840 1333 se
1863 1292 2069 1347 multipli—

109 1373 241 1424 cabit,
277 1372 351 1426 qui
378 1372 435 1411 sic
471 1371 643 1411 effectus
677 1380 736 1411 est
766 1386 975 1411 numerus
1010 1386 1110 1412 cum
1144 1372 1273 1412 altero
1304 1373 1375 1412 illo
1405 1388 1490 1413 non
1523 1375 1804 1429 componitur.
1862 1375 1951 1414 Sint
1981 1374 2066 1414 duo

108 1464 148 1495 et
168 1464 271 1506 tres;
304 1453 500 1494 uterlibet
524 1467 732 1494 numerus
751 1467 793 1492 sc
813 1452 1075 1508 multiplicet,
1097 1452 1204 1494 fiunt
1227 1453 1288 1493 bis
1312 1453 1409 1493 bina
1436 1463 1633 1507 quatuor,
1656 1463 1717 1494 ter
1745 1463 1864 1495 terna
1886 1468 2065 1505 novem3

106 1550 257 1577 rursus
296 1536 373 1576 hos
411 1549 614 1576 numeros
653 1533 782 1575 iidem
826 1534 1125 1590 multiplicent,
1177 1535 1276 1577 fient
1306 1536 1369 1576 bis
1400 1546 1608 1590 quaterna
1641 1546 1753 1588 octo,
1807 1546 1869 1577 ter
1908 1550 2065 1578 novem

111 1616 252 1670 viginti
277 1625 462 1671 septem3
493 1624 720 1656 sumantur
748 1630 863 1656 nunc
891 1615 978 1656 duo
1005 1625 1044 1656 et
1069 1616 1213 1672 viginti
1242 1627 1425 1673 septem,
1458 1618 1526 1658 vel
1549 1618 1635 1658 duo
1661 1628 1700 1658 ct
1719 1634 1900 1668 novem,
1932 1632 2066 1672 aequo

108 1698 214 1738 inter
248 1713 292 1738 sc
322 1697 587 1752 incompositi
613 1706 721 1738 sunt.
781 1697 824 1738 Si
854 1696 941 1742 duo
967 1698 1138 1739 numeri
1168 1698 1276 1738 inter
1306 1713 1350 1738 se
1380 1698 1646 1753 incompositi
1669 1709 1786 1750 sunt,
1825 1709 1864 1739 et
1888 1709 2068 1753 uterquc

107 1796 150 1822 se
175 1780 541 1835 multiplicaverit,
573 1779 725 1820 deinde
747 1779 946 1820 effectum
968 1795 1021 1820 ex
1050 1795 1093 1820 se
1120 1793 1270 1821 rursus
1295 1779 1662 1834 multiplicaverit,
1693 1780 1739 1820 hi
1764 1794 1960 1835 quoque,
1993 1781 2066 1835 qui

110 1859 168 1899 sic
199 1858 333 1899 effecti
365 1868 484 1908 sunt,
519 1867 566 1898 ut
593 1858 634 1898 in
663 1858 727 1898 his
759 1859 859 1913 ipsis
890 1859 966 1912 qui
995 1874 1126 1914 supra
1158 1859 1276 1914 positi
1314 1868 1423 1899 sunt.
1463 1859 1578 1900 Nam
1604 1875 1656 1900 ex
1678 1859 1848 1900 duobus
1871 1869 1984 1911 octo,
2016 1875 2067 1900 cx

111 1939 245 1981 tribus
280 1938 422 1993 viginti
452 1947 610 1993 septem
636 1938 694 1978 sic
724 1937 822 1978 facti
852 1938 960 1979 inter
990 1954 1033 1979 se
1065 1955 1148 1980 non
1180 1950 1510 1995 componuntur.
1572 1941 1615 1981 Si
1647 1940 1734 1981 duo
1764 1941 1937 1982 numeri
1960 1943 2066 1982 inter

186 2063 421 2109 incompositis]
450 2065 524 2096 Hoc
549 2065 676 2096 codices
703 2076 813 2096 omnes
834 2069 867 2096 et
888 2065 1064 2098 anteriores
1114 2067 1285 2098 terioribus
1309 2067 1502 2100 editionibus
1521 2068 1566 2100 sie
1582 2068 1650 2111 jam
1665 2069 1846 2111 legebatur,
1873 2081 1930 2102 eur
1953 2069 2066 2101 malam

110 2131 229 2163 liabent
254 2129 429 2169 editiones,
466 2140 524 2172 pro
550 2139 614 2172 qno
640 2128 775 2160 Grotius
802 2128 924 2173 primus
948 2130 1063 2161 substi-
1114 2129 1184 2173 ipse
1217 2128 1352 2161 Grotius
1382 2130 1547 2163 substituit
1579 2131 1774 2167 lectionem?
1818 2132 1922 2163 Paulo
1950 2138 2023 2175 post
2049 2144 2064 2162 1·

111 2195 171 2226 tuit
190 2195 381 2237 compositis,
406 2199 516 2225 eontra
538 2193 588 2223 sui
609 2192 703 2224 etiam
723 2193 841 2225 codicis
859 2194 963 2226 fidem.
981 2194 1064 2226 Cau-
1114 2191 1365 2223 Darmstattensi
1407 2193 1516 2224 codice
1551 2193 1681 2237 reposui
1717 2195 1975 2237 multiplicaverit
2007 2205 2064 2237 pro

114 2267 197 2295 sam,
222 2255 284 2286 nisi
305 2267 426 2286 summa
454 2255 647 2297 negligentia
667 2255 777 2296 fuerit,
801 2255 994 2297 ignoramus.
1117 2256 1350 2298 multiplicabit.

185 2318 215 2347 si
237 2315 318 2360 dno]
352 2317 495 2348 Duorum
526 2319 686 2349 lioruncee
720 2317 894 2361 primorum
924 2317 1065 2361 aphoris—
1191 2315 1300 2361 iidem]
1326 2317 1365 2347 ln
1393 2316 1486 2348 editis
1517 2323 1585 2349 erat
1615 2318 1716 2356 idem,
1741 2329 1855 2361 nempe
1884 2317 1901 2348 Ῑ
1931 2318 2067 2362 simplici

114 2389 254 2417 morum,
277 2382 313 2408 ut
335 2377 378 2408 ita
399 2377 529 2421 loquar,
555 2379 709 2423 principia
726 2379 799 2413 MS.
818 2379 1005 2412 auctoritate
1023 2379 1066 2410 ita
1118 2391 1176 2424 pro
1199 2380 1334 2424 duplici,
1365 2386 1402 2412 ut
1427 2393 1522 2425 saepe
1549 2382 1589 2425 (v.
1614 2380 1643 2425 ἓ.
1663 2382 1721 2413 95.
1742 2382 1824 2413 295.
1851 2382 1932 2413 723.
1971 2382 2067 2424 787).

115 2446 190 2471 sunt
213 2439 436 2479 construendi,
462 2446 497 2471 ut
517 2440 552 2471 in
574 2442 730 2486 principio
755 2455 814 2487 pro
835 2444 998 2486 compositi
1019 2443 1065 2473 in-
1117 2443 1259 2485 Moxque
1271 2442 1553 2485 eUReichenauensi
1562 2441 1670 2475 codice
1683 2442 1900 2486 reposuisz'ent
1910 2455 1968 2487 pro
1974 2444 2067 2486 fiunt.

115 2504 278 2545 compositi
305 2502 445 2543 legatum
484 2501 580 2545 idque
608 2515 721 2536 sensus
747 2505 876 2547 flagitat.
898 2505 1002 2537 Gnor.
1019 2522 1065 2526 —
1192 2505 1289 2547 positi
1303 2503 1400 2550 sunt]
1427 2505 1513 2538 Vide
1535 2517 1575 2536 ue
1595 2516 1654 2548 per
1677 2504 1959 2538 homoeoteleuton
1985 2507 2069 2539 exei-

116 2564 236 2605 Recte3
259 2564 380 2596 accedit
400 2569 431 2595 et
446 2563 718 2598 Reichenauensis
735 2567 845 2599 codex.
873 2567 940 2600 Sed
966 2566 997 2598 in
1015 2578 1067 2598 an-
1121 2565 1202 2598 derit
1226 2567 1311 2600 inter
1331 2578 1366 2601 se
1388 2568 1588 2611 incompositi
1609 2571 1695 2597 sunt.

1593 2628 1639 2659 78
1654 2622 1677 2650 ’⁸‘

2102 1210 2186 1250 779
