2310 2860
222 189 308 232 126

817 185 1018 229 Martiani
1054 184 1255 242 Capellae
1292 185 1364 227 lib.
1398 184 1432 226 I.
1471 187 1502 237 ᾗ.
1526 185 1592 228 87.

221 297 348 338 etiam
383 294 560 336 claudus
601 293 722 336 faber
755 295 890 336 venit:
921 293 997 349 qui
1034 293 1130 334 licet
1169 291 1416 334 crederetur
1455 305 1542 332 esse
1579 290 1815 345 Junonius,
1868 293 1995 335 totius
2025 291 2180 335 mundi

221 456 431 498 contrario
469 470 640 512 semper
677 455 902 497 fluibunda
939 455 1070 505 luxu,
1110 454 1279 495 levitate
1319 454 1469 509 pernix
1501 453 1730 497 desultoria
1758 457 1970 512 gestiebat.

293 549 503 597 alumnaque]
527 550 689 595 Orplnieus
710 552 828 595 (hymn.
843 552 903 590 59,
923 551 957 590 2,
974 549 1012 594 5)
1029 544 1175 593 »Σεμνὴ

218 609 400 659 Δήμητερ
417 633 464 639 —-
475 609 783 659 πλουτοδότειρα
802 631 849 636 —
864 609 1176 656 παντοόὀτειρα.«

218 675 264 707 Et
289 675 373 720 apud
395 675 575 706 Diodorum
607 675 660 719 (l,
698 674 756 720 12)
796 674 924 706 dieitur:
954 672 1026 718 »Γῆ
1055 671 1175 718 μῆτερ

218 736 380 773 πάντων
413 735 593 786 Δήμητερ
627 734 967 784 πλουτοδότειρα.κ
1032 737 1176 769 Alumna

218 802 302 834 enim
335 814 400 833 non
426 802 530 832 solum
551 814 632 845 quae
657 801 766 841 alitur,
799 800 856 831 sed
883 800 976 831 etiam
1004 811 1086 843 quae
1109 798 1175 838 alit,

219 870 277 895 est.
314 863 364 894 Ita
386 863 510 894 ltaliam
534 869 707 894 »terrarum
739 863 917 893 alumnam«
946 861 1022 892 dieit
1048 859 1175 891 Plinius

219 925 273 967 (5,
298 926 332 958 5.
356 925 452 957 Confi
470 929 502 956 ct
525 925 611 955 viro's
637 925 720 956 doct.
743 924 782 956 ad
803 923 959 968 Appulej.
978 922 1020 954 Π.
1044 934 1075 966 p.
1091 921 1175 954 446.

217 988 275 1020 ΠΙ.
301 1001 331 1032 p.
356 989 440 1019 425.
465 988 576 1031 oud).

293 1050 473 1096 Junonius]
502 1051 777 1095 Guelferbytanus
804 1050 933 1094 quidem
961 1049 1064 1082 codex
1092 1054 1176 1080 teste

219 1113 332 1145 Cortio
355 1114 535 1145 »Junonis«
555 1113 660 1145 hahet.
687 1112 757 1145 Sed
774 1113 889 1144 melius
905 1112 984 1143 dixit
998 1111 1176 1144 Martianus

217 1175 412 1215 Junonium,
445 1175 593 1207 videlieet
622 1175 754 1207 Junone
787 1180 888 1206 matre
922 1180 1041 1206 natum.
1083 1173 1177 1205 Unde

218 1238 337 1270 ovidio
357 1237 445 1282 (met.
464 1239 504 1277 4,
535 1238 621 1282 175)
645 1250 774 1282 quoque
797 1237 966 1270 Vulcanus
991 1236 1079 1268 audit
1100 1236 1177 1268 »Ju-

218 1301 353 1334 nonius«
385 1301 484 1344 (conf.
507 1301 643 1333 Hesiod.
668 1303 775 1343 theog.
800 1302 883 1333 927.
905 1300 1038 1332 Lucian.
1064 1301 1102 1332 de
1130 1312 1178 1331 sa-

217 1363 286 1399 cris.
310 1375 342 1407 p.
361 1363 409 1395 72
431 1363 504 1407 Bip.
527 1362 646 1406 Hygia.
670 1363 733 1394 fab.
758 1374 806 1406 pr.
828 1375 859 1406 p.
885 1363 908 1394 9
932 1362 1087 1404 Munck)

293 1424 488 1470 demoratur]
515 1424 555 1456 Id
579 1430 628 1456 est
646 1429 790 1455 retentor
811 1429 844 1455 et
865 1423 996 1465 ligator,
1028 1423 1094 1454 sive
1115 1422 1179 1454 for-

218 1494 322 1521 mator
343 1488 442 1520 totius
465 1488 584 1520 mundi.
601 1486 719 1520 Gross.
740 1487 824 1531 (cod.
841 1488 1027 1520 Monacens.
1051 1486 1114 1529 Β.).
1129 1505 1179 1511 -

217 1551 308 1586 Nihil
328 1552 415 1584 euim
434 1552 467 1584 iu
488 1563 595 1584 rerum
612 1557 725 1583 natura
743 1551 812 1582 sine
829 1550 903 1592 igne
925 1555 1060 1582 constat.
1086 1549 1181 1581 Unde

219 1622 252 1648 et
282 1616 468 1648 Heraclitus
501 1628 542 1647 ex
575 1617 650 1657 igne
681 1620 830 1647 constare
865 1613 971 1645 omnia
1007 1613 1182 1644 asserebat.

219 1677 380 1709 'Vt‘Lc-—
397 1677 485 1718 Lege
504 1676 684 1707 devorator.
709 1676 832 1707 Rerum
851 1675 935 1706 enim
957 1680 1062 1705 ortum
1084 1679 1117 1705 et
1133 1674 1180 1704 in-

220 1741 349 1772 teritum
373 1740 414 1771 ad
438 1739 544 1781 ignem
571 1738 730 1771 referebat
760 1738 962 1778 Heraclitus,
996 1737 1082 1769 unde
1108 1749 1180 1768 eum

221 1802 301 1834 insi-a
325 1802 436 1834 ardere
465 1801 565 1843 fingit.
607 1801 760 1833 Inter-itus
787 1800 931 1832 meminit
959 1800 1085 1831 divinus
1106 1799 1180 1831 Ari-

221 1867 365 1906 stoteles,
383 1867 695 1910 physo.acroaiuatum
713 1864 768 1895 lib.
785 1864 832 1895 II:
847 1845 975 1909 ὦςὲτερ
990 1860 1179 1909 Ἡράκλει·

221 1925 289 1968 τὸς
319 1930 439 1974 φησιν
466 1923 624 1962 ἅπαντα
651 1924 835 1972 γίνεσθαί
865 1935 962 1960 ποτε
998 1924 1087 1971 πῦρ.
1129 1926 1180 1956 De

221 1997 293 2023 ortu
319 1990 421 2022 innuit
436 1990 553 2028 Varro,
580 1988 635 2020 ubi
659 1988 766 2030 ignem
786 1988 825 2019 ab
844 1988 1025 2029 ingenendo
1049 1987 1180 2018 derivat.

220 2051 400 2095 Utrumque
421 2052 520 2083 refert
541 2050 657 2084 Cicero
678 2050 733 2082 lib.
750 2049 810 2082 111.
828 2049 868 2081 de
892 2056 956 2081 nat.
974 2050 1061 2082 deor.
1075 2049 1180 2082 Gnor.

222 2134 270 2139 —
295 2114 525 2152 Democrator,
559 2113 604 2144 ita
623 2112 698 2154 lego
720 2123 779 2156 pro
803 2112 983 2144 demon-ator
1004 2111 1056 2144 vel
1087 2112 1180 2143 devo-

222 2184 329 2217 rator,
358 2177 445 2221 quod
465 2176 602 2208 malebat
626 2175 760 2208 Grotius
778 2181 846 2207 tum
868 2174 1039 2207 admodum
1056 2176 1179 2207 adoles-

221 2253 310 2274 cens.
335 2241 417 2273 Nam
437 2241 612 2274 Cleanthes
635 2239 719 2283 apud
737 2239 930 2273 Ciceronem
948 2240 1007 2273 IV.
1024 2241 1071 2272 41
1093 2239 1180 2273 acad.

223 2310 346 2350 quaest.
360 2303 472 2336 Solem
487 2303 566 2335 dixit
582 2303 738 2336 dominari
757 2309 791 2336 et
807 2316 913 2337 rerum
932 2304 1180 2348 potiri.FA1³nm.

223 2368 313 2411 (bibl.
337 2367 394 2401 Gr.
418 2367 444 2399 1.
474 2380 507 2411 p.
533 2367 620 2411 802)
643 2386 691 2392 —
725 2367 869 2400 Goezius
895 2367 1011 2401 Grotio
1038 2368 1180 2413 adstipu-

225 2431 326 2470 latus,
345 2430 378 2462 in
399 2434 533 2470 textum,
552 2429 638 2473 quod
658 2429 750 2473 pejus
765 2436 843 2470 erat,
863 2430 984 2473 reecpit
1002 2431 1179 2463 devorator.

223 2494 379 2525 Poterant
397 2491 525 2535 quidem
542 2491 636 2522 alium
655 2491 803 2523 Martiani
825 2492 930 2524 locum
951 2491 992 2536 (ξ.
1017 2493 1103 2536 578)
1127 2493 1181 2524 uhi

234 2556 424 2586 *devorante
442 2553 639 2586 Mulcibero«
668 2553 800 2594 legitur,
828 2554 861 2584 in
881 2566 973 2584 usum
996 2566 1090 2586 suum
1109 2566 1182 2587 eon-

228 2621 349 2646 verlere
376 2626 477 2659 eoque
496 2615 711 2658 conjecturam
728 2615 815 2647 illam
832 2615 974 2658 firmare3
1002 2628 1061 2660 ego
1079 2623 1184 2650 tamen

134 379 191 420 88
222 378 274 420 ab
305 376 519 418 Heraclito
550 374 696 416 dictus
717 384 778 416 est
805 375 1064 416 demorator.
1107 374 1235 415 Tunc
1264 373 1391 414 etiam
1418 373 1615 414 omnium
1643 375 1815 429 garrula
1839 375 2110 431 puellarum,
2141 383 2182 416 et

2031 457 2180 507 Quam

1228 549 1387 580 assentior
1412 561 1451 581 eo
1478 549 1579 591 magis
1605 550 1732 592 glossae
1757 558 1790 583 et
1812 552 1989 594 vulcania,
2024 563 2088 596 quo
2114 563 2182 583 cer·

1227 609 1291 641 tius
1321 616 1518 655 compertum
1550 611 1671 653 habeo,
1701 611 1824 644 nullum
1853 625 1892 645 ex
1919 614 2066 646 omnibus
2095 613 2182 645 eodi-

1228 671 1317 704 cibus
1343 685 1361 704 a
1384 672 1509 715 vulgari
1527 672 1667 705 lectione
1690 673 1850 706 recedere.
1883 674 1995 718 Quid?
2021 673 2110 720 quod
2132 685 2182 706 se·

1225 735 1303 767 riori
1329 749 1407 769 aevo
1431 737 1596 769 demorare
1622 737 1771 769 dicebant
1792 748 1851 781 pro
1880 749 2011 783 reqere,
2036 738 2070 769 id
2096 736 2184 781 quod

1225 798 1324 829 verba
1344 799 1462 830 docent
1482 797 1624 830 chronici
1637 797 1860 830 Novalicensis
1875 797 1940 843 (ap.
1954 798 2084 843 Cang.):
2100 799 2184 831 »De-

1226 863 1365 893 morauit
1397 861 1554 893 abhatiam
1591 874 1680 895 suam
1713 862 1823 895 decem
1859 874 1960 894 annos
1993 874 2067 895 eum
2099 861 2186 895 omni

1227 923 1447 956 moderatione
1479 935 1607 967 aequm«
1667 923 1802 957 Grotius
1832 924 1962 969 quidem
1995 923 2186 957 Ciceronem

1224 985 1355 1029 laudat3
1385 987 1442 1019 sed
1463 999 1501 1019 eo
1527 987 1634 1032 potius
1655 988 1728 1021 loeo
1756 1000 1828 1020 eum
1854 988 1907 1033 (N.
1928 988 1972 1020 D.
1989 987 2030 1029 2,
2057 986 2118 1032 15)
2139 987 2186 1020 iu-

1227 1051 1351 1097 spicere
1380 1052 1532 1093 debehat,
1564 1063 1628 1096 quo
1661 1052 1828 1085 Cleanthis
1858 1052 1957 1084 verba
1986 1052 2186 1092 referuntur,

1229 1114 1348 1159 quippe
1379 1114 1434 1157 qui
1470 1114 1656 1146 distinxisse
1691 1113 1808 1146 dieitur
1836 1114 1939 1145 »inter
1970 1113 2094 1156 ignem,
2130 1112 2187 1157 qui

1230 1178 1419 1210 adhibeatur
1439 1178 1480 1209 ad
1503 1189 1597 1208 usum
1617 1183 1714 1222 atque
1745 1178 1786 1209 ad
1808 1177 1942 1219 vietum,
1980 1182 2013 1208 et
2037 1188 2110 1208 enm
2131 1175 2188 1220 qui

1230 1241 1418 1285 corporibus
1447 1241 1654 1273 animanfium
1680 1241 1909 1274 continentum«
1962 1240 2058 1272 Illum
2095 1251 2186 1272 »eon-

1230 1309 1404 1336 sumtorein
1438 1303 1595 1335 omnium·-
1629 1315 1701 1337 esse
1741 1303 1922 1335 contendit:
1957 1303 2043 1333 hunc
2077 1308 2189 1333 contra

1237 1365 1386 1397 »vitalem
1405 1370 1438 1396 et
1460 1365 1632 1396 salutarem
1653 1364 1758 1395 omnia
1780 1374 1982 1403 conservare,
2010 1363 2106 1402 alere,
2133 1374 2189 1394 au·

1232 1437 1325 1467 gere,
1365 1431 1397 1456 et
1422 1425 1618 1465 sustinereu3
1658 1424 1744 1455 unde
1771 1424 1950 1457 Martianus
1980 1436 2110 1468 quoque
2132 1424 2188 1467 ,Io-

1231 1491 1347 1521 vialem
1362 1488 1576 1529 Vulcanium,
1599 1493 1635 1519 ut
1656 1487 1793 1529 videtur,
1820 1488 1972 1533 opposuit
1991 1487 2039 1519 illi
2057 1489 2190 1520 Lemnio

1232 1557 1265 1583 et
1288 1551 1400 1594 fabrili
1424 1548 1468 1593 (§.
1485 1550 1561 1593 42).

1308 1608 1495 1654 desultoria]
1522 1609 1690 1641 Ausonius
1712 1608 1797 1641 enim
1817 1609 1930 1653 (epigr.
1951 1610 2052 1653 157)2

1287 1672 1334 1703 »F
1334 1678 1449 1703 ortana
1467 1683 1636 1718 nunquam
1656 1673 1742 1703 sistit
1762 1673 1797 1702 in
1818 1672 1927 1703 eodem
1953 1678 2061 1712 statu,-

1284 1734 1419 1779 Semper
1444 1741 1607 1775 movetur,
1633 1736 1760 1774 variat,
1784 1740 1816 1766 et
1845 1741 1949 1767 mutat
1972 1737 2085 1767 vices.«

1238 1799 1300 1830 »Et
1324 1799 1366 1830 ita
1391 1799 1512 1830 differt«
1535 1798 1619 1830 utin
1639 1798 1703 1829 vita
1726 1799 1928 1842 Pythagorae
1957 1799 2020 1842 (ap.
2036 1796 2191 1830 Photium

1232 1863 1302 1894 eod.
1332 1863 1417 1896 249.
1451 1874 1482 1905 p.
1508 1863 1604 1894 1518
1635 1860 1782 1905 Schott.)
1811 1862 1938 1903 legitur,
1979 1874 2014 1893 »a
2047 1862 2191 1893 Fortuna

1231 1924 1364 1966 Fatum,
1395 1925 1482 1969 quod
1513 1926 1575 1957 hoe
1604 1925 1685 1956 serie
1713 1925 1850 1969 quadam
1880 1931 1914 1957 et
1943 1925 2104 1968 ordinate,
2138 1925 2191 1957 fir·

1231 1999 1348 2031 moque
1373 1998 1547 2032 progressu
1573 1986 1625 2028 fit,
1658 1986 1692 2018 in
1716 1986 1860 2019 Fortuna
1897 1993 2004 2019 autem
2032 1987 2118 2019 inest
2141 1997 2189 2018 ar-

1231 2051 1353 2083 bitrarii
1374 2050 1495 2094 aliquid
1519 2050 1585 2094 (το
1609 2046 1832 2094 αὐτόματον
1856 2048 1921 2085 καὶ
1953 2047 1999 2085 τὸ
2027 2046 2083 2089 ὦς
2108 2050 2189 2085 ἔτυ-

1230 2112 1350 2158 χεν).«
1397 2110 1494 2143 Adde
1531 2111 1746 2155 Porphyrium
1780 2113 1835 2156 (in
1865 2112 1929 2144 vita
1963 2112 2058 2154 Pyth.
2083 2123 2128 2157 P’-
2140 2112 2186 2143 61

1231 2175 1347 2220 Rust.)
1377 2180 1410 2207 et
1440 2175 1618 2208 Maximum
1648 2175 1782 2219 Tyrium
1811 2175 1858 2217 (I.
1883 2186 1914 2217 p.
1942 2174 2019 2206 20⁰
2043 2173 2190 2218 Reisk.);

1230 2239 1375 2285 inprimis
1394 2244 1499 2270 autem
1513 2238 1710 2283 Appulejum
1730 2238 1784 2282 (de
1798 2238 1904 2279 dogm.
1923 2236 2052 2268 Platon.
2068 2249 2099 2281 p.
2115 2238 2190 2271 20ss

1231 2301 1346 2344 Oud.)=
1378 2300 1492 2332 »Plato
1526 2312 1586 2333 nee
1616 2311 1692 2331 sane
1719 2298 1825 2330 omnia
1848 2298 2015 2331 referenda
2047 2310 2120 2331 esse
2150 2299 2191 2332 ad

1229 2366 1294 2398 vim
1310 2364 1383 2397 Fati
1403 2370 1505 2408 putat,
1531 2364 1588 2396 sed
1611 2362 1731 2406 aliquid
1747 2362 1781 2394 in
1804 2362 1916 2404 nobis,
1938 2368 1972 2394 et
1993 2362 2028 2394 in
2047 2362 2191 2396 Fortuna

1231 2439 1302 2461 esse
1325 2438 1390 2458 non
1415 2425 1510 2457 nihil:
1533 2430 1565 2457 et
1588 2424 1750 2456 Fortunae
1777 2424 1907 2468 quidem
1923 2424 2120 2468 improvidos
2140 2435 2191 2457 ca-

1233 2501 1288 2523 sus
1307 2488 1447 2530 ignorari
1468 2499 1486 2518 a
1506 2486 1598 2518 nobis
1615 2487 1741 2518 fatetur.
1767 2485 1922 2520 Instabile
1938 2486 2023 2519 enim
2041 2486 2191 2531 quiddam

1235 2559 1267 2586 et
1280 2555 1450 2585 inmo-rens
1467 2550 1664 2583 intercedere
1680 2550 1795 2591 solere,
1819 2562 1901 2595 quae
1921 2550 2057 2583 consilio
2073 2549 2189 2581 fuerint

1236 2621 1269 2650 et
1294 2613 1502 2649 meditatione
1528 2618 1695 2658 suscepta,
1721 2612 1810 2657 quod
1827 2624 1892 2645 non
1909 2613 2062 2656 patiatur,
2088 2609 2186 2642 medi-
