2310 2860
671 158 871 200 Martiani
902 157 1104 215 Capellae
1134 158 1208 200 lib.
1237 158 1357 201 VIII.
1389 160 1419 210 ᾗ.
1449 158 1550 200 848.
2007 161 2099 203 665

133 267 213 308 hac
243 267 489 321 quaestione
519 267 739 318 submota,
779 267 860 308 alia
891 266 1085 307 subtilior
1117 265 1170 306 de
1200 266 1341 321 spatiis
1371 266 1610 322 imparibus
1641 266 1887 320 objectatur.
1940 267 2101 308 Dicunt

132 347 266 388 enim:
300 348 340 388 Si
366 348 500 403 spatia
529 348 748 403 signorum
780 347 977 402 aequalia
1009 348 1112 397 sint,
1152 356 1225 387 aut
1255 348 1325 388 Sol
1357 347 1541 388 tardiore
1572 363 1701 389 cursu
1733 349 1947 404 quaedam
1979 349 2097 404 signa

131 429 402 480 transcurrit,
460 439 531 470 aut
571 430 739 470 dierum
775 429 881 470 ratio
913 428 1155 469 diversitate
1187 429 1404 469 mentitur.
1466 428 1547 469 Sed
1580 439 1738 470 constat
1769 430 1910 470 Solem
1947 431 2097 472 Gemi-

130 525 286 551 norum
318 511 484 566 signum
519 511 684 565 triginta
717 520 756 550 et
785 510 955 550 duobus
988 509 1138 549 diebus
1170 523 1423 559 excurrere,
1456 510 1664 564 Sagittarii
1697 520 1839 550 autem
1873 511 2096 552 duodetri-

129 593 262 647 ginta,
303 592 536 646 ceterisque
571 591 695 646 signis
727 599 800 631 aut
832 589 954 643 adjici
987 599 1060 630 aut
1089 588 1255 630 detrahi
1288 589 1450 643 aliquas
1484 591 1717 645 portiones;
1759 592 1875 645 quod
1910 592 2100 647 profecto

131 688 215 713 non
249 672 387 724 fieret,
433 673 466 713 si
500 683 572 713 aut
603 673 671 713 Sol
705 671 872 726 aequali
905 686 1034 711 cursu
1066 671 1270 721 ferretur,
1319 681 1391 712 aut
1421 671 1537 726 signa
1568 673 1710 727 spatiis
1747 673 1919 728 paribus
1950 672 2099 714 tende-

129 764 298 806 rentur3
341 754 411 795 Sol
445 764 586 795 autem
620 753 769 794 eadem
801 767 849 793 ac
880 762 1087 808 perpetua
1119 752 1330 793 celeritate
1361 752 1547 804 festinat3
1582 751 1863 806 relinquitur,
1896 762 1942 792 ut
1972 753 2097 807 signis

127 835 362 890 spatiorum
399 835 631 890 aequalitas
666 834 911 889 denegetur.
971 833 1053 874 Sed
1092 833 1210 875 hunc
1253 847 1431 888 quoque
1463 846 1652 873 errorem
1696 847 1824 872 nemo
1855 832 2093 886 sapientum

127 914 201 955 sed
240 916 381 970 opinio
417 915 647 956 inveterata
692 916 948 971 composuit,
995 928 1128 969 quam
1168 928 1316 954 omnes
1356 912 1560 953 hactenus
1598 913 1839 963 credidere,
1884 912 2096 967 quemad-

126 996 306 1037 modum
344 998 421 1052 ipsi
455 998 616 1038 mundo
646 997 942 1053 sphaeraeque
974 1005 1213 1052 postremae
1245 1005 1418 1037 centron
1450 1011 1539 1036 esse
1569 1005 1752 1046 terram,
1792 996 1845 1035 ita
1878 1005 1917 1035 et
1946 995 2094 1035 solaris

126 1078 272 1119 circuli
305 1078 484 1119 eandem
517 1089 689 1120 centron
723 1095 833 1129 esse,
863 1078 980 1133 quod
1012 1079 1187 1119 omnino
1219 1078 1376 1120 falsum
1410 1093 1497 1118 esse
1527 1092 1611 1118 non
1643 1077 1826 1118 dubium
1861 1085 1934 1115 est.
1979 1075 2092 1115 Nam

123 1167 170 1200 ut
208 1158 376 1200 diversa
418 1160 551 1215 spatia
596 1169 693 1201 sunt
734 1161 920 1201 coelestis
971 1161 1155 1200 ambitus
1205 1160 1441 1214 eirculique
1483 1159 1696 1209 medialis,
1741 1158 1796 1198 ita
1836 1167 1876 1198 et
1916 1157 2095 1198 diversis

123 1250 370 1282 centrorum
397 1241 522 1295 signis
549 1242 802 1296 punctisque
826 1249 1103 1295 torquentur,
1136 1255 1222 1295 quo
1247 1239 1311 1291 fit,
1345 1250 1390 1281 ut
1413 1249 1525 1281 terra
1549 1239 1696 1280 solaris
1718 1239 1866 1280 circuli
1893 1248 2093 1280 centrum

127 1336 212 1362 non
243 1321 314 1371 sit,
362 1321 434 1361 sed
470 1332 685 1363 ecccntros
717 1322 942 1363 habeatur.
1004 1323 1083 1362 Per
1117 1321 1228 1361 vices
1259 1321 1372 1361 enim
1411 1321 1745 1376 propinquitates
1777 1320 2095 1375 descensusque

123 1403 176 1444 ad
207 1412 340 1444 terras
374 1403 521 1444 solaris
553 1404 689 1445 orbita
729 1418 969 1458 cursusque
1000 1402 1248 1451 summittit,
1290 1401 1481 1454 itemque
1513 1415 1590 1454 pro
1630 1402 1847 1454 signorum
1883 1401 2088 1442 conditio-

121 1485 248 1526 nibus
286 1485 566 1538 sublimatum
612 1495 651 1526 ct
696 1500 834 1540 quum
876 1485 1145 1526 medietatem
1183 1483 1388 1523 linearem
1430 1481 1472 1521 in
1512 1480 1780 1521 latitudinem
1820 1480 1980 1522 zodiaci
2020 1481 2096 1522 Sol

121 1565 299 1606 libratus
323 1575 545 1615 excurrat,
580 1566 728 1606 orbem
753 1576 894 1606 tamen
919 1567 1024 1607 Solis
1045 1567 1274 1622 obliquitas
1303 1573 1465 1604 meatus
1491 1573 1563 1603 aut
1590 1562 1800 1618 imprimit
1825 1572 1898 1603 aut
1921 1562 2096 1603 extollit.

122 1646 230 1697 Quis
270 1647 383 1687 enim
424 1647 588 1688 dubitet
627 1647 844 1689 Cancrum
884 1650 1179 1703 Geminosque
1219 1647 1339 1688 verbi
1370 1645 1501 1699 gratia
1534 1646 1574 1685 in
1608 1643 1760 1684 mundi
1793 1644 1927 1685 ardua
1958 1644 2095 1685 subli-

122 1728 252 1779 mari,
297 1742 565 1782 rursumque
608 1728 878 1782 Sagittarium
911 1729 1316 1784 Capricornumque
1346 1727 1574 1782 pererratis
1609 1725 1847 1766 deflexibus
1880 1726 2094 1766 intimari?

122 1807 252 1859 Quod
283 1822 422 1863 quum
454 1807 542 1863 ipse
574 1807 773 1848 zodiacus
811 1808 1017 1863 signaque
1050 1808 1166 1849 coelo
1208 1806 1478 1847 cohaerentia
1518 1805 1768 1847 tantundem
1803 1820 1823 1847 a
1856 1806 1976 1847 terris
2011 1820 2094 1847 un—

190 1965 348 2011 submota]
378 1966 434 1999 Sic
456 1966 583 1999 codices
610 1964 886 1997 Reichenauensis
906 1971 939 1996 et
963 1965 1081 1997 Etten-

119 2029 465 2068 licinumausturiensis‚
495 2041 554 2060 nee
585 2027 762 2061 Grotianus
794 2028 988 2069 refragatur,
1026 2027 1081 2071 qui

119 2093 216 2125 habet
235 2099 411 2132 summota5
445 2093 542 2134 vulgo
571 2097 800 2124 consummata.

193 2163 251 2189 aut
282 2155 426 2201 dierum]
466 2156 576 2198 Vulgo
608 2160 665 2188 aut
695 2157 731 2187 in
757 2156 900 2195 dierum,
926 2155 1013 2199 quod
1041 2167 1080 2187 ex

121 2218 231 2253 codiee
254 2220 668 2252 Ettenheimmt'insteriensi
689 2220 826 2254 correxi.

198 2281 457 2328 duodetriginta]
498 2282 567 2315 Alii
601 2283 728 2323 XXIX,
768 2286 852 2314 teste
893 2281 1010 2314 Grotio
1044 2281 1078 2313 in

120 2344 272 2386 margine.

192 2418 287 2438 nemo
311 2407 492 2449 sapientum
512 2405 588 2452 sed]
627 2407 754 2440 luserui
783 2408 862 2440 haee
895 2407 956 2439 tria
980 2407 1079 2439 verba

119 2467 216 2510 vulgo
241 2468 360 2500 omissa
380 2467 496 2500 Grotio
524 2473 669 2508 auctore,
695 2469 750 2512 qui
775 2469 819 2501 ita
841 2469 875 2501 in
895 2470 1079 2501 membrana

120 2531 183 2574 legi
205 2537 357 2572 testatur,
380 2531 546 2575 multoque
563 2531 800 2565 concinniorem
818 2545 887 2565 eam
906 2533 1077 2566 lectionem

120 2606 191 2627 esse
222 2599 309 2627 reete
342 2599 459 2626 monet.
499 2594 582 2626 Rem
618 2593 719 2639 ipsam
751 2600 897 2628 accurate
927 2594 1075 2641 exposuil

1133 1965 1291 1998 Geminus
1317 1965 1414 2010 (apud
1441 1964 1609 1997 Petavimn
1636 1977 1666 2008 p.
1684 1966 1707 1997 5
1727 1963 1847 2008 δίειμι),
1874 1977 1967 2008 quem
1993 1970 2096 1996 totum

1133 2027 1314 2058 exscribere
1326 2040 1411 2058 nune
1427 2039 1492 2058 non
1505 2038 1689 2070 possumus,
1709 2032 1741 2057 et
1757 2027 1948 2058 Cleomedes
1966 2027 2088 2070 (κυκλ,

1132 2092 1250 2137 θεωρ.
1277 2092 1312 2131 l,
1337 2092 1392 2134 (ἥς
1419 2091 1490 2122 vide
1515 2096 1547 2121 et
1568 2091 1650 2122 infra
1675 2089 1829 2135 (§.855).

1207 2156 1293 2202 quod
1323 2168 1422 2202 quum
1454 2153 1538 2199 ipse]
1583 2154 1655 2187 MS.
1693 2160 1849 2202 quotquot
1892 2166 1987 2193 cum,
2037 2153 2096 2184 scd

1129 2216 1248 2259 optime
1276 2217 1413 2260 optimae
1439 2217 1640 2248 membranae
1668 2229 1854 2263 quanquam
1881 2218 1985 2253 enim,
2019 2227 2093 2246 nam

1130 2280 1276 2324 sequitur
1301 2281 1384 2312 infra
1413 2280 1498 2313 Solis
1535 2287 1651 2312 tamen.
1674 2280 1777 2312 Gnor.
1796 2298 1843 2302 -—
1890 2278 2092 2321 Optimarmn

1129 2342 1384 2374 membranarum
1422 2341 1594 2374 lectionem
1634 2353 1691 2385 pro
1730 2340 1927 2372 correctione
1968 2344 2091 2369 tantum

1128 2404 1232 2436 habeo
1250 2403 1382 2444 librarii,
1412 2403 1467 2448 qui
1491 2415 1550 2435 nec
1575 2415 1673 2450 quum
1699 2401 1795 2433 sciret
1821 2401 1905 2432 haud
1930 2412 2002 2431 raro
2030 2411 2090 2444 pro

1127 2469 1190 2500 etsi
1220 2467 1384 2512 usurpari,
1431 2479 1490 2499 nee
1529 2467 1616 2514 quod
1646 2464 1833 2509 saepissime
1872 2463 2088 2495 concludendi

1128 2543 1226 2564 eausa
1264 2530 1430 2578 particulis
1466 2529 1642 2576 praemitti,
1685 2539 1782 2573 quare
1818 2527 1979 2569 vulgatam
2023 2538 2088 2559 ser-

1127 2594 1209 2628 vavi.

2129 830 2222 872 819
