2310 2860
212 121 241 161 8
809 122 1006 165 Martiani
1039 122 1239 178 Capellae
1269 122 1341 163 lib.
1371 121 1404 164 I.
1447 125 1477 174 ᾗ.
1500 123 1542 164 2.

213 227 410 269 sti-alibus
440 228 730 280 decuriatum,
760 231 935 286 nugales
957 231 1130 286 ineptias
1157 228 1369 284 aggarrire
1399 242 1484 270 non
1508 229 1744 285 perferens,
1776 230 2011 273 Martianus
2035 232 2165 273 inter-

212 360 282 380 rum
301 349 372 386 dici,
391 349 583 379 incrementa
599 360 674 380 vero
692 349 852 381 decuriata
868 350 1027 383 decuriam
1047 351 1164 382 lustro·

213 423 282 442 rum
311 423 376 441 non
403 415 539 454 possunt
568 409 761 451 significare,
793 412 912 456 alioqui
937 413 1165 458 quinquaginta

212 480 333 505 tantum
360 485 459 504 annos
483 479 575 504 natus
601 475 642 505 sit
666 487 785 515 senex,
814 476 870 519 qui
894 476 1027 507 alterum
1042 480 1165 506 tantum

910 538 1076 577 Eruditus,
1106 536 1165 568 sed

212 598 283 629 duri
304 598 434 640 eloquii,
466 598 602 642 scriptor
627 599 827 631 decuriatum
842 601 946 631 curiae
968 601 1034 642 jam
1052 600 1163 631 immu-

212 536 281 566 1ιονί
296 547 377 578 110110
396 535 465 566 vult
481 536 657 568 confecisse
679 537 779 568 videri
809 536 859 583 (ἓ).

211 672 294 699 110111,
320 665 483 691 vacantem
502 672 541 690 cx
565 661 678 691 officiis
703 661 948 704 municipalibus
978 667 1009 692 et
1035 661 1163 692 urbanis

211 726 244 756 in
262 736 318 755 sua
345 724 405 754 sibi
421 724 523 767 patria
541 724 633 764 dicit,
661 726 828 756 emeritum
846 726 958 757 volens
977 726 1163 757 eruditionis

211 789 349 831 quadam
363 788 599 831 inexspectatae
619 789 832 821 ostentatione
851 789 964 821 dicere.
993 789 1069 821 Scio
1085 791 1162 821 Ter-

209 849 343 881 tulliano
358 850 503 891 ejusdcm
515 851 618 891 gentis
631 851 777 894 scriptori
791 852 982 883 decurialem
997 863 1162 882 numerum

210 912 374 943 denarium
399 923 470 942 0550
498 924 524 943 c.
543 914 590 944 57
621 912 660 943 dc
681 913 801 952 anima,
841 914 923 944 unde
955 914 1163 957 multiplicata

209 985 268 1018 per
293 973 428 1004 cundem
452 973 552 1004 lusu-a
581 974 631 1004 bic
653 986 765 1018 capere
782 975 906 1018 possis,
935 977 991 1007 sed
1016 981 1081 1006 tum
1106 976 1161 1007 im-

208 1037 311 1068 manis
340 1048 490 1067 numerus
521 1043 612 1067 exeat
641 1036 693 1082 (2).
740 1039 784 1069 Et
809 1051 873 1070 non
892 1040 984 1071 video
1001 1041 1162 1083 quomodo

209 1099 299 1139 illud,
328 1099 414 1142 quod
428 1099 523 1129 modo
542 1099 689 1139 diximus,
718 1112 782 1131 11011
801 1101 841 1131 sit
864 1102 994 1132 melius:
1011 1102 1054 1132 ita
1074 1102 1162 1133 nulla

210 1161 270 1192 alia
288 1172 369 1204 opus
388 1160 448 1191 crit
465 1161 639 1192 exactione.
673 1162 798 1193 an’ru.
825 1161 973 1208 (11.409).
993 1182 1040 1188 -
1064 1164 1161 1194 Prae-

210 1228 273 1254 stat
291 1223 434 1265 profecto
450 1222 601 1254 Vult-unii
619 1223 810 1266 explicatio,
843 1224 999 1267 siquidem
1018 1226 1161 1256 ‹leem-ia-

209 1294 262 1318 lus
287 1286 348 1316 dici
371 1286 483 1328 nequit
508 1289 615 1317 cun-iae
639 1288 805 1327 immanis,
837 1301 932 1331 11110111
958 1291 1163 1320 exeuriatmn

208 1348 316 1392 potius
336 1348 444 1378 dixere
458 1348 595 1379 Romani
619 1347 714 1393 (Non.
741 1350 884 1381 Marcell.
904 1364 933 1393 p.
952 1352 1000 1383 56
1018 1352 1068 1383 011.
1089 1352 1162 1383 Par.

212 1408 333 1454 1614)

208 1475 244 1504 in
262 1474 408 1504 «lemnias
427 1474 623 1504 conscribere
641 1473 726 1516 (Cic.
749 1485 808 1516 pro
840 1474 934 1504 domo
965 1486 988 1505 5.
1012 1475 1032 1505 f.
1056 1475 1163 1518 ibique

382 1410 526 1441 Verbum
554 1416 659 1441 autem
690 1412 856 1443 ‹Iecur-iare
883 1424 981 1455 quum
1007 1414 1164 1454 significet

208 1535 329 1566 Manut.
359 1547 388 1577 p.
413 1535 468 1565 74.
488 1531 638 1577 (haee),
672 1535 732 1565 hoe
759 1534 831 1565 loco
859 1547 930 1566 cnm
949 1537 1162 1568 antecedenti-

209 1600 268 1630 bus
296 1600 501 1629 incremeuIIS
528 1598 716 1628 lustralibus
742 1598 1000 1638 conjungendum
1027 1611 1100 1629 0550
1118 1600 1163 1630 vi-

209 1664 318 1698 detur,
338 1667 372 1692 ut
389 1661 430 1691 sit
450 1661 501 1691 nin
524 1660 683 1691 decuriam
700 1660 966 1691 incrementorum
984 1661 1163 1693 lustralium

209 1725 447 1768 conscriptus«,
479 1724 572 1754 Livio
592 1725 680 1754 miles
704 1724 865 1754 invalidus
887 1724 998 1755 dictus.
1026 1724 1163 1755 Ovidius

211 1787 311 1832 (trist.
343 1787 378 1825 sl,
403 1788 441 1825 8,
470 1784 538 1830 55)
563 1785 684 1817 verbis:
719 1786 849 1817 »decem
868 1786 977 1817 lustris
1002 1787 1156 1830 peractis«

210 1850 517 1895 quinquagenarium
546 1862 580 1881 50
608 1855 675 1880 tum
701 1850 799 1881 fuisse
831 1850 995 1891 significat.
1039 1851 1164 1883 Seneca

212 1915 264 1960 (de
284 1915 369 1946 brev.
385 1914 437 1945 wit.
456 1911 490 1958 71)
504 1928 511 1943 ε
542 1913 685 1945 »Audies
702 1914 873 1957 plerosque
892 1914 1033 1946 dieentes
1050 1934 1099 1940 ·—
1116 1933 1165 1941 —

211 1976 428 2017 sexagesimus
455 1987 556 2006 annus
588 1976 627 2006 ab
646 1976 758 2006 officiis
781 1987 830 2006 me
856 1975 1027 2015 dimittet«,
1055 1983 1086 2008 et
1100 1977 1165 2008 Pli-

210 2038 282 2069 nius
303 2038 472 2069 Secundus
494 2037 538 2082 (in
562 2037 654 2080 epist.
673 2038 708 2077 4,
738 2038 797 2076 25,
816 2033 852 2080 ll)
887 2037 994 2079 »leges
1014 2039 1165 2081 majorem

212 2102 302 2134 annis
326 2101 384 2131 LX
414 2101 479 2132 otio
505 2101 650 2132 reddunt.
660 2116 671 2128 «

284 2161 435 2206 ineplias]
462 2162 501 2193 In
524 2163 593 2193 aliis
612 2163 701 2194 libris
726 2163 843 2205 legitur
865 2166 1021 2208 ineptias,
1046 2164 1079 2195 in
1096 2164 1164 2195 aliis

213 2225 361 2268 nuqulas.
395 2224 466 2264 Ego
485 2224 537 2254 vix
561 2225 670 2256 dubito
697 2237 803 2257 veram
822 2227 991 2257 lectionem
1014 2238 1084 2257 0550
1108 2239 1165 2258 nu-

212 2289 299 2331 flulsss
318 2288 463 2329 ineptias.
504 2287 736 2320 Diminutivum
753 2290 837 2320 enim
855 2290 934 2321 illud
958 2295 1022 2321 tam
1039 2291 1163 2334 prolixo

710 2351 835 2382 BAnTn.
866 2350 1000 2397 (advers.
1032 2364 1061 2394 p.
1081 2353 1163 2383 409.

212 2408 298 2454 974)
318 2428 361 2433 --
382 2410 522 2452 Quidam
540 2410 611 2441 libri
626 2411 743 2442 babent
761 2414 901 2456 massulas
915 2415 1063 2457 z'nepliaS,
1079 2415 1166 2456 qnod

213 2349 302 2392 operi
329 2348 455 2379 minime
480 2360 662 2388 congruum.

214 2474 285 2516 quis
304 2473 472 2504 defendere
488 2474 599 2516 possit.
626 2474 692 2505 Sed
707 2475 800 2506 aliam
819 2482 956 2508 mentem
974 2477 1049 2508 mibi
1066 2478 1167 2520 praeit

214 2537 285 2569 MS.
304 2537 336 2568 in
357 2549 420 2580 quo
442 2538 548 2581 reperi
580 2539 712 2582 uuyales
743 2541 889 2581 ineptias.
944 2541 1085 2583 Dignum
1106 2543 1166 2574 boc

1218 346 1352 391 Capella
1370 346 1559 379 vocabulum
1579 360 1637 380 1100
1651 361 1783 393 possum
1800 349 1839 381 ab
1853 362 1891 381 eo
1908 361 1973 381 non
1990 350 2166 394 profectum

1217 409 1356 440 credere.
1398 407 1546 450 Agellius
1572 409 1656 440 idem
1686 416 1818 455 usurpat
1848 412 1864 442 1
1895 411 1988 442 Noct.
2008 411 2049 441 2:
2080 409 2166 443 »Sed

1216 473 1465 504 theorematibus
1484 478 1606 504 tautum
1632 475 1802 517 vzrtqalibtis
1827 475 2030 515 dilatrantcs,
2060 474 2165 516 objur—

1216 535 1342 577 gatione
1355 534 1444 576 justa
1454 534 1644 566 ineessivit.«
1666 534 1773 566 Idem:
1799 542 1849 567 »et
1863 537 1923 567 alia
1938 536 2094 580 quaedam
2108 548 2165 568 ηιι-

1214 599 1301 642 yalia
1326 599 1537 642 proferebant.
1546 612 1557 625 ιι
1591 598 1739 629 Zmzmu..
1758 597 1868 644 (critic.
1883 600 1992 641 juven.
2013 599 2165 644 promuls-

1218 663 1284 702 19,
1309 662 1356 693 59
1380 662 1413 693 in
1438 661 1619 694 Schminck.
1645 667 1726 705 synt.
1749 661 1815 693 crit.
1842 674 1872 705 p.
1888 661 1983 707 227.)
2007 682 2051 687 —-
2082 663 2165 695 Vos-

1215 723 1323 754 sianus
1348 724 1449 755 codex
1479 725 1616 767 nuqulas
1642 725 1786 767 ineptas:
1813 723 1870 754 sed
1897 735 1968 754 cum
1990 724 2083 755 ctiam
2115 723 2168 755 alii

1214 785 1248 816 in
1277 786 1413 828 ineptias
1447 785 1651 829 conspirent,
1695 796 1807 828 parum
1844 784 1951 824 abest,
1989 785 2067 827 quin
2096 797 2168 816 cum

1214 848 1348 879 Barthio
1373 848 1544 890 legendum
1566 859 1714 880 censeam
1733 849 1867 891 nuqales
1882 849 2027 891 ineptias.
2045 846 2167 880 ΑΒΜ-Ζ.

1217 910 1317 956 (misc.
1338 925 1368 955 p.
1385 909 1470 956 197)
1491 928 1539 938 --
1577 913 1722 954 Ineptias
1741 911 1962 953 Bongarsius3
2003 911 2169 943 Bodianus

1214 986 1292 1008 Vero
1316 980 1348 1006 ct
1373 974 1552 1007 Vulcanius
1577 975 1681 1006 minus
1705 976 1870 1006 commode
1894 977 2019 1018 ineptas
2043 974 2169 1006 babent.

1215 1035 1316 1067 Gocz.
1338 1054 1383 1059 —
1409 1036 1578 1078 Hugianus
1607 1036 1708 1067 codex
1727 1048 1894 1080 perperam
1916 1038 2050 1068 inertias
2073 1035 2171 1067 habet

1213 1111 1272 1142 pro
1292 1100 1436 1141 ineptias.
1464 1099 1543 1130 Mihi
1562 1099 1709 1142 quidem,
1739 1099 1882 1142 quamvis
1904 1099 1984 1129 ratio
2003 1111 2020 1130 a
2036 1098 2170 1130 Barthio

1213 1160 1338 1204 prolata
1357 1159 1529 1201 rejicienda
1556 1159 1598 1190 sit
1617 1158 1889 1205 (quandoquidem
1907 1161 2071 1203 prolixum
2088 1171 2169 1204 opus

1213 1223 1390 1256 Martianus
1413 1223 1497 1253 filius
1521 1223 1664 1254 nondum
1692 1223 1853 1263 audierat,
1880 1223 1938 1254 sed
1958 1235 2079 1267 paucos
2101 1228 2168 1254 tan-

1214 1293 1282 1318 tum
1298 1284 1510 1331 versiculos),
1536 1286 1744 1327 Zinzerlingii
1769 1287 1872 1318 codex
1894 1287 2020 1327 sufficit,
2039 1292 2075 1318 ut
2099 1298 2171 1318 011111

1216 1363 1254 1382 00
1280 1351 1399 1381 faciam.
1439 1349 1591 1389 Accedit,
1627 1350 1715 1392 quod
1738 1350 2001 1381 Darmstattensis
2033 1349 2127 1381 ctiam
2153 1362 2171 1381 a

1215 1415 1316 1458 prima
1332 1425 1426 1444 mann
1454 1413 1587 1443 candem
1606 1413 1777 1443 lectionem
1797 1413 1915 1444 habuit.
1944 1413 2019 1445 Vox
2044 1413 2170 1457 nnqalis

1216 1483 1381 1521 praeterea
1398 1488 1463 1506 11011
1478 1476 1576 1507 semel
1591 1488 1608 1507 a
1621 1475 1729 1507 Gellio
1749 1481 1927 1518 usurpatur.
1961 1476 2006 1507 Et
2027 1477 2169 1519 quamvis

1215 1537 1344 1568 maximi
1365 1537 1459 1567 etiam
1473 1541 1586 1579 poetae
1601 1535 1758 1567 Martialis
1783 1534 1838 1581 (9,
1869 1537 1908 1576 1,
1933 1534 1990 1581 5),
2020 1537 2170 1568 Catullus

1217 1598 1265 1644 (1,
1291 1597 1327 1643 4)
1342 1622 1350 1638 ,
1370 1604 1402 1629 ct
1416 1599 1723 1630 soi-tassisfloratius
1742 1611 1870 1643 quoque
1898 1598 1968 1645 (sat.
1990 1602 2006 1631 1
2020 1623 2029 1640 ,
2056 1601 2100 1641 9,
2131 1597 2168 1645 2)

1214 1672 1327 1692 versus
1353 1672 1429 1691 suos
1456 1660 1630 1691 modestiae
1657 1672 1752 1691 eausa
1776 1674 1880 1705 nnyas
1902 1662 2082 1706 appellent,
2108 1663 2170 1694 hoc

1216 1730 1321 1755 tamen
1340 1724 1411 1754 1000
1432 1724 1573 1754 additum
1589 1724 1778 1755 vocabulum
1801 1727 1937 1768 ineptias
1957 1726 2044 1758 illam
2061 1726 2169 1758 exelu-

1216 1787 1263 1818 dit
1279 1787 1580 1830 interpretationem.
1622 1787 1772 1819 Profecto
1797 1789 1881 1820 cnim
1901 1795 2023 1833 patrem
2049 1790 2082 1821 in
2100 1800 2167 1821 ver-

1217 1848 1305 1879 sibus
1332 1848 1395 1879 illis
1414 1848 1616 1892 reprehendit
1632 1848 1737 1889 filius,
1768 1850 1886 1893 quippe
1909 1851 1964 1894 qui
1990 1850 2069 1881 nihil
2097 1862 2167 1881 sen-

1216 1912 1273 1944 tiat
1291 1912 1396 1953 magni
1422 1912 1455 1943 in
1478 1913 1540 1951 015,
1582 1912 1639 1943 5011
1663 1924 1764 1954 nugas
1790 1913 1914 1957 ineptas
1934 1914 2058 1957 potius,
2087 1925 2169 1957 quac

1217 1988 1282 2007 non
1316 1976 1449 2007 deceant
1481 1981 1701 2007 senescentem
1728 1981 1857 2019 patrem.
1917 1977 2048 2009 Minime
2073 1977 2169 2018 igitur

1217 2051 1312 2071 voces
1339 2038 1488 2080 »nugales
1511 2039 1667 2082 ineptiae«
1693 2039 1744 2070 hie
1761 2040 1846 2071 bono
1861 2051 1958 2071 sensu
1980 2039 2080 2083 accipi
2093 2051 2166 2083 pos-

1218 2108 1310 2142 sunt,
1337 2102 1370 2132 id
1399 2102 1485 2145 quod
1512 2102 1591 2133 vidit
1615 2102 1682 2144 jam
1707 2103 1912 2144 Fulgentius,
1943 2103 1998 2146 qui
2023 2108 2168 2134 nostrum

1216 2165 1394 2196 imitaturus
1435 2161 1548 2209 (myth.
1591 2165 1620 2194 1.
1648 2177 1678 2207 p.
1697 2165 1719 2195 5
1742 2161 1892 2209 Munek.)
1934 2163 2061 2194 illorum
2094 2163 2167 2195 loeo

1216 2226 1385 2258 verborum
1402 2224 1526 2255 scribit:
1559 2240 1570 2253 »ι
1578 2224 1653 2255 1111111
1675 2225 1730 2255 tibi
1748 2235 1897 2266 rugosam
1914 2225 2011 2256 sulcis
2029 2226 2168 2257 anilibus

1216 2290 1321 2322 ordiar
1343 2288 1489 2319 fabulam.
1499 2302 1509 2314 «
1559 2287 1627 2320 Sed
1655 2293 1725 2318 ntro
1754 2299 1837 2319 nune
1862 2288 1956 2319 modo
1979 2288 2085 2330 legere
2104 2300 2166 2320 ma-

1216 2353 1332 2391 lueris,
1373 2351 1438 2382 sive
1468 2363 1539 2381 eum
1565 2351 1801 2392 Zinzerlingio,
1846 2351 1911 2382 5110
1944 2363 2014 2382 011111
2039 2351 2166 2390 Grotio,

1217 2417 1307 2459 cujus
1344 2415 1513 2446 lectionem
1542 2415 1739 2446 Basilcensis
1761 2415 1855 2445 ctiam
1889 2415 1990 2446 codex
2019 2416 2166 2459 praebet,

1217 2491 1330 2513 sensus
1359 2479 1497 2510 manebit
1528 2479 1620 2509 idem.

1292 2539 1472 2586 ‹wyte-rire]
1500 2539 1554 2572 An
1579 2545 1704 2584 practer
1726 2545 1870 2571 nostrum
1896 2540 1977 2571 alius
2001 2540 2166 2585 quisquam
