2310 2860
780 173 980 216 Martiani
1011 173 1210 231 Capellae
1239 174 1312 216 lib.
1333 174 1409 216 VI.
1447 176 1479 228 ᾗ.
1500 174 1599 217 670.

2083 176 2171 218 547

761 332 840 374 DE
875 331 1151 374 SECUNDO
1192 332 1329 375 SINU
1369 331 1633 374 AFRICAE.

378 438 483 481 Mox
524 440 604 481 alia
642 439 867 482 distinctio:
908 440 1249 496 Libyphoenices
1294 447 1523 490 vocantur,
1574 438 1649 493 qui
1689 438 1920 493 Byzacium
1958 437 2167 491 incolunt,
2198 441 2286 484 670

211 533 323 575 quae
353 522 467 577 regio
495 520 685 562 ducentis
717 521 1027 577 quinquaginta
1059 522 1247 563 millibus
1279 536 1483 578 passuum
1519 521 1741 572 circuitur,
1775 521 1896 576 cujus
1928 521 2031 563 satio
2062 537 2165 564 cen·

208 602 356 643 tesimo
389 603 532 644 messis
567 603 826 645 incremento
857 604 1116 645 foeneratur.
1171 604 1251 645 Hic
1275 603 1431 660 oppida
1455 603 1662 658 Puppup,
1692 601 1977 653 Adrumctus,
2009 603 2165 658 Leptis,

208 683 403 739 Ruspae,
449 685 640 740 Tapsus,
688 684 887 734 Thenae,
933 683 1228 735 Macomades,
1272 684 1466 740 Tacape,
1512 683 1688 725 Sabrata
1730 684 1969 738 contingens
2001 683 2163 737 Syrtim

207 766 444 817 minorem,
491 767 544 808 ad
576 781 709 822 quam
743 766 980 818 Numidae,
1020 775 1059 807 et
1088 766 1257 808 Africae
1298 767 1349 807 ab
1384 767 1599 822 Ampsaga
1639 765 1859 821 longitudo
1902 775 2000 809 sunt
2029 765 2164 809 millia

208 847 439 903 quingenta
469 848 698 903 octoginta,
738 847 916 889 latitudo
950 847 1143 889 ducenta.

921 1004 1000 1045 DE
1038 1003 1264 1045 TERTIO
1305 1003 1454 1045 SINU.

369 1110 541 1150 Tertius
581 1110 697 1151 sinus
728 1109 933 1151 dividitur
972 1110 1013 1149 in
1051 1109 1242 1164 geminos
1282 1109 1470 1151 duarum
1510 1110 1703 1165 Syrtium
1744 1125 1956 1161 recessus,
2001 1109 2159 1151 vadoso
2189 1108 2272 1152 671

201 1205 249 1232 ae
278 1190 497 1246 reciproco
528 1191 656 1242 mari3
701 1189 774 1232 sed
807 1190 947 1232 minor
982 1191 1116 1246 Syrtis
1147 1205 1171 1232 a
1203 1189 1458 1246 Carthagine
1491 1192 1607 1232 abest
1636 1192 1829 1232 trecentis
1863 1191 2076 1242 millibus3
2112 1190 2163 1232 ad

201 1271 412 1326 majorem
455 1287 558 1313 vero
597 1287 674 1327 per
713 1272 878 1313 deserta
919 1273 1128 1328 pergitur,
1176 1286 1288 1326 quae
1317 1273 1583 1329 serpentibus
1612 1273 1789 1315 diversis
1821 1288 1868 1314 ac
1903 1273 2002 1315 feris
2038 1272 2163 1313 habi-

200 1363 354 1394 tantur.

275 1484 457 1530 distinctio]
492 1486 583 1528 Lego
614 1491 647 1517 et
679 1486 857 1527 distinguo:
891 1486 985 1518 »Mox
1016 1486 1076 1517 alia
1111 1486 1158 1518 di-

200 1549 344 1582 stinctio:
371 1550 458 1581 Libii
483 1550 661 1582 Phoenices
690 1556 863 1582 vocauturu
889 1562 929 1581 ex
956 1549 1159 1581 Plin.Gn01-.

199 1631 246 1637 —
264 1613 374 1655 Vulgo
391 1612 490 1644 enim:
512 1625 605 1645 »mox
632 1614 694 1645 alia
715 1613 877 1645 distinctio
900 1614 1030 1655 Libyae.
1053 1613 1157 1644 Phoe·

197 1679 284 1709 uices
304 1683 497 1719 vocantur«,
524 1677 581 1709 sed
599 1677 725 1709 Plinius
749 1679 797 1721 (5,
820 1679 855 1717 5,
887 1677 939 1720 5)=
962 1689 1054 1708 »mox
1070 1676 1157 1708 Afri-

197 1750 252 1771 cae
283 1738 386 1783 ipsius
413 1739 475 1771 alia
509 1739 681 1771 distinctio.
721 1740 971 1782 Libyphoenices
1000 1743 1158 1770 vocantur

197 1800 253 1844 qui
274 1801 450 1843 Byzacium
474 1800 631 1833 incolunt.
670 1801 720 1833 lta
750 1801 929 1844 appellatur
950 1800 1039 1842 regio
1066 1800 1156 1832 CCL

197 1864 273 1895 mill.
297 1875 382 1907 pass.
408 1876 467 1907 per
492 1864 676 1903 circuitum,
707 1864 879 1895 fertilitatis
907 1863 1058 1902 eximiae,
1084 1875 1157 1895 cum

197 1927 370 1960 centesima
404 1927 496 1969 fruge
531 1927 681 1969 agricolis
708 1927 823 1958 foenus
850 1927 1004 1958 reddente
1034 1932 1156 1967 terra«,

197 1989 281 2021 unde
305 1994 338 2020 et
361 1990 537 2031 Byzacium
560 1988 704 2028 restitui,
740 1988 850 2020 codice
880 1989 1067 2021 monacensi
1088 1988 1156 2031 (C)

196 2050 419 2095 adstipulante.
446 2050 569 2082 Confer
583 2049 777 2082 Salmasium
792 2050 844 2094 (ad
860 2050 964 2082 Solin.
981 2063 1011 2094 p.
1024 2051 1099 2082 520
1109 2050 1155 2093 fi),

196 2115 423 2147 casaubonum
446 2114 500 2158 (ad
523 2113 674 2146 Strabon.
698 2126 728 2158 p.
747 2114 825 2156 56),
853 2114 1020 2146 Bai-thium
1037 2114 1083 2158 (in
1102 2114 1154 2145 ad-

196 2188 276 2208 verS.
295 2190 327 2221 p.
338 2176 440 2219 225),
457 2182 489 2207 et
502 2175 799 2207 Drakenborchium
817 2176 870 2219 (ad
885 2176 1002 2209 Silium
1018 2176 1155 2221 pam).

270 2239 420 2285 Pnppup]
447 2241 486 2272 In
507 2240 641 2284 reliquis
666 2241 792 2284 Putput
812 2241 957 2272 liabetur.
981 2240 1070 2272 Infra
1094 2241 1155 2272 vici

197 2302 385 2342 cognomine
405 2302 443 2331 ah
460 2301 627 2334 Antonino
644 2308 810 2342 censetur,
834 2308 866 2334 at
890 2302 1049 2335 Martiano
1072 2302 1155 2334 inter

198 2362 314 2405 oppida
339 2365 542 2401 recensetur,
565 2381 612 2387 —
643 2375 726 2406 quae
758 2364 887 2395 nomina
919 2376 991 2396 eum
1021 2364 1153 2408 reliquis

198 2435 295 2468 quum
321 2435 360 2454 ex
394 2422 494 2454 Plinii
530 2422 744 2467 descriptione
785 2426 936 2470 decerpta
967 2426 1047 2466 sint,
1084 2426 1153 2469 ipse

197 2489 333 2531 Puppup
349 2486 473 2528 adjecit.
484 2485 608 2518 Surum
626 2487 678 2530 (ad
694 2488 804 2521 Itiner.
826 2489 905 2522 Ant.
921 2503 950 2534 p.
966 2491 1013 2522 52
1023 2489 1154 2533 Wess.)

199 2565 245 2573 —ae—
268 2549 362 2580 Adde
387 2549 589 2580 Mannertum
611 2549 662 2592 (Τ.
684 2550 730 2590 X,
755 2551 794 2582 P.
819 2551 859 2593 2,
886 2565 916 2596 p.
930 2552 1029 2595 247).

273 2604 484 2652 Adl'tlrtwflts]
511 2607 639 2638 Pliniue
664 2612 921 2651 14¹¹²⁸¹¹menlum,·
946 2614 1153 2647 Ptolemaeus

415 1354 512 1394 Post
549 1353 655 1394 haec
694 1353 998 1405 Garamantes,
1043 1369 1173 1410 super
1216 1353 1293 1394 hos
1331 1353 1452 1394 fuere
1498 1354 1640 1408 Psylli.

1711 1354 1761 1395 Iu
1806 1354 1979 1396 deflexu
2018 1354 2161 1395 civitas

1209 1484 1433 1531 ἆὸουμῖτος.
1456 1486 1560 1520 Gno‘r.
1577 1506 1625 1511 -—
1663 1486 1840 1519 Sallustius
1873 1486 1962 1531 (Jug.
1987 1485 2046 1530 19)
2074 1487 2161 1518 »Ha-

1210 1550 1390 1582 drumetum
1415 1555 1448 1581 et
1474 1550 1617 1592 Leptim«
1639 1549 1755 1591 jungit.

1285 1624 1426 1669 Thenae]
1459 1626 1597 1663 Tliaeae,
1623 1624 1665 1655 ita
1690 1630 1722 1655 et
1744 1623 1805 1655 alii.
1832 1623 2038 1655 Ptolemaeus
2056 1622 2161 1657 θέαι-

1208 1699 1274 1721 ναι
1289 1689 1437 1723 &alvan
1448 1689 1553 1723 Gnor.
1565 1708 1610 1712 —-
1627 1688 1832 1721 Monacensis
1850 1700 1931 1720 unus
1949 1687 2007 1731 (A)
2025 1688 2163 1725 Tenum,

1209 1749 1289 1781 alter
1312 1750 1368 1794 (C)
1395 1752 1519 1790 Tenea,
1548 1750 1605 1782 sed
1633 1762 1693 1782 nos
1717 1750 1860 1782 Plinium
1890 1748 2061 1793 sequimur.

1282 1824 1441 1871 Satn-ata]
1479 1826 1529 1858 lta
1558 1826 1694 1859 Plinius.
1738 1827 1945 1859 Ptolemaeus
1975 1826 2029 1857 lib.
2049 1825 2072 1857 4
2102 1820 2160 1859 ‹fci-

1206 1888 1350 1934 βαθρα.
1372 1887 1534 1920 Gnor.—
1565 1889 1666 1921 Plura
1699 1889 1786 1920 dabit
1809 1889 1920 1923 Sui-ita
1945 1888 1999 1934 (ad
2019 1887 2163 1918 Itinerar.

1207 1948 1286 1981 Aut.
1314 1961 1343 1993 p.
1360 1950 1405 1981 61
1432 1949 1604 1993 wessel.).

1284 2023 1513 2070 Garamantes]
1541 2025 1625 2057 Vide
1648 2024 1826 2057 Lueianum
1847 2024 1893 2069 (in
1912 2022 2046 2068 Dipsad.
2069 2022 2107 2053 T.
2125 2022 2160 2060 8,

1206 2088 1329 2132 p.159
1357 2086 1461 2131 Rip),
1490 2092 1524 2118 et
1554 2099 1636 2131 quos
1676 2086 1935 2119 Elmenliorstius
1963 2085 2009 2129 (iu
2037 2083 2159 2116 Arnob.

1205 2162 1236 2193 p.
1257 2148 1347 2193 175)
1373 2148 1482 2180 laudat
1509 2148 1717 2189 Strabonem,
1748 2148 1906 2188 Plinium,
1935 2147 2069 2186 Melam,
2099 2144 2157 2176 So·

1205 2213 1322 2254 linum,
1352 2218 1561 2257 nostrumque
1589 2213 1686 2257 paulo
1709 2212 1842 2245 inst-rius
1865 2211 1906 2256 (ἓ.
1925 2210 2020 2252 674).

1278 2299 1394 2345 Psylli]
1420 2301 1633 2333 Monacenses
1652 2300 1706 2343 (A.
1723 2299 1766 2341 C)
1783 2298 1902 2341 Spylli,
1926 2295 2002 2328 editi
2023 2294 2155 2336 Psylla,-

1204 2364 1263 2397 sed
1291 2364 1412 2408 absque
1443 2364 1540 2395 dubio
1576 2363 1681 2407 Psylli
1711 2360 1910 2402 intelligendi
1936 2358 2090 2403 (Salmas.
2117 2357 2157 2388 ml

1204 2426 1310 2459 Solin.
1325 2438 1357 2470 p.
1373 2425 1475 2468 186),
1493 2425 1533 2457 de
1547 2425 1664 2469 quibus
1683 2421 1941 2455 Elmenliorstius
1958 2420 2011 2464 (ad
2033 2419 2158 2452 Arnoh.

1204 2501 1237 2532 p.
1255 2488 1316 2531 80)
1347 2487 1466 2520 multos
1491 2487 1609 2519 excitat
1633 2486 1820 2529 scriptoreS,
1848 2483 1964 2526 quihus
1987 2482 2067 2513 adde
2090 2481 2156 2513 Pli-

1203 2550 1291 2583 nium
1318 2551 1366 2595 (7,
1390 2550 1430 2591 2,
1461 2549 1515 2593 2),
1544 2548 1716 2581 Aelianum
1745 2545 1833 2590 (hist.
1861 2544 1984 2577 animal.
2016 2545 2080 2584 16,
2107 2543 2152 2574 27

1203 2620 1237 2645 et
1257 2614 1337 2657 28),
1367 2619 1400 2646 et
1423 2613 1565 2648 Gellium
1587 2613 1665 2656 (18,
1693 2609 1762 2652 Η)·

1661 2671 1709 2704 69
1729 2668 1751 2695 ss
