2310 2860
230 178 310 210 xtv

232 295 372 336 usque
412 289 585 322 aetatem
629 277 827 320 odoratus
867 287 990 328 esset,
1045 275 1188 318 multis
1225 274 1295 316 vel
1334 275 1422 315 solo
1454 276 1755 331 interpretandi
1787 277 1983 318 acumine
2012 290 2185 318 sensum

234 359 483 409 reddidisse,
529 359 687 413 quibus
724 359 804 400 viri
844 358 952 398 docti
992 356 1291 399 violentissima
1328 355 1518 396 remedia
1550 357 1857 410 adhibuissent,
1906 367 2121 414 postremo
2151 357 2186 398 si

234 441 339 481 nihil
372 440 486 480 aliud
521 449 632 480 certe
667 448 946 480 antecessores
979 453 1078 478 suos
1108 436 1348 491 longissime
1379 450 1615 491 superasse.
1666 438 1868 487 Quorum
1893 436 2188 480 VValthardus

240 522 418 572 (Bernae
460 520 584 560 1765.
616 520 681 571 8.)
715 529 754 559 et
788 520 969 559 Goezius
1014 518 1235 569 (Norimb.
1267 518 1393 558 1794.
1425 518 1489 570 8.)
1521 517 1629 558 duos
1662 527 1827 560 tantum
1861 520 2024 575 priores
2058 518 2189 559 libros

236 600 324 639 sine
363 599 483 638 certis
523 598 756 664 rationibus
798 613 938 652 neque
986 598 1143 638 idoneis
1185 597 1438 649 adjumentis
1478 598 1666 639 instructi
1700 598 1849 639 leviter
1887 598 2014 639 modo
2057 607 2096 638 et
2124 597 2190 637 in-

239 679 440 718 concinne
469 678 713 718 emendatos
739 678 979 728 ediderant,
1013 679 1144 733 inque
1169 678 1363 733 plurimis
1390 695 1475 720 non
1507 681 1648 720 minus
1673 694 1694 720 a
1718 679 1865 720 Grotio
1890 679 2191 734 pependerant,

241 773 373 813 quam
415 759 482 798 vel
515 758 877 813 Capperonerius,
919 757 993 811 qui
1031 757 1189 797 librum
1229 758 1426 812 quintum
1467 760 1702 815 repetitioni
1741 759 1966 800 rhetorum
1997 760 2192 800 Pithoea-

238 854 395 880 norum
428 854 451 880 a
491 854 534 879 se
571 840 780 880 institutae
822 839 1007 893 (Argent.
1042 838 1168 889 1756)
1212 838 1492 892 adjunxerat,
1547 839 1616 880 vel
1656 839 1744 893 ipse
1788 838 2070 889 Meibomius,
2118 837 2193 891 qui

239 920 400 960 librum
453 935 618 960 nonum
661 920 898 972 subjecerat
943 920 1140 973 antiquae
1186 919 1373 960 musicae
1423 918 1666 959 auctoribus
1712 926 1872 973 septem
1919 931 1944 958 a
1987 931 2031 957 se
2078 915 2194 957 editis

243 1002 392 1052 (Amst.
424 1001 549 1042 1652.
581 1001 665 1053 4.);
709 1001 797 1055 ipse
830 1010 971 1041 autem
1006 1001 1199 1051 Grotius,
1245 1002 1320 1054 qui
1351 1001 1394 1041 in
1423 1000 1585 1055 integro
1617 1014 1745 1054 opere
1777 997 1940 1039 edendo
1971 998 2190 1053 Koppium

240 1082 436 1136 proxime
482 1096 751 1136 quamquam
797 1081 894 1136 plus
939 1096 1072 1135 quam
1120 1082 1403 1122 ducentorum
1451 1094 1661 1121 annorum
1710 1078 1934 1119 intervallo
1979 1078 2196 1118 antecessit

243 1163 395 1217 (lstugd.
422 1164 509 1203 Bat.
537 1163 662 1203 5599.
684 1163 765 1215 8.>,
797 1162 1120 1217 quatuordecim
1147 1176 1360 1202 annorum
1379 1174 1502 1215 puer,
1533 1159 1730 1212 quamvis
1755 1159 1967 1213 praecocis
1986 1158 2139 1212 ingenii
2158 1166 2198 1197 et

244 1244 543 1296 adjuvantibus
575 1244 791 1293 Meursio,
841 1243 1176 1296 Lindenbrogio,
1220 1243 1400 1297 ipsoque
1438 1254 1610 1280 summo
1641 1239 1677 1278 J.
1710 1238 1744 1278 J.
1774 1238 2006 1292 Scaligero,
2057 1246 2197 1278 tantae

241 1324 363 1364 molis
402 1325 519 1378 operi
558 1324 809 1378 neutiquam
851 1338 928 1377 par
968 1323 1123 1372 suerat,
1177 1331 1483 1377 praetereaque
1524 1320 1772 1361 instantibus
1810 1319 1965 1359 scilicet
1995 1318 2194 1359 nundinis

240 1403 668 1446 Francofurtensibus
716 1402 971 1458 typographi
1018 1418 1192 1457 operam
1246 1413 1333 1443 tam
1379 1402 1636 1456 negligenter
1689 1409 1877 1450 rexerat,
1929 1409 1977 1440 ut
2020 1409 2060 1441 et
2108 1399 2197 1440 aliis

240 1483 405 1524 mendis
439 1483 686 1523 foedissimis
719 1492 758 1522 ct
787 1483 829 1522 in
857 1483 1004 1536 primis
1037 1498 1085 1522 co
1114 1482 1459 1536 interpunctionis
1491 1495 1643 1534 genere
1663 1480 1861 1525 Martiani
1891 1480 2023 1520 oratio
2053 1480 2198 1533 inqui-

244 1575 441 1615 naretur,
473 1563 590 1618 quod
620 1563 920 1603 obscurissimo
950 1562 1140 1615 scriptori
1175 1563 1297 1601 etiam
1330 1559 1544 1613 spissiores
1574 1558 1769 1599 tenebras
1799 1557 2062 1611 offunderet,
2108 1573 2194 1613 quo

240 1656 383 1687 tamen
422 1645 512 1699 ipso
554 1651 803 1697 argumento
834 1641 1167 1681 luculentissime
1208 1649 1403 1695 apparet,
1449 1640 1646 1679 G-rotium
1682 1638 1970 1692 assequendae
2000 1638 2198 1680 Martiani

241 1726 373 1768 menti
402 1738 556 1780 parum
590 1723 794 1764 idoneum
824 1722 964 1762 fuisse.
1010 1723 1051 1762 Si
1084 1721 1255 1775 quidem
1288 1721 1330 1761 in
1354 1719 1493 1760 media
1525 1718 1737 1759 interdum
1767 1719 1940 1774 periodo
1965 1720 2198 1760 orationem

243 1805 414 1859 abrupit
450 1817 698 1857 novamque
739 1802 987 1841 sententiam
1026 1801 1145 1842 litera
1186 1802 1289 1841 adeo
1330 1801 1567 1855 majuscula
1607 1802 1739 1857 posita
1777 1817 1952 1843 exorsus
1985 1813 2066 1855 est,
2120 1803 2196 1844 ubi

243 1899 387 1925 sensus
418 1888 506 1925 sine
543 1884 632 1924 ulla
670 1882 982 1935 intercapedine
1022 1881 1371 1932 continuabatur3
1417 1881 1517 1921 alibi
1556 1896 1658 1921 vero
1690 1881 1848 1936 integra
1885 1884 2097 1925 vocabula
2127 1883 2196 1926 vel

245 1973 457 2005 commata
495 1963 689 2004 excidere
729 1977 876 2018 passus
915 1971 994 2013 est,
1036 1976 1173 2015 coque
1204 1960 1372 2000 defectu
1409 1970 1495 2001 tam
1528 1975 1682 2016 parum
1717 1961 2032 2014 offendebatur,
2073 1973 2121 2005 ut
2148 1979 2201 2005 ne

243 2047 286 2087 in
317 2047 421 2086 notis
452 2045 627 2102 quidem
668 2045 841 2085 lectores
886 2043 939 2084 de
978 2059 1026 2083 eo
1071 2042 1316 2097 corrigendo
1358 2042 1637 2083 admonuerit.
1699 2042 1790 2082 Hac
1821 2053 1964 2084 autem
1995 2045 2035 2084 in
2068 2058 2114 2085 re
2145 2058 2199 2084 nc

245 2127 400 2182 Koppii
433 2126 556 2167 editio
583 2126 816 2173 laboraret,
850 2126 1051 2180 quoniam
1088 2124 1191 2164 mihi
1225 2123 1390 2164 editoris
1416 2121 1571 2162 fiducia
1602 2123 1848 2162 correctoris
1881 2137 2039 2163 munus
2069 2122 2201 2164 tradi-

245 2206 383 2256 derat,
429 2215 587 2260 quanta
622 2205 739 2260 potui
769 2204 978 2259 diligentia
1014 2204 1183 2255 curavi,
1227 2218 1304 2244 nec
1334 2203 1411 2243 nisi
1444 2203 1586 2258 paucis
1620 2203 1662 2243 in
1692 2203 1813 2252 loeis,
1854 2216 2043 2255 quorum
2077 2217 2198 2244 men-

245 2287 400 2327 tionem
434 2286 474 2325 in
509 2287 697 2340 margine
724 2285 883 2340 subjeci
910 2288 969 2338 *),
1009 2286 1063 2325 ita
1096 2294 1317 2341 peecatum
1351 2298 1438 2323 esse
1469 2282 1655 2332 conlido,
1688 2291 1734 2321 ut
1763 2296 1908 2321 sensus
1944 2282 2200 2325 turbaretur.

346 2415 382 2460 >lt)
408 2418 445 2448 1¹.
472 2417 562 2456 254,
589 2415 643 2447 lin.
665 2417 709 2447 15
733 2415 793 2456 leg.
817 2422 1007 2463 sequentum
1031 2427 1088 2458 pro
1111 2419 1304 2461 sequentem.
1320 2431 1366 2437 —-
1392 2413 1430 2444 Ρ.
1455 2414 1545 2452 581,
1572 2413 1626 2443 lin.
1652 2412 1674 2442 ⁶2
1697 2411 1756 2452 leg.
1777 2410 1835 2452 fies
1858 2410 2019 2453 profecto,
2058 2402 2201 2456 decipula

246 2482 275 2511 si
295 2481 506 2512 (1‹lssrn.ver1's.
523 2497 569 2501 --
596 2478 636 2509 P.
655 2478 744 2518 609,
770 2478 826 2509 lin.
849 2478 894 2509 12
915 2478 976 2518 icg.
1002 2475 1050 2511 ι’·ςῑ
1061 2476 1280 2523 οῖέτιερτον.
1297 2494 1344 2498 —-
1371 2475 1411 2507 P.
1433 2475 1523 2515 624,
1550 2474 1603 2504 lin.
1623 2473 1680 2504 ult.
1703 2473 1763 2513 leg.
1783 2473 1812 2503 si
1833 2460 2017 2513 ›11et‘1'i·⁵eizn·,
2043 2480 2202 2518 repertum

249 2544 281 2573 id
307 2549 407 2581 esset,
441 2542 526 2589 qnod
551 2542 743 2587 requisitum
767 2546 835 2580 est,-
876 2552 962 2573 nunc
989 2553 1054 2571 non
1081 2542 1219 2572 metitur.
1240 2558 1285 2563 -—
1312 2538 1352 2569 P.
1377 2538 1464 2578 710,
1502 2536 1555 2567 lin.
1588 2537 1631 2567 15
1663 2535 1724 2576 leg.
1743 2536 1955 2580 spumigenae.
1978 2552 1982 2555 Δ
