2310 2860
201 189 287 232 156

799 186 1000 228 Martiani
1036 184 1238 242 Capellae
1275 184 1348 226 lib.
1373 184 1406 226 Ι.
1451 186 1571 237 §.95

202 304 275 336 aut
305 293 429 336 Nilus
461 292 609 344 dabat,
652 301 726 335 aut
755 292 955 344 Thebae,
986 291 1151 333 Aeneas
1182 300 1222 332 et
1251 290 1487 343 Romulus,
1519 291 1698 348 aliique,
1731 307 1838 350 quos
1869 302 2014 350 postea
2046 291 2164 333 astris

197 376 414 417 doctrinae
459 388 617 415 nomen
670 374 867 425 inseruit,

930 372 1134 428 designati
1182 372 1349 414 coelites
1402 373 1698 426 nominentur,
1742 383 1789 416 ut
1832 383 1925 431 post
1966 372 2165 415 membra

113 459 173 501 96
203 470 407 512 corporea
433 454 614 496 deorum
641 454 790 497 fierent
811 454 1003 496 curiales.
1050 453 1125 494 His
1150 467 1328 509 quoque
1359 462 1573 494 annuente
1597 452 1721 506 Jove,
1750 453 1924 509 jubetur
1948 451 2165 510 quaedam

197 535 338 593 gravis
381 535 642 591 insignisque.
686 536 866 588 femina,
913 550 1025 591 quae
1068 534 1343 590 Philosophia
1386 533 1628 586 dicebatur,
1676 533 1759 575 hoc
1810 535 1955 591 superi
1993 542 2163 575 senatus

196 683 393 722 repertorem
423 683 606 710 veneratam
638 677 738 710 fuisse
770 674 1154 724 unamquamque'natio—

196 752 269 772 nem
291 745 327 771 ut
350 740 451 772 civem
475 740 579 772 bonae
601 740 782 773 memoriae.
797 741 914 774 Cursu.
941 742 1063 786 (apoth.
1084 742 1154 774 Ho-

196 804 275 836 meri
299 817 330 849 p.
354 805 391 847 5)
409 823 456 828 —
471 804 556 837 Vide
578 805 730 849 pulchros
752 805 881 838 Horatii
901 806 964 850 (od.
983 808 1016 839 5.
1035 807 1070 848 2,
1093 806 1154 849 21)

196 879 327 901 versus:

255 932 311 963 „V
309 933 391 963 irtus
415 931 583 964 recludens
606 934 772 964 immeritis
796 934 880 964 mori

247 996 399 1034 Coelmn,
424 1001 541 1039 neqata
563 1001 666 1028 tentat
689 998 750 1029 iter
773 997 854 1028 viam

195 1055 331 1089 Animas
359 1057 437 1088 deus
459 1057 626 1101 alloquens
650 1058 713 1102 (ap.
743 1056 835 1090 Stob.
858 1057 916 1090 eel.
943 1059 980 1099 1,
1007 1058 1071 1099 52,
1095 1058 1154 1090 40.

195 1133 228 1166 p.
250 1121 322 1154 857
344 1120 457 1164 neor.)
480 1121 592 1153 edicit:
618 1121 674 1154 »Si
698 1133 801 1166 pauca
823 1121 943 1153 suerint
967 1128 1074 1154 vestra
1096 1121 1154 1154 eri-

195 1183 298 1225 mina,
325 1184 429 1216 carnis
450 1184 561 1216 relicta
583 1196 735 1229 compage
756 1185 881 1217 coelum
901 1197 1012 1217 rursus
1037 1185 1154 1229 ample-

197 1248 355 1280 ctemini«
395 1248 517 1280 Confer
545 1254 578 1280 et
608 1254 753 1280 nostrum
779 1249 982 1280 inferioribus
1008 1249 1088 1280 loeis
1112 1247 1154 1292 (ἓ.

198 1311 281 1342 155.
311 1309 407 1352 145).
444 1310 483 1342 In
507 1310 601 1341 editis
623 1323 640 1342 a
664 1310 779 1343 Grotio
808 1317 998 1354 coaptentur
1025 1311 1156 1355 quidam

194 1371 330 1413 legitur,
367 1371 424 1403 sed
453 1371 487 1403 in
516 1371 601 1403 notis
632 1371 686 1415 (ad
712 1371 739 1416 ξ.
759 1371 797 1416 6)
832 1372 1015 1404 observavit
1038 1372 1155 1404 librum

195 1434 349 1480 seriptum
366 1436 428 1467 boc
448 1434 521 1467 loco
539 1435 656 1466 habere
676 1441 873 1478 coaptentur,
897 1441 929 1467 et
944 1436 1041 1467 habet
1060 1435 1155 1467 etiam

197 1498 481 1530 Reiehenauensis.
514 1498 553 1530 In
573 1498 758 1530 Basileensi
780 1505 812 1531 et
833 1498 1084 1532 Darmstattensi
1109 1504 1155 1531 ta·

194 1573 269 1593 men
291 1560 355 1592 vidi
377 1560 532 1604 scriptum
552 1571 624 1592 esse
647 1566 845 1604 coaptentur.

268 1624 367 1656 ss'ilus
400 1622 516 1669 dabat]
553 1624 710 1656 Similiter
744 1624 943 1657 Claudianus
976 1624 1022 1667 (v.
1056 1623 1086 1667 ἓ.
1107 1623 1156 1655 62

195 1687 291 1731 not.):
319 1687 365 1719 »si
388 1699 470 1731 quos
492 1687 597 1718 Roma
617 1687 737 1731 recepit
759 1693 813 1718 aut
833 1687 920 1719 dedit
944 1686 1014 1730 ipsa
1042 1686 1150 1718 cleosa

195 1748 272 1780 Nilo
301 1750 434 1780 deorum
464 1747 688 1789 generationes
713 1748 891 1790 assignatas
921 1759 993 1779 esse
1021 1753 1157 1779 testatur

195 1811 357 1843 Eusebius
380 1810 503 1856 (praep.
525 1823 637 1853 evang.
661 1813 701 1851 5,
729 1813 762 1843 5.
784 1824 814 1855 p.
839 1812 906 1851 893
941 1810 1012 1842 add.
1031 1810 1156 1842 Arnob.

195 1875 233 1907 L.
258 1875 297 1916 4,
326 1888 356 1919 p.
380 1875 481 1918 155),
511 1875 762 1918 nominatimque
788 1886 828 1905 ex
855 1886 894 1905 eo
924 1874 986 1905 orti
1012 1875 1156 1905 fereban-

196 1942 249 1968 tur
271 1937 437 1969 Vulcanus
462 1936 543 1980 (Cic.
568 1935 607 1967 N.
630 1935 670 1967 D.
693 1936 727 1968 5.
749 1936 807 1967 22.
847 1935 985 1977 Diogen.
1007 1935 1156 1968 Laertius

196 2013 337 2044 prooem.
361 2002 397 2041 1,
429 2013 458 2045 p.
481 2000 504 2031 2
527 1998 654 2042 Mein),
685 1999 851 2042 Dionysus
880 1998 963 2042 (Cic.
994 1999 1034 2030 N.
1062 1999 1103 2030 D.
1121 2001 1156 2037 5,

197 2065 265 2104 253
291 2064 386 2095 Laur.
397 2063 509 2106 Lydus
528 2074 638 2094 mense
655 2063 749 2094 Mart.
766 2063 826 2102 58,
843 2074 876 2105 p.
893 2062 964 2094 199
977 2061 1156 2105 Roether.)‚

196 2127 374 2159 Mercurius
398 2127 449 2171 (cf.
473 2127 568 2158 eund.
586 2137 695 2157 mense
713 2124 793 2168 Apr.
812 2126 872 2165 44,
897 2137 926 2168 p.
943 2125 1048 2169 215),
1073 2126 1156 2157 ller-

198 2191 286 2223 eules
308 2190 395 2234 (ibid.
418 2191 485 2231 46,
519 2202 550 2234 p.
576 2189 681 2232 225),
711 2188 773 2220 alii.
812 2189 911 2220 Haud
946 2195 1052 2221 tamen
1090 2189 1157 2221 seio

199 2266 242 2291 au
265 2258 375 2286 nostro
395 2253 468 2286 loco
500 2252 595 2285 Nilus
616 2251 745 2284 omnino
765 2263 825 2296 pro
850 2251 1002 2297 Aegypto
1028 2253 1154 2297 positus

199 2318 258 2357 sit,
291 2317 335 2348 ita
358 2322 394 2347 ut
422 2315 613 2360 Aegyptiaei
643 2315 702 2356 dii,
737 2315 860 2357 Osiris,
891 2316 971 2358 Isis,
1004 2315 1154 2358 Anubis,

196 2378 298 2423 Apis,
318 2377 552 2419 intelligantur,
581 2376 637 2421 qui
657 2389 728 2409 sero
749 2383 871 2409 tantum
896 2390 913 2409 a
931 2378 1066 2411 Graecis
1086 2379 1153 2411 Ro-

197 2442 364 2486 manisque
389 2442 522 2472 deorum
548 2440 582 2472 in
605 2440 748 2472 ordinem
768 2441 888 2485 recepti
913 2447 996 2473 suut.

276 2501 415 2548 Thebae]
448 2501 624 2534 Herculem
647 2501 812 2543 intelligo,
851 2515 945 2546 quem
975 2503 1158 2535 Thebarum

200 2565 365 2596 alumnum
390 2564 532 2595 Pacatus
561 2562 607 2607 (in
641 2575 791 2606 paneffir.
819 2564 859 2603 4,
897 2576 929 2608 p.
953 2565 998 2596 18
1025 2563 1154 2607 Arntz.)

201 2628 350 2673 appellat,
371 2633 403 2660 et
427 2628 606 2668 Bacchum,
632 2626 747 2659 Cadini
769 2632 936 2673 nepotem,
962 2639 1057 2673 quem
1080 2628 1151 2662 ΗΟ·

1206 679 1306 711 ratius
1329 691 1458 724 quoque
1483 678 1561 724 (od.
1586 682 1620 714 5.
1639 682 1672 713 5.
1699 680 1760 726 15)
1776 680 1841 713 illis
1859 681 1961 724 addit,
1985 682 2042 727 qui
2064 693 2165 727 quum

1206 742 1359 776 mortales
1395 744 1462 776 nati
1499 750 1623 786 essent,
1661 744 1841 777 constantia
1872 751 1905 777 et
1935 745 2051 778 virtute
2083 745 2165 778 enisi

1207 819 1297 840 arces
1322 808 1432 850 igneas
1459 807 1643 850 attigerint,
1675 809 1811 842 forsitan
1834 809 1930 842 etiam
1952 809 2056 854 ipsum
2078 809 2164 843 Cad-

1207 884 1312 912 mum,
1351 883 1446 915 quem
1470 884 1536 904 non
1562 873 1670 905 herois
1698 878 1820 905 tantum
1841 874 1952 917 (Paus.
1976 874 2010 906 5.
2032 875 2089 906 15.
2110 872 2164 917 6),

1208 934 1266 966 sed
1290 934 1397 966 divino
1422 934 1517 966 etiam
1542 935 1663 967 honore
1688 935 1809 967 cultum
1831 935 1932 968 fuisse
1954 934 2084 979 quidam
2109 946 2164 967 vo-

1207 1000 1278 1032 lunt
1309 1000 1350 1044 (v.
1375 998 1549 1032 Miillerum
1576 999 1610 1031 in
1633 1000 1838 1033 Orchomeno
1861 1013 1892 1045 p.
1914 1000 1988 1032 216
2014 1005 2047 1031 et
2065 999 2166 1042 466),

1207 1067 1303 1104 neget
1326 1061 1402 1093 lieet
1421 1061 1604 1094 Lobeekius
1625 1062 1670 1106 (in
1692 1061 1904 1106 Aglaopham.
1926 1062 1969 1094 Π.
1992 1075 2021 1105 p.
2045 1060 2165 1104 1255).

1283 1122 1427 1168 Aeneas]
1462 1124 1512 1154 De
1538 1122 1652 1155 Aenea
1685 1124 1744 1155 deo
1771 1124 1910 1165 indigete
1935 1123 1976 1167 (ἓ.
2003 1122 2066 1165 62)
2090 1134 2164 1154 cou-

1208 1185 1277 1217 sule
1295 1185 1422 1216 Livium
1446 1185 1499 1227 (1,
1524 1185 1546 1215 2
1567 1185 1601 1228 f.)
1624 1190 1656 1216 et
1678 1185 1849 1227 Virgilium
1873 1184 1969 1229 (Aen.
1995 1185 2052 1224 12,
2077 1183 2164 1226 794)

1207 1247 1424 1290 Ovidiumque
1453 1247 1548 1291 (met.
1578 1247 1643 1287 14,
1679 1248 1751 1279 585
1770 1265 1817 1270 —
1833 1246 1920 1290 608)
1941 1259 1978 1278 ae
2000 1245 2165 1277 Tibullum

1207 1312 1263 1355 (2,
1288 1313 1326 1351 5,
1353 1310 1425 1354 44).
1451 1310 1502 1343 De
1526 1310 1667 1342 Romulo
1692 1310 1849 1341 Horatius
1869 1311 1932 1353 (ep.
1950 1310 1984 1340 2.
2009 1311 2040 1341 1.
2059 1309 2113 1353 3);

1265 1375 1438 1406 »Romulus
1461 1380 1494 1407 et
1512 1375 1610 1406 Liber
1627 1381 1721 1418 pater
1742 1380 1772 1405 et
1790 1386 1863 1405 eum
1887 1374 2022 1406 Castore
2042 1372 2165 1405 Pollux

1254 1439 1334 1470 Post
1357 1439 1501 1482 ingentia
1520 1437 1612 1481 faeta
1633 1439 1766 1470 deorum
1786 1440 1821 1469 in
1844 1438 1961 1481 templa
1982 1438 2140 1480 receptin5

1208 1500 1288 1532 adde
1309 1500 1446 1533 Vari-on.
1476 1499 1516 1532 de
1538 1500 1576 1531 L.
1597 1500 1637 1531 L.
1665 1500 1701 1532 4,
1724 1501 1783 1532 51.
1812 1499 1879 1532 Cic.
1905 1499 1946 1531 N.
1972 1499 2014 1530 D.
2040 1499 2074 1530 2.
2098 1498 2164 1536 243

1206 1566 1242 1597 5.
1267 1565 1330 1604 153
1355 1564 1453 1596 Tuse.
1474 1564 1505 1595 1.
1521 1563 1578 1595 12.
1590 1563 1710 1596 Minue.
1726 1562 1824 1595 Felic.
1843 1563 1903 1604 25,
1922 1562 1956 1593 2.
1976 1561 2164 1594 Tei-tullian.

1208 1628 1248 1659 ad
1271 1633 1335 1658 nat.
1356 1627 1388 1658 2.
1413 1627 1436 1658 9
1463 1632 1524 1659 eet.

1278 1694 1350 1732 post
1372 1686 1525 1733 membra]
1551 1688 1618 1719 Per
1641 1688 1786 1733 ellipsin,
1815 1700 1872 1732 pro
1906 1692 1997 1732 »post
2021 1687 2163 1719 membra

1564 1750 1614 1781 Ita
1639 1750 1719 1782 insta
1746 1749 1787 1794 (ξ.
1816 1750 1901 1794 162)
1929 1755 2022 1794 »post
2042 1749 2155 1780 vitam·

1207 1824 1322 1858 nempe
1359 1816 1556 1855 »peractam«
1587 1811 1799 1857 et(§.155)
1831 1818 1924 1856 »post
1949 1811 2163 1843 membrorum

1208 1762 1363 1794 corporea
1394 1755 1499 1781 exuta.
1507 1764 1518 1778 οι

1208 1886 1342 1906 nexum«
1375 1885 1489 1917 nempe
1514 1873 1752 1905 »dissolutum«

1283 1934 1433 1982 cmiales]
1469 1935 1589 1969 Glossa
1619 1935 1752 1968 Isidori:
1783 1936 2036 1981 »Areopagitae‚
2062 1935 2162 1968 curia-

1207 1999 1285 2031 les.«
1332 1999 1510 2032 curialium
1535 1999 1726 2031 vocabulum
1752 1999 1869 2031 Plauto
1906 2000 2074 2039 usitatum,
2105 1998 2163 2029 sed

1208 2068 1241 2093 et
1251 2061 1335 2103 juris
1357 2061 1522 2092 consultis.
1537 2061 1640 2093 Gno'r.
1656 2079 1705 2085 —-
1725 2061 1872 2094 Cui-iales
1889 2061 2045 2093 Romanis
2065 2060 2160 2091 iidem

1208 2129 1298 2155 eraut
1321 2122 1375 2166 qui
1398 2122 1532 2154 Graecis
1557 2119 1769 2169 φρατέρες,
1797 2123 1957 2154 interd-um
1984 2122 2079 2153 ethim
2106 2120 2161 2164 qui

1208 2183 1372 2233 δημόται
1398 2185 1448 2230 (v.
1486 2186 1554 2219 Cic.
1590 2188 1671 2219 oilie.
1701 2187 1740 2227 2,
1777 2188 1821 2218 18
1855 2185 1907 2228 fl).
1953 2185 2099 2228 Namque
2128 2185 2161 2216 in

1207 2249 1414 2298 φρατρίαν,
1445 2249 1497 2282 vel
1520 2250 1553 2282 in
1574 2249 1699 2295 δῆμον
1725 2249 1862 2292 aliquem
1883 2249 1938 2291 qui
1965 2248 2161 2292 recipieban-

1205 2316 1274 2353 tur,
1301 2312 1386 2355 apud
1408 2311 1626 2343 Athenienses
1654 2311 1797 2353 aliosque
1826 2310 1996 2354 participes
2023 2310 2159 2342 civitatis

1202 2374 1286 2418 juris
1306 2374 1418 2418 optimi
1439 2374 1559 2405 fiebant
1582 2373 1728 2417 (Platner
1747 2372 1859 2415 Beytr.
1887 2384 1943 2404 zur
1964 2373 2107 2404 lienntn.
2130 2372 2161 2404 d.

1206 2437 1275 2470 Att.
1297 2437 1337 2468 R.
1365 2449 1397 2480 p.
1416 2436 1542 2469 145—
1556 2436 1636 2467 152.
1666 2436 1737 2467 188
1749 2435 1909 2479 -201)=
1925 2434 2010 2466 unde
2028 2434 2160 2466 deorum

1207 2500 1342 2534 curiales
1359 2500 1427 2531 fieri
1441 2499 1565 2531 erudite
1586 2499 1662 2530 ‹lieit
1678 2499 1855 2531 Martianus
1874 2511 1942 2540 eos,
1960 2500 2015 2543 qui
2035 2499 2069 2530 in
2086 2499 2159 2530 deo-

1206 2576 1277 2596 rum
1289 2574 1456 2594 numerum
1467 2574 1538 2594 eum
1553 2561 1622 2605 pari
1636 2566 1668 2592 et
1682 2561 1841 2605 aequabili
1849 2561 1923 2603 jure
1933 2561 2159 2605 reciperentur·

1277 2621 1495 2670 Philosophia]
1523 2623 1572 2655 lta
1609 2623 1758 2655 meliores
1783 2623 1856 2655 libri
1889 2623 2013 2668 scripti,
2045 2622 2156 2657 Mona-
