2310 2860
674 169 872 213 Martiani
911 170 1111 229 Capellae
1151 171 1222 214 lib.
1244 171 1299 215 II.
1336 175 1368 226 ᾗ.
1395 173 1491 217 122.

1979 180 2058 222 171

502 276 631 318 Nunc
660 277 822 320 stellata
849 278 934 334 poli
965 279 1158 335 conspice
1188 280 1356 331 limina,

498 357 552 398 Et
582 358 766 399 candore
794 372 915 400 sacro
948 361 1126 404 aetheris
1156 372 1295 403 utere:

501 437 644 488 Quem
677 453 780 480 vero
811 440 997 494 pretium
1029 451 1089 481 est
1116 456 1290 482 noscere
1320 441 1496 485 lumine.

753 519 917 561 scande
948 522 1054 562 coeli
1083 522 1243 578 templa
1272 523 1392 579 virgo

750 600 891 655 Digna
921 609 1034 641 tanto
1065 601 1251 644 foedere.

751 680 817 722 Te
846 694 966 721 socer
995 680 1141 722 subire
1172 681 1283 724 celsa

754 762 891 804 Poscit
920 771 1031 804 astra
1062 762 1241 820 Jupiter.

264 844 366 886 Mox
398 844 525 887 Erato
543 859 550 882 :

2093 855 2177 897 123

695 925 837 982 Caput
868 925 1029 968 artibus
1059 926 1218 982 inclyta
1248 927 1369 984 virgo

693 1007 774 1049 Cui
806 1008 1008 1064 panditur
1039 1009 1139 1051 aula
1170 1010 1397 1052 Tonantis:

90 1105 183 1145 416,
212 1104 280 1135 adv.
295 1104 384 1147 phys.
404 1103 445 1144 9,
473 1103 544 1135 182
568 1108 600 1134 ct
626 1103 707 1134 infra
731 1108 877 1135 nostrum
894 1102 935 1147 (§.
952 1103 1049 1146 527).

163 1164 288 1212 limina]
300 1167 572 1211 Guelferbytanus
592 1167 721 1211 quidem
736 1167 849 1207 codex,
865 1173 948 1198 teste
967 1167 1048 1200 Cor-

89 1229 151 1270 tio,
174 1234 208 1261 et
221 1228 417 1260 Dresdensis
438 1230 562 1260 lmnina
579 1229 747 1269 exhibent,
774 1230 924 1272 quoniam
942 1235 1048 1261 autem

92 1290 279 1322 canentibus
300 1290 403 1323 Musis
421 1290 603 1331 Philologia
625 1302 690 1322 non
708 1290 771 1322 nisi
788 1291 821 1323 in
842 1293 951 1323 limine
972 1303 1046 1335 apo-

90 1355 241 1386 theoscos
261 1359 339 1393 crat,
363 1354 524 1394 vulgatam
545 1354 716 1386 lectionem
733 1366 771 1385 co
792 1355 891 1396 magis
917 1356 1046 1395 retinui,

92 1426 157 1460 quo
171 1415 303 1460 propius
322 1426 383 1446 vox
399 1415 519 1446 lumine
536 1414 688 1458 sequitur.
705 1416 819 1447 Limen
840 1417 919 1448 coeli
937 1422 1049 1448 noster

91 1478 186 1510 etiem
211 1488 307 1520 supra
330 1475 371 1520 (ξ.
394 1475 456 1519 65)
479 1476 611 1508 dixerat.

161 1540 300 1583 pretium
323 1536 384 1582 est]
412 1536 546 1569 Scilicet
573 1542 719 1568 ntum-um
742 1536 915 1569 laborum«
941 1537 1045 1570 VnLc.

90 1622 136 1627 -
163 1601 324 1645 Equidem
352 1611 413 1645 pro
449 1611 585 1644 »operae
619 1600 758 1644 pretium
787 1606 856 1632 cst«
888 1601 1044 1642 intelligo.

87 1667 161 1711 Ipse
193 1665 325 1698 Tacitus
357 1663 444 1709 (ann.
475 1665 514 1705 1,
548 1663 627 1708 57)ι
656 1679 668 1694 υ
677 1663 869 1697 Germanico
905 1665 1045 1707 prelium

84 1728 149 1772 fuit
176 1732 362 1760 convertere
390 1737 532 1768 agmen.u

161 1787 294 1835 lumine]
322 1788 505 1821 Verborum
535 1786 567 1818 in
597 1787 660 1818 hoc
685 1785 823 1818 carmine
856 1786 934 1818 ordo
965 1787 1043 1819 satis

88 1850 254 1883 intricatus
281 1850 325 1882 ita
351 1850 523 1881 struendas
547 1847 624 1879 mihi
652 1847 781 1891 quidem
805 1847 948 1880 videtur:
972 1850 1043 1882 »ιΤιι

88 1911 323 1956 (Philologia!)‚
340 1923 421 1955 quae
438 1910 553 1942 sollcrs
570 1921 605 1940 cs
622 1908 782 1941 rhetorico
800 1915 937 1952 syrmate
956 1909 1042 1942 elan-

87 1987 162 2018 gere
181 1987 334 2018 reumque
357 1973 468 2006 rabido
492 1978 623 2017 pectore
651 1972 834 2013 absolvere,
859 1985 941 2016 quae
957 1986 1043 2007 nunc

85 2039 214 2071 horrida
241 2050 336 2070 sensa
361 2037 497 2070 nexibus
528 2036 631 2079 ligans
660 2041 693 2071 et
718 2036 832 2068 soritas
857 2037 1040 2070 accessibus

87 2102 205 2136 cumuli
223 2113 398 2144 aggerans,
433 2104 519 2133 nunc
542 2101 599 2145 (se.
620 2100 734 2132 sollers
759 2100 808 2144 es)
834 2101 911 2145 quid
935 2102 1046 2143 regula

87 2166 289 2209 grammatica
313 2165 480 2208 stringere,
508 2164 586 2208 quid
605 2164 693 2197 sandi
719 2165 863 2196 ordinem
887 2165 1045 2208 ambiguis

88 2236 240 2272 conterat,
263 2229 411 2262 sensibus
433 2229 608 2262 docticanis
628 2229 760 2269 ludere,
787 2229 937 2274 conspice
959 2241 1045 2261 nunc

88 2293 196 2324 limina
217 2292 343 2324 stellata
361 2291 430 2336 poli
453 2297 485 2323 ct
508 2297 597 2323 utere
622 2291 760 2323 candore
784 2303 874 2324 sacro
896 2292 1044 2332 aetheris,

90 2365 184 2398 quem
217 2353 355 2398 pretium
388 2359 437 2385 est
472 2365 549 2384 vero
583 2352 702 2384 lumine
730 2365 895 2387 noscerem
936 2354 1045 2387 Verba

97 2415 232 2446 »lumine
253 2428 348 2447 vero«
372 2426 391 2446 e
410 2414 541 2447 Lucano
563 2415 618 2460 (9,
649 2414 710 2458 11)
737 2415 859 2448 sumsit.

165 2476 279 2523 Erato]
301 2478 330 2509 E
348 2477 466 2510 Graeci
483 2478 620 2511 nominis
637 2478 869 2522 significatione
888 2480 961 2513 huic
973 2481 1040 2523 jam

90 2542 184 2574 Plato
215 2541 367 2586 (phaedr.
389 2554 420 2585 p.
442 2542 516 2574 549
541 2542 648 2587 Bip.),
685 2545 836 2577 amatoria
868 2546 1040 2585 tribucrat3

92 2612 220 2638 secutus
247 2603 384 2637 Ovidius
407 2604 479 2649 (art.
501 2616 559 2637 am.
583 2606 623 2647 2,
656 2607 730 2650 16)=

1158 1105 1277 1138 »Nunc
1299 1108 1420 1139 Erato.-
1441 1119 1516 1141 nam
1537 1114 1574 1142 lu
1597 1121 1714 1143 nomen
1736 1113 1854 1144 mum-is
1875 1112 1990 1146 habes«

1102 1166 1200 1210 (conf.
1232 1171 1326 1202 eund.
1353 1171 1394 1212 2,
1426 1173 1500 1205 425
1530 1179 1563 1205 et
1582 1172 1796 1218 Apollonium
1827 1176 1934 1209 Rhod.
1961 1179 1984 1210 5
2016 1177 2055 1209 ab

1101 1229 1199 1274 inin),
1227 1245 1322 1276 quem
1346 1234 1474 1277 quidem
1493 1247 1632 1268 amorem
1653 1237 1818 1269 Cornutus
1840 1237 1911 1282 (14.
1933 1251 1964 1283 p.
1985 1240 2056 1270 159

1102 1291 1189 1336 Gal.)
1211 1293 1245 1324 iu
1268 1295 1503 1340 philosophiam
1525 1297 1704 1342 detorquet.
1743 1300 1953 1332 Monumenta
1973 1300 2056 1331 Her-

1101 1356 1284 1389 culanensia
1308 1359 1354 1403 (2.
1378 1360 1439 1391 tab.
1459 1361 1496 1404 6)
1523 1362 1606 1394 hane
1627 1363 1754 1395 Musam
1783 1363 1945 1407 appellant
1971 1364 2054 1407 psal-

1100 1421 1214 1459 triam,
1243 1421 1433 1464 quibuscum
1456 1425 1683 1468 epigrammata
1705 1426 1830 1459 Graeca
1853 1426 1901 1471 (1,
1919 1428 1981 1468 67,
1997 1428 2055 1459 25.

1099 1492 1130 1523 p.
1151 1480 1224 1511 257
1252 1482 1381 1525 Bosch)
1415 1490 1448 1515 ct
1477 1485 1593 1518 Latina
1617 1486 1674 1530 (1,
1708 1489 1765 1520 75.
1803 1500 1836 1532 p.
1858 1489 1903 1520 51
1930 1487 2057 1531 Burm.)

1097 1540 1218 1584 pariter
1239 1554 1275 1573 ae
1294 1542 1488 1576 Plutarchus
1512 1546 1558 1589 (in
1583 1558 1683 1590 symp.
1707 1548 1748 1587 9,
1775 1549 1831 1581 15.
1859 1560 1890 1592 p.
1917 1548 2004 1592 745)
2023 1554 2057 1580 et

1097 1602 1265 1635 Ausonius
1300 1605 1366 1648 (Id.
1391 1608 1457 1647 20,
1495 1608 1538 1651 6)
1571 1609 1752 1642 concinunt.
1791 1610 1840 1643 At
1867 1622 1942 1642 vero
1970 1610 2056 1655 apud

1097 1671 1243 1696 nostrum
1269 1667 1381 1699 eadem
1411 1670 1507 1701 Musa
1531 1671 1571 1701 de
1602 1672 1712 1702 mundi
1738 1678 1770 1703 et
1796 1684 1901 1704 rerum
1927 1679 2053 1706 natura-

1097 1728 1177 1761 lium
1210 1730 1392 1771 cognitione
1426 1732 1572 1774 disserit‚
1605 1746 1669 1777 quo
1696 1735 1809 1766 iterum
1834 1741 1938 1779 patet.
1969 1738 2053 1769 Mar-

1096 1790 1217 1822 tianum
1250 1792 1289 1822 ad
1316 1792 1368 1833 id,
1409 1793 1496 1837 quod
1525 1794 1640 1839 cuique
1664 1796 1778 1828 Musae
1805 1798 1966 1841 peculiare
1995 1805 2056 1839 est,

1096 1854 1225 1886 minime
1253 1861 1427 1898 spectasse.
1471 1857 1523 1890 De
1552 1864 1655 1891 metro
1687 1860 1814 1902 glossae
1840 1861 2055 1895 Monacenses

1096 1918 1155 1962 (B.
1174 1917 1233 1962 E.)
1258 1924 1292 1950 et
1313 1919 1537 1953 Basilecnses:
1568 1923 1726 1956 »Meu-um
1754 1925 1974 1969 anapestieum
2004 1938 2053 1959 ca-

1096 1980 1277 2012 talecticum
1294 1988 1421 2013 constat
1438 1983 1540 2015 tribus
1566 1985 1727 2029 anapestis
1751 1992 1784 2018 ct
1808 1986 1960 2030 syllabam
1991 1987 2055 2019 Est

1096 2041 1192 2084 igitur
1208 2042 1449 2075 Paroemiacum
1465 2045 1532 2077 sive
1547 2045 1800 2092 Anapaesticum
1814 2048 1983 2082 dimetrum
2003 2061 2052 2082 ca-

1096 2105 1287 2138 talecticum.

1171 2167 1308 2214 artibus]
1336 2169 1442 2213 Caput
1468 2182 1540 2203 cum
1562 2171 1660 2203 dandi
1684 2183 1761 2205 casu
1785 2173 1980 2207 Terentiana
2006 2174 2052 2207 di-

1096 2229 1159 2262 ctio
1191 2230 1313 2274 (Andr.
1341 2233 1380 2273 2,
1411 2235 1452 2274 6,
1485 2235 1545 2270 27.
1571 2234 1711 2281 Adelph.
1742 2238 1785 2279 4,
1815 2237 1856 2279 2,
1888 2238 1953 2270 29:
1979 2236 2050 2270 add.

1094 2294 1244 2338 Propert.
1264 2296 1304 2333 2,
1331 2297 1396 2337 18,
1426 2298 1499 2342 86).
1526 2298 1616 2342 Quid
1641 2306 1737 2344 caput
1752 2302 1815 2334 hoc
1835 2301 1933 2334 modo
1955 2300 2050 2342 signi-

1095 2356 1180 2396 ficet,
1202 2357 1296 2389 docet
1313 2357 1553 2401 Quinctilianus
1568 2360 1620 2405 (5,
1639 2363 1695 2403 11,
1714 2363 1772 2395 27.
1787 2364 1899 2407 Ρ.627
1915 2359 2049 2405 Spald.).

1094 2419 1207 2451 Possit
1235 2426 1340 2453 tamen
1369 2423 1465 2455 etiam
1494 2436 1553 2468 pro
1587 2426 1831 2469 compellatione
1863 2425 1980 2468 accipi,
2013 2430 2049 2454 υἱ

1093 2484 1177 2528 apud
1189 2484 1368 2517 Homerum
1392 2487 1441 2531 (lt.
1457 2489 1496 2522 θ.
1509 2488 1596 2532 281)
1608 2488 1749 2536 Τεῦκρε
1765 2489 1860 2536 φίλη
1881 2484 2044 2534 κεφαλή.

1172 2548 1346 2595 Tonantis]
1366 2550 1505 2593 Egregie
1528 2552 1579 2584 hic
1599 2552 1729 2596 Jupiter
1748 2552 1886 2595 epitheto
1914 2562 2046 2597 κεραυ·

1095 2607 1184 2645 ι’ἱου
1204 2609 1320 2656 (Ox-ph.
1339 2612 1446 2657 hymn.
1463 2613 1523 2657 18)
1550 2613 1616 2644 sive
1639 2614 1792 2646 Tonantis
1810 2611 1883 2655 (Sil.
1907 2613 1965 2654 15,
1988 2612 2046 2645 20,

1555 2674 1603 2705 22
1626 2671 1648 2697 *
