2310 2860
692 169 890 211 Martiani
929 169 1129 226 Capellae
1171 169 1242 211 lib.
1265 170 1317 211 II.
1348 172 1378 221 ᾗ.
1405 168 1502 211 162.

110 285 190 327 est,
231 276 484 332 Proserpina
506 286 784 318 memoratur.

1992 173 2078 214 217

843 276 1013 319 Verum
1043 276 1103 317 illi
1137 276 1308 327 Manes,
1341 277 1546 332 quoniam
1584 278 1832 334 corporibus
1865 279 1938 320 illo
1961 289 2071 320 tem·
2102 282 2186 327 162

108 372 212 414 pore
244 358 515 409 tribuuntur,
551 373 638 414 quo
669 358 714 400 fit
737 358 878 414 prima
913 357 1149 413 conceptio,
1191 358 1315 399 etiam
1352 367 1445 413 post
1476 358 1607 400 vitam
1639 360 1787 401 iisdem
1818 361 2068 416 corporibus

106 439 391 490 delectantur,
437 450 566 495 atque
608 455 708 481 cum
748 439 813 480 his
856 448 1074 480 manentes
1135 437 1404 493 appellantur
1446 438 1667 480 Lemures.

1755 440 1843 491 Qui
1885 441 1918 481 si
1958 441 2068 482 vitae

107 521 259 577 prioris
301 521 432 576 adjuti
476 521 634 562 fuerint
677 521 915 571 honestate,
972 519 1014 559 in
1059 520 1190 560 Lares
1234 516 1466 558 domorum
1515 519 1781 574 urbiumque
1826 530 2065 562 vertuntur.

107 602 152 644 Si
186 611 329 643 autem
367 602 682 658 depravantur,
729 615 782 641 ex
825 615 1007 656 corpore
1047 600 1218 642 Larvae
1261 598 1541 655 perhibentur
1587 615 1635 641 ac
1666 600 1848 642 Maniae.

106 721 221 753 saltem
252 722 370 764 legisse
403 722 609 755 meminerim
658 721 796 764 Legerat
829 732 942 765 nempe
972 720 1062 752 illum

106 783 215 816 Ovidii
241 785 324 828 (fast.
353 786 394 825 G,
427 784 512 827 751)
540 795 684 816 versum:

160 846 334 885 nReddita,
361 846 506 890 quisquis
527 846 555 877 is
584 851 653 887 est,
685 845 861 879 Summano
883 845 998 888 templa
1012 844 1061 889 fe-

501 914 629 940 nentur.
638 924 649 936 «ι

104 970 210 1003 Varro
245 971 302 1016 (L.
331 971 369 1003 L.
393 971 434 1010 4,
468 971 537 1014 48)
565 983 682 1002 nomen
710 970 867 1003 Sabinum
904 981 976 1000 esse
1008 968 1059 1000 ait.

103 1032 173 1064 Sed
194 1033 276 1064 male
300 1032 502 1074 Augustinus
527 1044 568 1064 ne
590 1032 655 1074 legi
679 1032 807 1076 quidem
833 1031 914 1062 illud
943 1031 1061 1063 scribit.

103 1095 238 1136 Legitur
264 1106 341 1126 sane
367 1107 433 1126 non
455 1094 559 1126 solum
577 1095 609 1126 in
626 1095 767 1138 lapidum
789 1094 889 1125 titulis
914 1094 1059 1136 (Gruter.

104 1156 196 1197 121,
231 1158 262 1188 1.
291 1157 380 1196 156,
417 1156 450 1200 1)
480 1157 568 1188 etin
597 1156 786 1189 calendariis
816 1156 929 1200 (mens.
949 1155 1058 1197 dum),

103 1217 161 1250 sed
186 1218 271 1262 apud
300 1218 420 1250 multos
451 1218 546 1250 etiarn
581 1218 753 1262 scriptores
784 1217 871 1262 (Liv.
903 1218 970 1257 52,
993 1217 1058 1254 29.

102 1278 171 1311 Cic.
188 1280 252 1312 div.
276 1281 308 1320 1,
331 1281 386 1311 10.
413 1280 498 1311 Plin.
521 1281 556 1320 2,
579 1280 637 1321 52,
667 1281 724 1312 53.
751 1281 817 1320 29,
838 1280 871 1310 4.
899 1280 956 1310 14.
972 1279 1058 1310 Fest.

102 1355 134 1378 v,
156 1342 256 1375 Dium
279 1355 311 1387 p.
336 1343 416 1375 125.
444 1343 552 1375 Plaut.
570 1343 689 1375 Bacch.
708 1344 744 1383 4,
769 1345 803 1383 8,
829 1344 894 1383 543
928 1343 1058 1374 Curcul.

102 1408 143 1447 5,
171 1408 209 1447 1,
236 1406 411 1438 45—48.
435 1405 561 1438 Arnoh.
583 1407 617 1438 5.
639 1419 672 1450 p.
691 1406 771 1438 125.
800 1407 831 1437 5.
858 1418 889 1449 p.
916 1407 996 1437 185.
1026 1407 1059 1437 G.

102 1481 136 1513 p.
150 1467 255 1511 191.).
282 1466 378 1499 Adde
395 1467 612 1499 Summanalia
628 1467 691 1498 liba
706 1467 804 1511 (apud
821 1466 908 1498 Fest.
922 1479 952 1510 p.
963 1466 1059 1510 543).

176 1529 316 1576 praeest]
345 1530 488 1563 Omnino
507 1531 637 1572 rectius,
664 1543 759 1574 quam
777 1530 910 1562 aliorum
931 1532 1060 1573 propior

100 1600 157 1626 est.
183 1593 258 1626 Non
276 1592 360 1624 enim
381 1592 486 1624 solum
511 1592 657 1624 codicum
679 1592 867 1623 auctoritate
889 1592 943 1622 illa
962 1591 1058 1622 lectio

101 1658 227 1698 nititur,
262 1663 297 1688 ut
331 1656 498 1697 Grotiani,
529 1656 747 1696 Basileensis,
782 1654 1058 1694 Darinstattensis,

100 1719 254 1761 Hugiani,
278 1718 521 1751 Monacensium
539 1718 593 1761 (C.
607 1718 649 1749 D.
663 1717 704 1749 E.
721 1717 775 1760 G),
802 1715 1059 1760 Guelferbytani,

101 1783 315 1823 Drcsdensis,
348 1782 640 1823 Cantahrigiensis,
671 1780 966 1821 Reiehenauensis3
1002 1779 1059 1811 sed

100 1846 173 1878 sons
204 1846 299 1878 etiam
332 1851 460 1890 apertus
487 1850 554 1885 est,
587 1857 605 1876 e
635 1856 700 1889 quo
729 1849 841 1876 noster
866 1844 988 1884 hausit,
1017 1843 1058 1875 si·-

103 1907 232 1952 quidem
257 1907 363 1940 Varro
394 1907 456 1951 (ap.
480 1905 567 1947 Aug.
589 1906 629 1936 de
655 1905 713 1937 civ.
739 1905 790 1936 dei
818 1905 860 1945 4,
888 1904 948 1947 10)
979 1911 1058 1936 »ter-

101 1983 169 2003 ram
188 1970 323 2002 Plutoni
342 1970 461 2010 tribuit,
482 1969 667 2001 inferiorem
685 1974 791 2000 autem
814 1973 916 1999 terrae
935 1973 1059 2011 partem

101 2032 345 2076 Prose1·pinae.«
380 2031 521 2063 Causam
544 2030 748 2074 cur‘quidam
769 2032 899 2072 propior
917 2035 965 2061 est
982 2029 1058 2061 seri-

102 2096 233 2141 pserint,
252 2095 286 2127 in
307 2095 442 2126 ridiculo
464 2099 570 2137 etymo
588 2094 803 2139 quaerendam
818 2105 889 2125 esse
912 2094 1057 2133 arbitror,

103 2160 193 2203 quasi
228 2160 315 2190 illius
351 2159 429 2190 deae
465 2166 583 2189 nomen
614 2169 632 2189 a
663 2169 850 2201 proserpere
878 2157 1058 2188 ducendum

103 2227 199 2253 esset.
240 2220 308 2253 Sed
334 2222 415 2252 hanc
441 2219 623 2264 opinionem
645 2219 713 2260 jam
736 2219 852 2251 Cicero
877 2219 930 2263 (N.
956 2219 998 2250 Ι).
1024 2220 1058 2250 2,

104 2285 168 2328 27)
199 2284 363 2325 refutavit,
398 2296 503 2327 neque
539 2283 577 2315 de
613 2289 719 2327 etymo
749 2284 832 2328 apud
867 2283 1059 2316 Martianum

105 2348 166 2378 hoe
202 2346 330 2388 quidem
359 2345 433 2377 loco
466 2345 612 2389 quaestio
645 2351 723 2379 erat.
767 2346 817 2377 De
847 2345 959 2376 Lunae
987 2357 1058 2377 cnm

104 2407 300 2450 Proserpina
324 2406 543 2450 antiquissima
573 2407 744 2439 collatione
778 2407 850 2438 vide
881 2406 1059 2451 Orphicum

104 2471 224 2513 (hymn.
246 2468 315 2509 70).

183 2531 366 2574 corporibus
382 2529 596 2576 delectantur]
621 2531 810 2564 Communis
826 2533 893 2564 sere
911 2532 1058 2564 omnihus

108 2594 306 2639 philosophis
339 2595 416 2627 haec
460 2594 501 2625 de
536 2593 657 2626 animae
680 2596 851 2628 'humanae
893 2595 1059 2628 affectione

1914 601 2064 643 Manes
2097 599 2182 642 165

1113 720 1180 751 sive
1205 721 1421 765 propensione
1446 720 1603 752 sententia
1626 722 1693 753 suit.
1720 722 1816 754 Philo
1843 722 1990 754 «Iudaeus
2012 723 2065 767 (de

1113 795 1213 814 somn.
1242 783 1306 828 Op.
1331 797 1361 828 p.
1387 783 1488 827 586):
1519 783 1726 816 »Animarum
1754 785 1834 817 aliae
1868 786 2068 819 descendunt

1110 847 1280 889 illigandae
1305 848 1492 892 corporibus
1512 849 1699 880 mortalibus
1720 854 1880 893 quotquot
1898 849 2067 882 viciniores

1112 914 1186 940 sunt
1203 914 1306 940 terrae
1327 909 1615 954 animantioresque
1637 922 1816 954 corporum.
1841 910 1936 943 Aliae
1956 923 2066 943 rursus

1110 972 1246 1003 redeunt
1271 978 1434 1017 separatae
1465 974 1569 1005 denuo
1597 980 1672 1017 post
1698 974 1883 1017 praefinitos
1915 986 1933 1006 a
1957 980 2069 1006 natura

1110 1034 1283 1065 terminos:
1308 1040 1398 1066 etex
1419 1035 1469 1066 his
1490 1034 1569 1066 aliae
1597 1041 1669 1067 ante
1694 1041 1781 1067 actae
1803 1036 1885 1067 vitae
1911 1036 2069 1068 desiderio

1680 1097 1776 1129 Adde
1814 1099 1985 1130 Platonem
2018 1099 2070 1142 (in

1109 1158 1231 1190 Phaed.
1262 1171 1293 1202 p.
1320 1160 1391 1190 108
1419 1158 1562 1202 steph),
1600 1164 1632 1190 et
1662 1159 1862 1191 Macrobium
1897 1160 1942 1203 (in
1969 1172 2070 1191 somn.

1110 1219 1198 1264 Scip.
1222 1220 1257 1260 2,
1282 1221 1328 1252 16
1348 1225 1380 1251 et
1406 1220 1475 1263 17).
1515 1220 1689 1252 Recentior
1711 1221 1807 1251 etiam
1822 1221 1959 1264 scriptor
1974 1221 2071 1253 Clau·

1110 1284 1225 1315 dianus
1251 1284 1428 1316 Mamertus
1455 1284 1522 1327 (ap.
1547 1284 1692 1317 Boeclzli.
1715 1283 1748 1315 in
1773 1284 1922 1316 Philolao
1944 1297 1975 1328 p.
2001 1286 2070 1316 177

1109 1109 1236 1129 rursum
1266 1097 1306 1128 ad
1338 1109 1408 1129 eam
1437 1103 1633 1129 recurrunt-¹(

1109 1345 1143 1387 f.)
1165 1346 1244 1376 haec
1262 1345 1372 1376 habet:
1392 1345 1564 1386 »Diligitur
1580 1357 1696 1389 corpus
1715 1345 1755 1376 ab
1774 1345 1889 1388 anima,
1909 1346 1983 1390 quia
2002 1346 2070 1377 sinc

1111 1417 1150 1437 eo
1174 1418 1239 1437 non
1261 1411 1370 1449 potest
1393 1405 1439 1436 uti
1458 1405 1624 1436 sensibus:
1645 1418 1662 1436 a
1687 1418 1751 1449 quo
1776 1412 1945 1450 postquam
1969 1412 2071 1439 morte

1112 1467 1248 1498 deducta
1278 1471 1343 1506 est,
1382 1465 1448 1507 agit
1470 1465 1505 1496 in
1526 1466 1646 1497 mundo
1675 1466 1909 1509 incorporalem
1939 1468 2063 1499 vitam.«

1111 1530 1264 1561 Ceterum
1299 1541 1357 1573 pro
1395 1529 1537 1567 hisdem,
1580 1529 1667 1571 quod
1695 1529 1829 1561 Giotius
1865 1529 1978 1571 edidit,
2017 1541 2069 1562 co-

1111 1593 1198 1624 dices
1215 1592 1502 1633 Cantabrigiensis,
1521 1591 1810 1632 Reiebenauensis,
1834 1598 1867 1623 et
1891 1593 2069 1626 Darmstat-

1112 1655 1213 1687 tensis
1236 1654 1352 1686 melius
1378 1654 1533 1698 praebent
1556 1655 1685 1694 iisdem,
1718 1655 1804 1698 quod
1826 1655 1942 1699 recepi.

1185 1717 1352 1763 Lemures]
1379 1718 1452 1750 Hos
1475 1718 1618 1751 Manium
1642 1730 1742 1759 genus
1771 1730 1842 1750 esse
1867 1725 1953 1750 recte
1979 1718 2069 1758 dixit,

1108 1783 1207 1827 idque
1230 1795 1271 1815 ex
1293 1782 1413 1814 ovidio
1436 1782 1520 1826 (fast.
1546 1783 1585 1822 5,
1613 1781 1702 1825 456)
1724 1782 1819 1813 etiam
1842 1787 1940 1826 patet.
1974 1783 2069 1826 Quae

1109 1845 1193 1876 enim
1225 1846 1264 1876 de
1293 1844 1442 1876 Manibus
1477 1843 1529 1874 hie
1560 1843 1704 1874 fabarum
1738 1855 1798 1887 ope
1827 1843 1991 1886 ejiciendis
2019 1855 2070 1876 ca·

1108 1908 1171 1948 nit,
1197 1908 1307 1939 eadem
1326 1907 1432 1940 Varro
1451 1907 1514 1950 (ap.
1533 1906 1619 1938 Non.
1633 1907 1667 1946 2,
1695 1907 1780 1949 515)
1801 1907 1839 1937 de
1865 1907 2068 1939 Lemuribus·

1108 1970 1192 2001 Prae
1215 1969 1347 2012 reliquis
1377 1969 1506 2011 (Horat.
1531 1968 1624 2012 epist.
1657 1964 1697 2008 2,
1726 1968 1766 2007 2,
1794 1969 1878 2000 209.
1915 1969 2007 2001 Pers.
2031 1970 2069 2007 5,
2129 2008 2131 2011 Ι

1112 2032 1193 2063 185.
1231 2029 1407 2072 Augustin.
1436 2030 1477 2070 9,
1510 2028 1577 2072 11)
1604 2029 1660 2072 qui
1690 2029 1847 2061 Lemures
1880 2036 2067 2070 memorant,

1108 2098 1170 2128 hoc
1190 2095 1263 2127 loeo
1282 2095 1495 2127 conserendus
1515 2093 1699 2138 Appulejus
1717 2101 1766 2127 est
1787 2095 1839 2139 (de
1861 2095 1922 2128 deo
1942 2094 2065 2129 Socrat.

1108 2171 1139 2203 p.
1166 2157 1236 2189 152
1262 2156 1371 2199 Oud.).

1182 2218 1323 2264 Laruae]
1340 2219 1491 2251 Profecto
1507 2219 1560 2250 vel
1575 2218 1745 2251 Platonem
1760 2219 1865 2264 ipsum
1879 2219 1924 2264 (in
1943 2218 2063 2251 Phaed.

1109 2294 1140 2325 p.
1162 2282 1207 2313 81
1237 2279 1369 2324 Steph.)
1394 2285 1467 2312 ante
1493 2280 1604 2312 oeulos
1635 2281 1748 2313 habuit
1773 2286 1898 2320 noster,
1929 2280 1981 2312 vel
2005 2289 2062 2322 po·

1109 2345 1252 2388 pnlarem
1269 2356 1362 2375 suum
1378 2342 1576 2387 Appulejum
1594 2343 1669 2387 (deo
1685 2342 1809 2375 Socrat.
1822 2356 1853 2387 p.
1872 2344 1941 2374 155
1964 2340 2063 2384 oud.)

1109 2406 1148 2438 dc
1171 2405 1363 2437 Lemuribus
1397 2404 1605 2436 scribentem:
1637 2405 1711 2448 uqui
1743 2405 1812 2436 Lar
1836 2414 1910 2435 vero
1939 2402 1980 2433 oh
2009 2401 2064 2433 ad-

1108 2478 1199 2498 versa
1223 2466 1307 2498 vitae
1330 2465 1443 2497 merita
1469 2465 1568 2497 nullis
1595 2465 1690 2496 honis
1715 2465 1843 2496 sedibus
1866 2463 1985 2494 incerta
2010 2474 2062 2494 va-

1109 2527 1236 2569 gatione
1263 2539 1322 2558 eeu
1348 2527 1487 2571 quodam
1514 2526 1628 2558 exsilio
1649 2525 1796 2569 punitur,
1813 2524 1908 2556 inane
1934 2524 2063 2557 terricu-

1107 2591 1283 2623 lamentum
1303 2591 1398 2623 bonis
1420 2590 1618 2629 hominibus,
1640 2593 1779 2619 ceterum
1803 2587 1934 2620 noxium
1960 2588 2062 2621 malisa

1612 2651 1661 2682 28
