2310 2860
715 195 915 238 Martiani
948 196 1146 253 Capellae
1175 196 1246 239 lib.
1277 195 1349 239 III.
1380 199 1412 249 ᾗ.
1436 196 1538 239 225.

146 303 357 345 tabantur.

145 394 286 425 tamen
328 394 481 426 natura
524 385 588 425 sui
632 384 757 425 etiarn
799 384 960 440 vigilias
997 383 1219 426 inferebat.

2017 202 2106 244 259

425 303 550 354 Quae
590 304 652 345 vis
691 303 956 359 epithematis
997 303 1092 345 licet
1130 305 1384 347 memoriam
1425 305 1787 363 intentionemque
1832 320 2102 365 procuraret,

1288 385 1465 427 Protulit
1496 402 1672 444 quoque
1703 389 1851 434 limam
1885 391 2104 446 quandam

146 464 414 509 artificialiter
459 466 711 523 expolitam,
761 481 872 522 quae
919 474 1012 507 octo
1057 466 1248 522 partibus
1287 468 1444 510 auratis
1486 468 1601 510 velut
1637 469 1813 512 diversis
1850 473 2105 514 nexionibus

218 623 465 672 yummeosque]
502 624 666 666 Gummis,
705 630 741 657 ut
768 624 903 669 Capella
932 625 993 658 hoc
1019 624 1102 657 libro

143 691 293 728 testatur,
321 688 474 721 feminino
493 701 609 731 genere
638 688 761 721 dicitur.
789 688 827 720 In
851 688 990 731 genitivo
1014 700 1102 731 gum-

145 760 233 780 ineos
262 749 474 792 Graecanioc,
503 756 534 782 ct
559 750 694 793 gummis
719 750 842 782 Latine.
869 750 995 783 Nonius
1018 750 1102 782 Mar·

143 811 262 843 cellus:
286 812 434 846 »Gummi
453 814 578 856 generis
604 813 765 855 neutrius,
787 820 824 846 ut
841 820 891 845 est
913 826 973 845 usu
993 826 1102 846 mono-

142 878 267 916 ptoton.
300 875 421 907 Tamen
446 875 588 907 feminini
619 875 742 908 Cinnat
759 875 944 920 Alpinaque
968 875 1103 918 gummi,

143 942 177 968 ut
204 937 245 969 sit
266 938 424 980 genitivus
448 940 518 981 ejus
543 940 638 982 hujus
663 940 814 982 gummis,
842 946 877 972 ut
898 941 1032 984 puppiS,
1058 941 1102 972 sc-

141 1000 225 1041 bris,
257 1002 389 1045 pelvis«
415 1002 519 1035 Gne-r.
538 1021 585 1027 -—-
624 1004 746 1036 Confer
776 1004 858 1035 infra
881 1003 922 1048 (ἓ.
941 1004 1039 1047 291).

215 1062 388 1108 Nilotis-ae]
406 1063 438 1095 A
455 1064 563 1095 Plinio
582 1065 661 1096 baec
683 1065 790 1105 habet,
813 1065 869 1108 qui
887 1066 935 1109 (3,
964 1066 1020 1105 12,
1040 1064 1102 1108 25)

140 1122 181 1155 de
198 1125 310 1169 papyri
324 1126 452 1170 scirpis:
481 1132 670 1158 »texuntmw
691 1127 794 1172 iuquit
813 1129 976 1160 »madente
994 1128 1103 1160 tabula

139 1187 311 1233 Niliaqua.
325 1190 488 1222 Turbidus
503 1190 611 1235 liquor
618 1192 754 1235 glutinis
766 1192 899 1235 praehet
911 1192 1027 1224 vicem«
1042 1197 1103 1225 cet.

215 1250 402 1298 collemata]
430 1248 673 1298 Ηολλήματα
702 1259 777 1285 sunt
798 1253 1101 1296 conglutinamenta.

143 1311 248 1347 Gnor.

218 1376 416 1423 memoriam]
443 1378 482 1411 In
501 1379 588 1410 omni
603 1379 779 1423 scripturae
799 1380 893 1414 laude
912 1380 945 1412 id
965 1380 1101 1412 maxime

144 1441 321 1482 extollitur,
349 1441 436 1486 quod
462 1454 568 1474 rerum
589 1443 742 1474 memoria
767 1443 837 1486 ejus
861 1454 924 1488 ope
948 1449 1100 1475 servatur.

141 1501 248 1556 (Stoh.
268 1515 361 1535 serm.
386 1505 444 1536 79.
468 1504 574 1538 Cicer.
593 1504 700 1548 partit.
718 1504 790 1547 26).

217 1563 431 1613 epithemcitis]
460 1567 561 1611 Quod
586 1567 685 1600 Celso
705 1569 931 1612 emplastrum,
962 1569 994 1600 id
1015 1569 1100 1602 Mar-

140 1630 222 1662 cello
248 1631 412 1676 Empirico
444 1632 507 1676 (20
533 1644 565 1676 p.
585 1633 651 1665 151
678 1631 831 1677 Froben.)
858 1634 1016 1676 epithema
1040 1638 1100 1665 est.

215 1694 344 1741 limam]
379 1695 472 1728 Lima
499 1701 549 1728 est
582 1695 706 1728 cultura
733 1696 839 1741 operis
870 1696 936 1738 jam
973 1696 1100 1740 scripti,

141 1768 203 1801 qua
225 1757 345 1802 politur
367 1758 462 1799 illud,
487 1758 572 1789 etin
589 1759 758 1790 honestam
783 1759 916 1790 sormam
935 1759 1099 1800 redigitur,

140 1820 264 1853 vitiosis
287 1822 436 1854 omnibus
463 1821 585 1854 derasis
611 1822 711 1855 velut.
736 1821 893 1854 Horatius
918 1828 1004 1854 »arte
1022 1826 1099 1866 po&-

140 1883 238 1924 tica«,
273 1884 384 1917 libello
406 1885 474 1928 jam
506 1884 635 1918 Sidonii
659 1897 738 1918 aevo
767 1886 936 1928 singulari,
963 1897 1004 1918 nc
1027 1885 1099 1929 quis

141 1945 308 1989 epistolam
335 1951 407 1978 (ἡδο
429 1947 533 1978 acrius
557 1946 748 1978 contendat:

196 2011 284 2042 uNec
305 2012 426 2042 virtute
448 2010 533 2054 foret
561 2011 698 2042 clarisve
719 2011 882 2053 potentius
903 2011 1002 2041 armis

191 2072 296 2116 Quam
319 2074 430 2117 Iinyna
454 2073 604 2111 Laciwn,
636 2074 666 2103 .ςὶ
690 2084 756 2103 non
783 2070 959 2115 offenderet
981 2084 1085 2105 unum

190 2136 358 2184 Quemque
381 2141 548 2181 poetarum
571 2137 664 2168 limae
692 2137 782 2168 labor
807 2142 839 2168 et
863 2148 983 2170 marm«
1000 2156 1048 2162 —

140 2197 204 2231 Cui
232 2199 334 2231 eidem
360 2201 490 2232 limatus
512 2212 570 2243 pro
594 2199 725 2231 subacto
748 2204 844 2243 poeta
870 2205 901 2231 ct
923 2199 1098 2244 quamlibet

142 2263 317 2295 castissimo
336 2258 392 2295 m».
414 2265 443 2295 ι.
463 2252 602 2312 sagio.
633 2262 789 2296 Martialis
810 2263 864 2295 111».
884 2264 942 2303 10,
963 2275 1012 2307 ep.
1032 2263 1072 2294 22

199 2325 303 2357 »Nota
329 2326 413 2369 leges
435 2309 613 2373 qutiedam,
645 2323 702 2357 sed
725 2324 800 2356 lima
821 2327 1065 2357 rasarecentm

140 2386 230 2419 Idem
252 2389 386 2420 linmndi
401 2389 499 2420 verbo
522 2389 554 2420 in
572 2401 641 2422 caan
659 2401 726 2421 rem
747 2400 825 2420 usus
843 2388 898 2422 lib.
916 2390 950 2431 G,
975 2401 1025 2435 ep.
1039 2390 1099 2423 64.

141 2450 278 2482 Ovidius
303 2450 358 2481 lib.
376 2451 393 2481 1
421 2450 461 2481 de
483 2450 606 2491 Ponto,
627 2451 728 2493 elegia
748 2452 787 2483 6:

177 2512 347 2559 v»Scilicet
373 2513 523 2555 incipiam
550 2513 624 2545 lima
650 2515 832 2547 mordacius
851 2516 901 2547 uli

196 2577 237 2610 Ut
263 2577 321 2608 sub
337 2577 498 2620 judicium
521 2577 650 2620 sinquln
676 2579 774 2610 verba
797 2591 906 2610 vocem
918 2578 950 2610 2²«

142 2639 317 2682 Eleganter
346 2640 421 2670 uniri
449 2639 572 2682 inqenii
597 2640 733 2682 scriptor
764 2639 939 2671 Martianus
965 2638 1098 2683 Capella

1154 622 1251 655 talem
1280 622 1513 657 Grammaticae
1542 624 1649 657 limam
1681 627 1784 658 tradit.
1810 627 1935 659 errn.
1962 626 2107 671 (advers.

1156 686 1276 731 1555).
1289 707 1335 712 -—
1354 687 1450 721 Adde
1467 687 1607 721 Ausonii
1627 690 1773 734 (sapient.
1795 691 1885 732 299,
1913 692 1967 723 15.
1985 703 2015 736 p.
2033 691 2106 722 228

1152 750 1260 794 Dae.):

1211 814 1272 845 »Et
1298 820 1440 847 correcta
1466 816 1589 859 παι-(1129,
1617 828 1713 863 quam
1744 817 1953 847 condemnata
1977 816 2107 855 vocabo,

1202 876 1354 929 Apponet
1379 877 1465 910 docti
1490 889 1574 925 quae
1598 879 1677 910 mihi
1699 878 1773 909 lima
1796 879 1885 909 vir-12«

1226 947 1295 972 octo
1308 940 1467 988 partibus]
1484 942 1560 986 Quo
1580 943 1693 975 melius
1709 943 1787 975 haee
1803 941 1974 985 intelligas,
1993 942 2104 975 oonfcr

1154 1002 1235 1034 infra
1259 1002 1300 1048 (ἓ.
1319 1004 1406 1048 289)
1428 1016 1556 1036 versus:

1210 1066 1287 1097 „Bis
1311 1073 1430 1114 quarta
1450 1067 1547 1110 sandi
1571 1069 1643 1115 quis
1660 1073 1797 1111 paratur
1819 1069 1923 1110 portio

1207 1129 1270 1161 Vel
1292 1131 1484 1162 vulneratur
1508 1131 1623 1163 (luctus
1646 1133 1710 1163 oris
1731 1133 1882 1175 inumera«

1152 1189 1246 1223 Unde
1271 1189 1314 1236 (ἓ.
1330 1190 1417 1236 526)
1440 1192 1600 1226 Minerva:
1631 1193 1683 1225 nni
1705 1189 1835 1233 fallor«,
1868 1190 1987 1235 inquit,
2022 1197 2108 1223 »oceo

1151 1262 1261 1299 parles
1290 1257 1445 1289 orationis
1476 1256 1566 1289 velut
1597 1255 1789 1290 incunabula
1830 1255 2004 1300 repetitura
2035 1255 2107 1286 inti·

1152 1330 1238 1350 mare
1264 1318 1438 1362 disponis«
1483 1318 1569 1352 Octo
1591 1325 1697 1363 partes
1718 1319 1786 1361 jam
1811 1317 2018 1350 Aristarchus
2045 1323 2107 1348 sta·

1152 1380 1213 1411 tuit
1231 1379 1508 1425 Quinctilianique
1528 1387 1631 1413 aetate
1650 1381 1698 1425 (1,
1723 1381 1757 1421 4,
1776 1381 1840 1420 205
1867 1393 1897 1424 p.
1913 1382 1960 1412 78
1982 1378 2107 1423 Spald.)

1152 1443 1344 1484 Palaemon,
1370 1445 1458 1488 quod
1480 1445 1605 1486 fugerat
1624 1445 1801 1484 Isidorum,
1825 1444 1882 1488 qui*
1899 1445 2007 1488 (etym.
2024 1445 2056 1483 i,
2072 1443 2107 1482 6,

1155 1508 1186 1539 1.
1211 1520 1242 1551 p.
1269 1509 1313 1539 15
1341 1506 1458 1550 Arcv.)
1495 1520 1513 1539 a
1543 1508 1671 1539 Donato
1704 1508 1831 1538 demum
1862 1507 2037 1539 orationem
2074 1507 2109 1538 in

1152 1575 1260 1613 partes
1281 1575 1353 1600 octo
1380 1569 1528 1612 partitam
1550 1581 1621 1600 esse
1648 1569 1766 1600 scribit.

1225 1630 1432 1676 mationibus]
1461 1632 1555 1675 Quae
1573 1638 1649 1678 sunt
1668 1632 1812 1664 diversae
1835 1633 1990 1663 nexiones
2011 1631 2108 1664 illae?

1151 1692 1231 1725 Mihi
1255 1693 1381 1725 videtur
1405 1693 1444 1725 ab
1466 1693 1722 1735 abbreviatione,
1750 1693 1886 1725 solemni
1908 1694 2110 1727 librariorum

1151 1756 1430 1797 terriculamento,
1458 1767 1553 1787 eri-on
1572 1762 1683 1797 natus,
1709 1761 1741 1787 ct
1764 1767 1830 1787 non
1855 1756 1952 1801 paulo
1975 1756 2110 1800 Capella

1152 1817 1278 1861 dignior
1295 1831 1358 1851 vox
1378 1806 1564 1862 reponenda
1588 1820 1877 1862 pectinationibus,
1905 1819 1991 1862 quod
2017 1829 2108 1850 voca-

1150 1882 1262 1915 bulum
1283 1883 1330 1915 rei
1346 1882 1409 1926 ipsi
1429 1882 1544 1914 mirum
1563 1882 1596 1915 in
1616 1883 1746 1915 modum
1766 1883 1960 1915 conveniens
1982 1883 2109 1914 curioso

1150 1947 1262 1978 talium
1291 1946 1498 1978 asserendum
1526 1947 1675 1991 scriptori
1703 1960 1813 1988 nemo,
1843 1953 1938 1991 puto,
1969 1947 2109 1989 negabit,

1150 2008 1207 2052 qui
1232 2008 1342 2052 scripti
1370 2008 1490 2041 codicis
1524 2021 1624 2053 penes
1655 2021 1715 2041 nos
1747 2009 1903 2041 exstantis
1937 2009 2108 2041 lectionem

1148 2074 1358 2116 pensionibus
1373 2072 1519 2113 audierit,
1541 2086 1624 2118 quac
1642 2074 1772 2118 quidem
1787 2074 2028 2106 fundamentum
2051 2074 2106 2104 inx-

1144 2136 1201 2179 jus
1227 2137 1434 2170 correctionis
1463 2137 1557 2169 nobis
1582 2137 1702 2170 bonum
1729 2143 1788 2169 cst.
1810 2130 1937 2169 BAnTn.
1962 2137 2106 2181 (advers.

1150 2213 1181 2244 p.
1199 2200 1379 2245 1555).—
1400 2201 1520 2234 Peccat
1541 2202 1695 2234 Barthius
1716 2202 1768 2234 hic
1792 2203 1825 2233 in
1844 2202 1999 2246 pluribus.
2025 2200 2105 2232 Nam

1149 2262 1284 2307 primum
1293 2263 1401 2303 ⁴'salsa,
1425 2263 1483 2295 sed
1499 2275 1572 2295 cum
1594 2264 1702 2295 multis
1722 2263 1842 2296 criticis
1864 2264 1893 2295 ei
1918 2262 2104 2300 communis,

1152 2327 1382 2369 argumentatio
1403 2332 1467 2358 est:
1490 2340 1588 2371 quum
1606 2327 1659 2359 alii
1676 2327 1797 2360 librarii
1819 2327 1852 2359 in
1870 2326 2013 2369 legendis
2036 2337 2104 2356 ver-

1153 2389 1203 2420 bis
1233 2388 1384 2420 breviatis
1415 2389 1569 2430 errarint,
1603 2391 1688 2422 hunc
1718 2389 1812 2421 etiam
1838 2388 1977 2420 errasse!
2004 2386 2105 2418 Error

1152 2450 1274 2483 scilieet
1305 2451 1503 2493 singulorum
1530 2452 1714 2495 neutiquam
1750 2450 1888 2482 onmium
1925 2454 1987 2487 est,
2020 2453 2053 2479 ct
2087 2460 2103 2479 a

1151 2515 1286 2557 singulis
1319 2516 1532 2557 argumentari
1560 2515 1600 2547 ad
1628 2515 1808 2546 universum
1827 2512 1972 2556 profecto
2000 2511 2103 2542 omnis

1104 2591 1105 2594 ¹
1150 2582 1237 2609 vetat
1257 2577 1369 2619 logica.
1396 2578 1500 2609 Porro
1522 2589 1540 2610 e
1561 2582 1710 2618 corruplo
1731 2575 1764 2605 in
1785 2570 1894 2605 codiee
1912 2583 1970 2604 suo
1994 2573 2104 2611 verbo,

1151 2639 1238 2683 quod
1264 2639 1412 2671 vitiosum
1441 2651 1513 2670 esse
1543 2639 1610 2682 ipso
1634 2635 1793 2677 agnoscit,
1825 2635 1983 2677 corrigere
2010 2635 2102 2667 audet

1626 2694 1707 2730 55*
