2310 2860
649 239 847 282 Martiani
885 240 1085 297 Capellae
1123 241 1194 283 lib.
1219 241 1272 283 ΙΙ.
1311 244 1341 294 §.
1369 242 1463 284 107.

92 345 303 402 perfectae
340 347 513 388 rationis
553 347 819 389 numerum?

89 427 322 483 ipsumque
352 428 415 470 bis
444 428 595 470 binum
627 439 758 481 tenet,
799 429 897 485 quis
938 431 1228 473 collationibus
1259 430 1543 486 symphoniae
1584 443 1862 489 peraguntur.

1964 247 2047 289 147

887 347 1062 405 Quippe
1105 349 1214 390 intra
1257 363 1416 400 unum,
1469 350 1731 403 secuudum,
1775 352 2046 409 triademque

1927 434 2044 477 Nam

90 516 173 549 tres
201 506 252 550 ad
275 519 462 564 quatuor
485 510 674 565 epitritus
699 510 906 552 vocitatur
930 510 1194 552 arithmetica
1223 511 1410 563 ratione,
1442 526 1491 554 ac
1514 511 1770 556 diatessaron
1793 513 2044 572 perhibetur

89 590 134 632 in
164 591 351 632 musicis.

421 591 528 633 Item
569 593 678 633 intra
718 607 819 634 eum
854 593 993 647 jacent
1021 601 1105 634 tres
1135 591 1191 635 ad
1219 592 1348 646 duos,
1393 607 1506 650 quae
1534 593 1757 638 hemiolios
1794 597 1938 640 forma
1965 606 2047 649 est,

89 671 486 729 symphoniamque
509 671 765 725 secundam,
797 687 910 729 quae
939 674 1136 731 diapente
1167 674 1344 729 dicitur,
1373 675 1571 720 reddunt.
1615 678 1762 720 Tertia
1787 677 2047 735 symphonia

88 751 292 809 diapason
331 754 374 796 in
413 754 575 796 molicis
611 755 883 812 perhibetur,
929 755 1197 812 diplasioque
1235 754 1479 809 conficitur,
1517 757 1599 798 hoc
1629 768 1712 810 est,
1756 773 1843 800 uno
1872 758 2046 801 duobus

91 833 254 876 collato.
292 834 425 891 Igitur
455 836 754 892 quaternarius
780 850 989 878 numerus
1016 851 1164 878 omnes
1194 837 1472 894 symphonias
1502 839 1588 880 suis
1619 839 1811 895 partibus
1833 840 2044 896 perfectus

89 913 291 967 absolvit,
335 917 569 972 omniaque
607 917 721 958 mela
758 917 1112 961 harmonicorum
1149 918 1443 962 distributione
1484 922 1711 977 conquirit.
1769 922 1892 963 Hanc
1919 921 2046 977 igitur

89 994 316 1037 discutiens
353 998 526 1038 numeri
564 999 882 1054 congruentiam
925 1000 1058 1055 perita
1105 1000 1226 1056 virgo
1271 999 1520 1056 gratulatur.

88 1104 172 1136 stud.
194 1103 254 1138 III.
275 1117 306 1150 p.
322 1105 384 1150 54)
408 1105 464 1151 qui
480 1107 609 1139 omnino
632 1107 684 1139 bic
707 1108 930 1141 conserendus.
954 1108 1039 1140 Lau-

87 1165 154 1199 dati
173 1166 269 1199 etiam
286 1168 459 1214 scriptores
481 1180 614 1213 prorsus
634 1169 810 1201 omiserunt
829 1170 1040 1212 Mam-obium,

88 1237 283 1276 quapropter
307 1243 375 1265 nou
396 1233 552 1276 gravabor
574 1233 681 1265 locum
708 1234 739 1279 (e
762 1245 863 1266 somn.
888 1234 977 1278 Scip.
1002 1235 1039 1276 1,

89 1293 127 1336 6)
144 1294 195 1326 hic
216 1294 367 1327 inserere.
399 1296 705 1339 »Quaternariumu,
728 1298 788 1339 ait,
817 1298 1041 1342 »Pythagor-ci,

89 1367 186 1400 quem
207 1353 421 1402 τετρακτὺν
437 1364 571 1399 vocant,
601 1359 680 1390 adeo
707 1360 799 1402 quasi
815 1360 855 1391 ad
874 1360 1041 1403 perfectio-

90 1429 165 1450 nem
200 1418 299 1452 animi
332 1419 544 1464 pertinentem
575 1420 659 1454 inte-.-
689 1433 805 1454 arcana
833 1426 1041 1463 venerantur,

91 1485 127 1512 ut
145 1491 186 1512 ex
206 1493 245 1513 eo
270 1487 303 1512 et
321 1482 533 1524 jurisjurandi
557 1484 744 1526 religionem
771 1482 832 1515 sibi
855 1482 1003 1515 fecerint:

145 1539 221 1578 ·023
241 1539 294 1587 μὰ
314 1540 384 1579 τὸν
405 1540 571 1592 ἁμετέρα
587 1544 711 1593 ψυχᾷ
736 1541 963 1592 παραδόντα
985 1556 1041 1581 τε·

488 1603 669 1654 τρακτύν.

88 1665 172 1699 Juro
190 1666 249 1699 tibi
273 1679 332 1713 per
351 1680 441 1709 cum,
466 1668 523 1712 qui
542 1669 596 1701 dat
620 1668 742 1701 animae
764 1674 893 1701 nostrae
915 1673 1042 1712 quater·

89 1731 213 1764 nariam
238 1743 434 1765 numerum.=
464 1732 633 1765 Hactenus
656 1733 861 1774 Macrobius,
894 1732 950 1776 qui
973 1743 1042 1764 vcr-

91 1806 162 1827 sum
178 1795 268 1828 illum
291 1809 310 1828 a
330 1796 506 1830 Plutarcho
526 1797 620 1842 (plac.
642 1797 758 1842 philos.
782 1799 820 1839 1,
846 1798 881 1829 5.
905 1809 936 1841 p.
955 1795 1044 1840 877)

90 1857 239 1890 babuisse
267 1858 404 1893 videtur.
443 1858 540 1891 Adde
571 1860 788 1892 Jambliclmm
819 1859 867 1903 (in
891 1859 956 1890 vita
977 1859 1042 1901 Py-

91 1921 175 1963 thag.
203 1922 262 1953 28.
291 1935 321 1966 p.
353 1922 456 1967 127),
486 1923 702 1966 Porphyrium
734 1923 781 1967 (in
811 1922 880 1954 ead.
907 1934 939 1966 p.
963 1921 1043 1965 29),

90 1980 230 2015 Sextum
254 1983 450 2028 Empiricum
478 1984 525 2028 (7.
555 1984 626 2017 adv.
661 1984 757 2027 logie.
787 1983 868 2027 94),
902 1988 936 2015 et
966 1982 1043 2016 Sto-

90 2043 206 2076 baeum
235 2045 288 2089 (in
313 2046 372 2080 ccl.
399 2047 431 2087 1,
463 2047 525 2088 11,
559 2047 618 2080 12.
640 2059 672 2093 p.
692 2047 768 2079 502
798 2045 927 2090 Beer.)
968 2045 1045 2078 Jam

91 2120 167 2142 vero
191 2109 231 2142 ad
254 2116 400 2142 nostrum
429 2116 466 2142 ut
493 2110 662 2143 redeamus
687 2117 721 2144 et
743 2122 851 2144 veram
873 2110 1044 2143 lectionem

91 2179 129 2205 ut
157 2186 322 2216 eruamus,
345 2186 404 2218 pro
427 2171 642 2222 τετρακτύν
667 2175 701 2207 in
720 2174 971 2208 Darmstauensi
995 2185 1047 2206 co·

94 2236 163 2270 dice
193 2251 291 2282 quum
320 2238 446 2281 legatur
478 2240 643 2279 tetraden,
669 2244 702 2270 ct
727 2239 846 2271 rectius
871 2239 906 2271 in
926 2238 1046 2271 Canta-

94 2299 246 2341 brigiensi
271 2301 414 2341 tetrada,
448 2312 515 2333 nou
541 2300 683 2333 dubitavi
705 2297 870 2348 τετράδα
891 2301 1046 2345 recipcre.

94 2359 150 2392 Ad
181 2361 303 2405 reliqua
334 2362 432 2394 verba
462 2363 551 2408 quod
583 2363 716 2404 attinet,
744 2369 809 2394 tam
844 2363 918 2396 libri
947 2362 1045 2404 editi,

95 2436 191 2468 quam
213 2437 309 2457 manu
330 2426 440 2470 scripti
463 2438 584 2468 omnes,
611 2433 747 2472 excepto
767 2439 831 2459 uno
844 2427 1045 2460 Reichenau-

96 2487 185 2529 ensi,
207 2490 294 2520 sem's
309 2490 361 2522 dea·
380 2491 464 2522 ratio
482 2490 694 2532 exhibebant3
719 2491 777 2523 sed
794 2491 862 2533 jam
882 2490 1045 2524 Meursius

97 2553 142 2597 (in
166 2553 273 2585 denar.
295 2552 394 2596 Pyth.
417 2554 452 2585 6.
478 2553 512 2585 'm
541 2553 684 2587 Gronov.
713 2554 885 2599 thesauro)
911 2560 945 2587 et
969 2566 1045 2587 ano·

96 2629 211 2661 nymus
251 2616 292 2648 ad
327 2616 500 2658 marginem
537 2616 612 2649 libri
638 2617 919 2661 Norimbergensis
940 2618 1047 2660 conje-

97 2686 206 2713 cerant
230 2681 399 2726 dejeratio,
427 2680 514 2726 quod
539 2689 638 2726 quu'm
660 2682 717 2716 illo
738 2682 848 2717 codice
869 2682 1048 2716 confirmari

167 2848 187 2860 A

1091 1108 1260 1148 vidissem,
1286 1109 1439 1141 ambabus
1455 1109 1602 1141 manibus
1624 1108 1790 1152 amplexus
1815 1119 1896 1140 sum.
1929 1105 2047 1140 Senem

1091 1178 1197 1203 autem
1226 1172 1442 1216 Pythagoram
1473 1172 1630 1216 appellat,
1663 1176 1700 1204 ut
1724 1170 1862 1205 Ovidius
1892 1170 1987 1215 (trist.
2012 1172 2045 1204 5.

1090 1235 1126 1267 5.
1145 1233 1208 1277 62)
1232 1233 1397 1267 »Samium
1418 1245 1556 1266 seneffia

1165 1296 1274 1343 intra]
1302 1298 1391 1339 Lege
1426 1310 1466 1329 ex
1491 1297 1645 1329 Leidensi
1674 1297 1786 1330 codice
1814 1308 1887 1328 cum
1911 1296 2006 1328 editis
2028 1307 2047 1327 a

1091 1370 1142 1390 me
1169 1359 1287 1391 collato
1318 1359 1419 1391 »iutra
1448 1371 1483 1390 se
1508 1359 1695 1400 monadem,
1721 1358 1872 1402 dyadem,
1902 1357 2045 1397 triadem,

1091 1420 1197 1463 ipsum
1216 1420 1266 1451 bis
1283 1421 1394 1452 binum
1409 1425 1505 1451 tenet.
1519 1421 1650 1453 Musca.
1669 1420 1725 1464 (nd
1746 1419 1774 1452 F
1777 1419 1896 1461 ulgcut.
1908 1432 1939 1464 p.
1960 1419 2045 1464 128)

1094 1499 1141 1505 —
1169 1481 1253 1514 Cum
1279 1480 1353 1514 MS.
1374 1481 1482 1522 legas:
1509 1481 1660 1525 »Quippe
1684 1481 1767 1513 intra
1792 1492 1828 1512 se
1849 1492 1967 1520 uuum,
1997 1492 2045 1512 se·

1092 1545 1249 1585 cundum,
1282 1544 1497 1588 triademquc,
1527 1544 1697 1588 ipsumque
1715 1544 1767 1575 bis
1790 1543 1901 1576 binum
1922 1548 2045 1584 tenet«,

1092 1608 1156 1640 nisi
1176 1608 1437 1641 Munckcrianam
1467 1607 1638 1640 lectionem
1659 1606 1899 1651 praeferendam
1922 1606 2046 1648 judica-

1092 1671 1186 1704 veris.
1202 1670 1351 1703 Bos-nm.
1372 1671 1449 1715 (var.
1469 1669 1544 1706 lect.
1572 1682 1603 1714 p.
1625 1669 1698 1714 56).
1724 1670 1834 1712 Vulgo
1860 1672 1975 1714 ipsum.

1166 1732 1408 1781 collationibus]
1441 1734 1516 1769 Hoc
1547 1733 1581 1767 in
1605 1745 1671 1767 uno
1695 1733 1806 1766 codice
1828 1745 1887 1778 pro
1915 1718 2046 1767 colloca·

1094 1798 1253 1836 tionibus,
1280 1802 1312 1828 ct
1341 1796 1480 1837 rectius,
1510 1795 1531 1829 i.
1556 1808 1584 1829 e.
1608 1795 1879 1840 proportionibus.
1901 1795 2047 1828 Vnum.

1095 1877 1143 1883 ·—
1172 1858 1312 1891 Codices
1335 1858 1431 1890 etiam
1450 1858 1749 1899 Reichenauensis,
1773 1856 2051 1899 Darmstattensis,

1092 1922 1311 1964 Basileensis,
1337 1922 1529 1965 Hugianus,
1559 1922 1782 1962 Britannicus,
1808 1921 2050 1964 Cantabrigien·

1094 1986 1157 2028 sis,
1189 1991 1223 2018 et
1254 1985 1456 2028 Bodlejanus
1483 1986 1605 2032 primus
1638 1986 1861 2018 collationibus
1887 1985 2051 2026 exhibent,

1095 2059 1133 2081 ac
1160 2047 1315 2092 probatur
1338 2047 1472 2093 insuper
1499 2047 1579 2080 haec
1600 2047 1697 2080 lectio
1718 2046 1922 2080 inferioribus
1943 2046 2051 2079 verbis

1102 2124 1186 2147 »uno
1217 2111 1343 2144 duobus
1370 2113 1503 2145 collatou
1528 2111 1627 2156 (confi
1650 2117 1684 2144 et
1709 2110 1739 2157 §.
1760 2111 1859 2156 954).
1890 2104 1943 2143 De
1967 2120 2050 2155 sym-

1095 2175 1224 2222 phoniis
1248 2176 1331 2209 confi
1355 2176 1552 2220 superiorem
1573 2181 1683 2210 notam
1705 2175 1761 2219 (ad
1783 2174 1810 2219 §.
1835 2173 1904 2218 11).

1168 2240 1353 2283 perhibetur
1369 2241 1405 2271 in
1421 2237 1565 2285 mimicis}
1583 2238 1634 2272 lta
1647 2239 1842 2284 transposita
1860 2243 1936 2271 sunt
1954 2237 2050 2270 verba

1092 2301 1129 2334 in
1154 2301 1318 2334 codicibus
1343 2301 1618 2343 cantabrigiensi,
1644 2301 1844 2342 Britannico,
1868 2298 2049 2341 Bodlejano

1095 2363 1216 2409 primo,
1239 2368 1272 2394 ct
1289 2362 1547 2396 Darmstattensi.
1572 2362 1612 2396 In
1636 2363 1775 2408 antiquis
1798 2367 1847 2395 cst
1867 2364 1902 2394 in
1921 2360 2049 2392 musicis

1094 2428 1287 2472 perhibetur.

1171 2488 1375 2535 yratulatur]
1416 2489 1586 2530 Laetatur,
1631 2490 1759 2531 gaudet.
1810 2487 1858 2521 lta
1885 2491 1918 2518 et
1952 2497 2048 2529 supra

1095 2552 1146 2598 (ξ.
1165 2552 1235 2595 81)
1262 2558 1296 2584 ct
1321 2553 1402 2585 infra
1421 2552 1471 2597 {(§.
1496 2553 1570 2586 695
1589 2551 1626 2596 f.)
1651 2558 1760 2594 nostu-
1780 2552 1841 2581 hoc
1868 2550 1965 2581 verbo
1987 2549 2049 2581 uti·

1095 2622 1156 2648 tur.
1181 2616 1331 2649 Donatus
1355 2617 1418 2660 (ap.
1440 2615 1590 2648 Widem.
1614 2614 1654 2645 de
1674 2612 1868 2657 proprietate
1893 2612 2048 2644 sermoni«

1097 2692 1129 2725 p.
1155 2677 1258 2723 112).
1278 2678 1511 2712 »Gratulmnur
1528 2675 1563 2709 in
1587 2674 1684 2705 rebus
1708 2673 1819 2715 laetis,
1845 2675 1967 2719 gratias
1985 2673 2048 2716 agi-

1563 2739 1608 2772 19
1630 2735 1654 2764 '¹‘

1594 1001 1762 1043 Deinde
1805 1011 2043 1057 utrumque
2076 998 2159 1040 108
