2310 2860
794 126 991 169 Martiani
1025 126 1223 182 Capellae
1254 126 1323 167 lib.
1343 126 1439 167 VII.
1472 129 1502 178 ᾗ.
1530 127 1628 169 748.
2105 127 2190 169 601

220 248 390 289 ‚aequas
422 244 559 290 partes
599 234 823 285 dividitur,
873 244 919 275 ut
948 234 1057 284 duo,
1103 243 1313 288 quatuor,
1361 246 1457 284 sex3
1502 234 1662 288 impar,
1707 234 1855 288 quiin
1889 233 1996 274 duas
2029 249 2187 290 aequas

230 324 368 370 partes
413 315 545 355 dividi
593 329 676 354 non
717 323 869 369 potest,
917 323 960 355 ut
999 318 1099 365 tria,
1138 301 1356 369 quinque,
1398 325 1572 370 septem.
1644 315 1808 355 Deinde
1853 331 1905 356 ex
1950 316 2188 371 imparibus

230 393 404 448 quidam
434 409 484 434 ex
513 395 750 449 imparibus
776 404 938 434 tantum
970 395 1156 451 impares
1185 405 1302 446 sunt,
1336 405 1381 436 ut
1405 396 1505 446 tria,
1544 396 1757 450 quinque,
1787 406 1969 452 septem3
2010 398 2189 453 quidam

228 475 354 516 etiam
389 476 659 516 multitudine
690 485 897 525 constant,
933 485 979 515 ut
1012 491 1190 526 novem,
1243 475 1510 530 quindecim,
1553 477 1696 531 viginti
1740 491 1872 527 unus,
1923 493 2030 531 quos
2060 485 2184 527 περισ-

228 552 335 596 σάκις
360 556 567 604 περιόὔούς
607 557 759 597 Graeci
799 556 1023 612 appellant.
1082 558 1137 597 At
1169 557 1211 596 in
1247 555 1333 606 his,
1374 557 1448 610 qui
1479 571 1603 612 pares
1633 566 1754 607 sunt,
1787 557 1911 612 plura
1943 557 2187 601 discrimina

229 648 345 690 sunt3
394 648 432 679 at
471 653 591 694 pares
631 647 746 688 sunt,
791 647 829 677 et
866 636 998 677 dividi
1030 647 1216 692 possunt.
1279 638 1416 679 Ceteri
1450 638 1517 678 vel
1554 654 1606 678 cx
1639 639 1811 693 paribus
1844 653 1987 693 pares,
2034 638 2102 679 vel
2135 654 2186 680 ex

228 723 401 778 paribus
444 722 651 776 impares,
701 720 767 760 vel
815 735 866 760 ex
909 719 1146 773 imparibus
1193 734 1336 774 pares;
1401 728 1439 759 ct
1483 719 1573 759 illos
1619 720 1771 760 Graeci
1809 717 1980 766 ἀρτιάκις
2007 718 2185 768 ἀρτίους,

227 804 295 844 vel
336 802 556 851 περιῦὄῑὲκις
598 802 774 851 ἀρτίους,
832 802 899 842 vel
949 800 1120 849 ἀρτιάκις
1163 798 1371 848 περισσοὺς
1418 801 1649 840 nominant.
1734 801 1858 840 Pares
1905 817 1956 841 ex
2012 803 2185 857 paribus

226 897 324 929 sunt
346 897 550 942 quatuor,
586 887 688 941 quia
725 901 776 926 ex
806 886 867 925 bis
896 885 1023 935 binis,
1066 894 1180 935 octo,
1221 884 1323 938 quia
1361 898 1412 922 ex
1446 882 1506 921 bis
1542 882 1757 936 quaternis
1796 892 1994 923 constant.
2057 884 2184 924 Pares

226 985 278 1010 ex
312 970 548 1025 imparibus
578 978 694 1019 sunt,
735 970 808 1022 qui
848 982 970 1023 pares
1011 965 1166 1021 impari
1200 962 1548 1017 multiplicatione
1586 960 1712 1011 fiunt,
1761 971 1806 1003 ut
1847 963 1907 1003 bis
1949 963 2055 1003 terni
2088 978 2185 1015 sex,

226 1061 298 1093 aut
328 1052 555 1104 quinquies
587 1051 780 1103 quaterni
814 1049 977 1103 viginti,
1020 1047 1138 1102 quod
1175 1061 1307 1101 genus
1347 1044 1500 1085 Graeci
1541 1043 1762 1091 περισσάκις
1799 1042 1966 1092 ἀρτίους
2009 1054 2185 1097 vocant3

225 1130 328 1171 ethi
361 1130 435 1183 qui
467 1130 676 1184 imparem
712 1143 995 1168 numerorum
1026 1127 1340 1166 multitudinem
1368 1126 1460 1180 pari
1495 1126 1842 1180 multiplicatione
1874 1135 2186 1176 consummant,

223 1221 269 1252 ut
299 1225 436 1265 quum
471 1210 532 1249 bis
564 1219 626 1250 ter
664 1210 705 1249 in
741 1224 836 1259 sex,
885 1218 923 1249 et
954 1219 1105 1264 quater
1141 1207 1334 1262 quinque
1365 1206 1508 1262 viginti
1543 1206 1668 1257 liunt,
1700 1206 1817 1261 quod
1847 1221 1978 1261 genus
2010 1206 2185 1255 ἀρτιάκις

223 1287 403 1338 περιόὄόν
438 1289 591 1329 Graeci
635 1300 808 1340 vocant;
877 1290 951 1344 qui
995 1290 1164 1330 numeri
1208 1289 1408 1341 quamvis
1447 1288 1558 1327 idem
1593 1297 1711 1337 sunt,
1755 1287 1936 1327 rationes
1969 1296 2109 1327 tamen
2142 1287 2184 1327 iu

223 1370 450 1414 crescendo
480 1369 669 1409 diversas
700 1369 921 1424 recipiunt.
981 1370 1124 1423 Atque
1154 1385 1206 1409 cx
1239 1369 1303 1408 his
1335 1369 1433 1423 ipsis
1464 1368 1638 1421 quidam
1676 1369 1717 1408 in
1750 1368 1857 1409 duas
1893 1377 2029 1422 partes
2061 1368 2184 1409 divisi

224 1455 417 1511 protinus
452 1452 493 1491 in
528 1465 649 1506 pares
680 1464 884 1490 numeros
915 1449 1131 1500 recidunt,
1163 1448 1341 1504 quidam
1372 1449 1504 1488 semel
1535 1450 1759 1504 saepiusve
1792 1463 1866 1503 per
1898 1463 2020 1503 pares
2052 1449 2183 1504 repli-

224 1536 302 1576 cati
346 1534 449 1574 citra
489 1531 822 1587 singularitatem
866 1531 907 1570 in
944 1531 1129 1585 impares
1175 1532 1471 1584 resolvuntur3
1530 1547 1630 1572 nam
1678 1531 1905 1572 duodecim
1950 1540 1990 1570 et
2039 1530 2184 1585 viginti

222 1615 353 1657 semel
396 1629 472 1669 per
514 1628 636 1668 pares
678 1612 809 1653 dividi
851 1622 1046 1667 possunt,
1104 1622 1143 1652 at
1184 1611 1466 1666 quadraginta
1514 1621 1605 1651 octo
1650 1612 1854 1651 nimirum
1906 1611 1968 1651 bis
2012 1611 2181 1652 vicenos

223 1706 471 1752 quaternos,
517 1693 613 1734 inde
646 1693 708 1733 bis
747 1691 990 1742 duodenos,
1027 1691 1179 1732 deinde
1218 1692 1280 1733 bis
1320 1708 1440 1733 senos
1472 1707 1619 1732 omnes
1653 1692 1793 1733 adhue
1825 1707 1947 1748 pares
1981 1692 2181 1749 efficiunt²

224 1777 449 1818 novissime
481 1775 522 1815 in
553 1784 694 1816 ternos
730 1774 915 1828 impares
956 1773 1168 1814 decidunt.
1236 1773 1387 1829 Itaque
1422 1789 1548 1815 nemo
1586 1773 1750 1828 longius
1789 1771 2019 1828 procedere
2056 1771 2182 1812 simili

223 1857 570 1912 multiplicatione
601 1865 754 1910 potest,
802 1855 907 1909 quin
946 1864 992 1895 ut
1021 1855 1305 1910 duplicatione
1342 1856 1536 1897 revoluta
1579 1854 1866 1905 adscenditur,
1910 1853 1966 1893 sic
2006 1866 2082 1907 per
2112 1865 2180 1892 re-

222 1937 463 1992 plicationes
502 1937 601 1976 item
645 1935 686 1974 in
732 1935 875 1989 plures
916 1943 1054 1989 partes
1097 1935 1312 1989 digeritur.
1383 1935 1497 1976 Nam
1540 1934 1684 1988 viginti
1725 1943 1764 1974 et
1803 1933 1865 1974 bis
1907 1932 2018 1995 dena
2061 1938 2178 1980 sunt,

223 2028 262 2059 et
294 2017 522 2074 quinquies
557 2025 786 2071 quaterna,
818 2024 858 2056 et
890 2014 1027 2056 decies
1057 2015 1176 2066 bina,
1226 2025 1266 2056 et
1295 2023 1447 2071 quater
1479 2014 1622 2069 quina.

594 2159 674 2201 DE
716 2158 1014 2209 QUATUOR
1050 2157 1358 2199 SPECIEBUS
1397 2156 1800 2199 NUMERORUM.

391 2254 588 2303 Quatuor
637 2252 790 2294 deinde
838 2253 996 2308 species
1040 2267 1242 2294 numeros
1286 2252 1511 2308 excipiunt.
1597 2251 1787 2301 Quidam
1827 2248 1940 2289 enim
1973 2254 2070 2287 sunt
2099 2259 2176 2301 per

222 2362 450 2397 Nicomachum
473 2362 608 2405 (arithm.
627 2364 664 2401 1,
691 2362 853 2404 7—10)‚
882 2361 1097 2394 „Iambliehum
1121 2362 1176 2405 (ad
1226 2361 1338 2401 tensis,
1359 2366 1392 2392 et
1416 2361 1629 2393 Monacenses
1657 2359 1712 2404 (A.
1733 2358 1775 2401 C)
1799 2370 1841 2389 ex
1857 2357 1988 2400 impari,
2013 2354 2113 2395 male3
2139 2360 2175 2386 ut

222 2427 347 2459 Nicom.
382 2439 413 2470 p.
434 2426 479 2457 lss
516 2426 685 2469 Tenuul.),
717 2426 948 2458 cassiodorum
974 2427 1027 2471 (de
1052 2426 1174 2458 arithm.
1225 2424 1320 2456 ctiam
1341 2423 1375 2454 iu
1393 2423 1600 2467 sequentibus
1612 2416 1851 2468 περισόάκεις
1866 2430 1923 2462 pro
1941 2413 2172 2463 περιόὄάκις.

223 2491 255 2522 in
281 2503 332 2534 op.
356 2503 386 2533 p.
405 2490 478 2521 554
502 2488 614 2531 Gai-n.)
632 2494 693 2521 cet.
1300 2487 1347 2517 bis
1371 2483 1478 2530 senos]
1505 2485 1632 2517 luserni
1651 2486 1697 2515 bis
1715 2495 1754 2513 ex
1771 2479 2019 2513 Monacensibus
2039 2490 2176 2522 moxque

298 2566 340 2585 ex
352 2551 686 2598 imparibus]C0dices
696 2552 982 2595 Reichenauensis,
999 2554 1175 2585 Darmstat-
1226 2550 1399 2597 quinquies
1421 2549 1496 2582 dedi
1521 2561 1579 2595 pro
1605 2549 1746 2596 quinque
1774 2557 1814 2577 cx
1832 2543 2089 2577 Darmstattensi.

1735 2610 1781 2640 7ss

2215 799 2304 841 749
