2310 2860
739 140 939 183 Martiani
971 139 1170 196 Capellae
1201 139 1271 181 lib.
1301 139 1376 181 IV.
1408 141 1438 192 §.
1464 139 1567 181 7122.

2037 143 2126 186 579

167 252 218 292 sit
238 250 516 302 assumtionis,
547 259 595 291 ut
617 250 651 291 si
673 249 946 306 proposueris
971 249 1051 290 sic:
1073 246 1209 289 omnis
1235 260 1301 287 ars
1324 246 1537 302 frequenti
1559 247 1855 289 exercitatione
1880 247 2125 291 meditanda

169 341 241 383 est,
272 332 396 373 dictio
421 342 564 373 autem
588 332 827 372 exercitatio
852 340 912 372 est
929 329 1178 382 rhetoricae,
1208 329 1420 371 rhetorica
1445 329 1570 384 igitur
1595 329 1806 384 frequenti
1830 330 2009 370 dictione
2031 344 2124 370 me-

165 412 335 453 ditanda
379 422 458 464 est,
502 413 542 452 in
576 411 860 467 propositione
899 409 1141 450 exercitatio
1189 409 1241 450 ad
1275 410 1578 451 declarativam
1617 420 1780 466 partem
1813 412 2022 467 pertinere
2056 412 2123 452 vi-

165 494 369 545 debatur,
401 495 441 534 iu
475 493 731 534 assumtione
755 493 845 548 ipsa
876 493 1118 533 exercitatio
1149 492 1206 533 ita
1236 492 1288 533 ad
1319 492 1624 534 declarativam
1655 493 1845 548 pertinet.
1892 492 2123 544 Quomodo

166 589 264 630 ergo
297 574 436 615 forma
474 582 642 616 servata
682 573 771 614 est?
809 573 965 614 scilieet
1007 574 1109 628 quia
1140 573 1336 615 relictum
1368 583 1430 615 est
1464 573 1626 628 aliquid
1656 574 1699 615 in
1733 574 1991 615 declarativa
2022 588 2123 629 pro-

165 656 399 711 positionis,
445 654 562 711 quod
600 670 687 696 non
726 654 888 696 venerit
925 654 968 695 in
1009 653 1314 698 declarativam
1361 656 1648 707 assumtionis,
1703 655 1817 697 unde
1862 656 1990 711 possit
2031 653 2123 694 fieri

165 738 400 789 conclusio,
449 737 530 778 hoc
570 745 649 788 est,
700 735 943 778 meditanda
981 746 1051 777 cst.

1116 738 1229 780 Nam
1270 738 1303 779 si
1345 738 1502 780 vellem
1540 737 1598 791 sic
1644 750 1879 777 assumere:
1912 734 2124 775 rhetorica

167 830 309 861 autem
354 835 420 861 ars
456 828 534 870 est,
579 828 714 860 totum
760 827 1004 859 servaretur
1043 816 1098 858 ad
1136 819 1473 860 conclusionem:
1505 817 1716 859 rhetorica
1751 817 1877 873 igitur
1912 814 2126 870 frequenti

167 901 464 942 exercitatione
494 897 738 939 meditanda
761 907 831 939 est.
887 898 955 939 Ex
979 897 1060 937 hoc
1083 907 1260 954 apparet
1290 898 1426 939 multa
1457 912 1545 939 esse
1575 896 1845 947 communia,
1881 910 1993 950 quae
2024 909 2123 950 pos-

164 982 244 1023 sint
275 983 342 1024 vel
373 982 608 1036 subjective
649 981 719 1022 vel
760 980 1017 1021 declarative
1048 978 1243 1034 adjungi,
1289 988 1418 1034 prout
1446 993 1489 1019 se
1521 977 1722 1019 habuerit
1752 977 1968 1018 assumtio.

333 1063 514 1104 Talibus
551 1063 761 1103 insistente
792 1061 1044 1111 Dialectica,
1085 1068 1125 1100 et
1164 1058 1217 1099 ad
1257 1057 1473 1113 quaedam
1509 1073 1594 1098 non
1635 1057 1777 1098 minus
1817 1055 2125 1097 inextricabilia
2156 1053 2250 1098 425

164 1158 298 1200 quam
343 1143 568 1198 caliginosa
599 1151 882 1198 properante,
921 1140 1058 1181 Pallas
1088 1148 1198 1181 nutu
1228 1139 1483 1194 Majugenae
1515 1136 1745 1179 festinantis
1775 1135 2024 1177 intervenit:

562 1246 701 1288 Perita
731 1244 869 1295 sandi,
899 1244 986 1299 jam
1021 1257 1296 1300 progressum
1327 1242 1590 1298 comprime,

560 1327 627 1368 Ne
661 1325 850 1380 implexa
881 1333 1009 1365 tortos
1039 1325 1213 1379 stringat
1238 1324 1446 1366 intimatio

562 1406 616 1447 Et
646 1404 904 1445 multinodos
936 1405 1097 1460 perpeti
1129 1404 1360 1445 amfractus
1395 1404 1473 1444 diu

566 1486 741 1540 Hymen
772 1493 960 1537 recuset;
1007 1484 1168 1528 editum
1201 1495 1262 1526 est
1292 1484 1544 1541 compendio

567 1563 795 1620 Quidquid
825 1563 1023 1605 decenter
1053 1564 1176 1606 docta
1206 1565 1433 1621 disputatio

235 1701 352 1749 dictio]
378 1701 501 1736 Marius
521 1699 709 1735 Victorinus
732 1700 863 1743 (rhetor.
878 1698 965 1730 Pith.
984 1710 1015 1742 p.
1040 1697 1126 1742 171)

174 1770 224 1801 »in
252 1766 406 1809 dialogis«
434 1766 477 1797 ait
502 1776 698 1797 »sermonem
727 1775 817 1804 esse,
849 1774 914 1795 non
940 1762 1126 1795 dictionem:

166 1832 335 1864 dictionem
363 1834 468 1860 autem
496 1839 568 1859 esse
593 1825 729 1858 oratoris
756 1825 791 1857 in
816 1824 963 1856 civilibus
986 1825 1121 1857 eausisn«

241 1893 278 1923 in
300 1886 547 1932 declarativam]
573 1887 631 1920 Sic
658 1886 881 1928 corrigendum
906 1897 923 1916 e
948 1886 1128 1918 Darmstat-

166 1954 251 1988 tensi
272 1959 340 1987 erat
367 1952 455 1998 quod
480 1951 557 1984 editi
579 1951 700 1982 liabent
729 1950 779 1981 „in
802 1949 1024 1983 decla1·ativa.«
1065 1948 1128 1982 Ce-

167 2026 272 2052 terum
289 2018 341 2050 hic
360 2028 489 2062 quoque
505 2015 660 2048 nonnulla
676 2014 834 2046 excidisse
851 2013 952 2045 videri
969 2019 1128 2058 poterant,

166 2083 231 2117 nisi
252 2080 513 2124 interrogationis
537 2079 666 2121 signum
689 2077 967 2122 interposuissem.

242 2141 443 2189 servaretur]
471 2142 521 2174 Ita
542 2141 672 2173 omnino
690 2139 863 2182 legendum
886 2151 905 2172 e
929 2138 1040 2173 codIce
1059 2138 1129 2173 Μο-

169 2208 300 2241 naeensi
327 2207 394 2252 (C)
425 2218 485 2252 pro
515 2206 699 2238 servabitur
727 2204 761 2235 iu
794 2203 906 2245 editis3
946 2204 1130 2249 pariterque

170 2283 246 2306 mox
269 2283 311 2303 ex
336 2271 437 2302 altero
466 2269 655 2303 monacensi
680 2268 733 2313 (F)
756 2269 879 2312 possint
907 2279 966 2312 pro
987 2272 1131 2312 possunt.

248 2331 407 2378 implexa]
432 2333 508 2365 Hoc
538 2344 596 2378 pro
631 2332 788 2366 Grotiano
814 2331 937 2376 inflexa
965 2331 1000 2362 in
1020 2331 1131 2363 codiee

173 2397 313 2442 optimae
333 2400 428 2427 notae
448 2394 513 2436 legi
535 2395 684 2427 observat
700 2392 954 2440 Oudendorpius
975 2393 1030 2438 (ad
1051 2393 1132 2426 Cae·

174 2473 277 2494 sarem
301 2473 333 2504 p.
351 2457 446 2500 107).

249 2519 362 2566 tortos]
388 2520 477 2561 Lege
504 2517 791 2551 tortus.Gno·r.-—
813 2518 904 2561 Quid
924 2517 1062 2552 voluerit
1081 2517 1131 2559 ju·

175 2584 266 2618 venis
290 2584 403 2616 doetus
425 2591 491 2613 non
517 2579 620 2624 capio.
656 2578 817 2623 Equidem
839 2580 942 2612 resero
968 2584 1067 2613 tortos
1092 2578 1132 2611 ad

1177 1699 1410 1732 substantivum
1432 1699 1617 1744 amfractus.
1644 1699 1908 1733 Construendum
1932 1699 2029 1742 igitur
2045 1699 2129 1731 vide-

1178 1768 1244 1793 tur:
1270 1763 1500 1804 »Pi-egressum
1527 1762 1718 1806 comprime,
1750 1775 1791 1794 ne
1810 1762 1950 1806 implexa
1976 1761 2132 1792 intimatio

1179 1827 1314 1868 stringat
1344 1827 1514 1858 amfractus
1541 1832 1659 1867 tortos,
1691 1831 1725 1858 et
1750 1827 1879 1870 Hymen
1910 1830 2038 1857 recuset
2061 1835 2132 1868 per-

1178 1889 1245 1933 peti
1267 1889 1436 1920 amfractus
1458 1888 1672 1929 multinod053
1707 1888 1727 1919 i.
1754 1899 1781 1920 e.
1804 1899 1845 1919 ne
1873 1887 1913 1919 ad
1937 1886 2133 1919 contortiora

1178 1951 1351 1997 procedas,
1377 1962 1459 1994 quae
1482 1950 1710 1994 impatientiam
1734 1948 1892 1993 Hymenis
1912 1953 2088 1980 moveant«

1252 2010 1386 2057 perpeti]
1414 2013 1502 2054 Lege
1524 2014 1656 2056 perpeti.
1675 2011 1779 2044 Gnor.
1796 2029 1844 2034 —
1867 2010 1907 2042 In
1931 2009 2025 2041 editis
2050 2007 2134 2041 enim

1179 2080 1248 2107 erat
1264 2075 1419 2119 perpetui.
1448 2073 1557 2107 Grotii
1576 2073 1766 2106 sententiam
1788 2071 1986 2105 confirmavit
2001 2070 2133 2103 Ouden-

1180 2138 1312 2184 dorpius
1343 2138 1531 2170 auctoritate
1561 2137 1770 2170 vetustissimi
1799 2136 1918 2170 codicis
1946 2134 2133 2173 Leffleusis,

1181 2204 1221 2237 de
1241 2215 1306 2248 quo
1329 2202 1425 2234 modo
1448 2201 1526 2236 dixi.

1257 2262 1420 2309 decenter]
1447 2262 1606 2295 Bar-thius,
1619 2262 1758 2308 (advers.
1779 2274 1812 2307 p.
1829 2260 1939 2304 1579)
1960 2272 1977 2292 e
2005 2269 2063 2290 suo
2083 2268 2133 2290 co·

1183 2326 1252 2358 dice
1277 2327 1426 2358 docenter
1448 2325 1543 2367 jubet
1567 2336 1740 2369 reponere:
1768 2323 1826 2355 sed
1858 2321 2042 2354 adverbium
2074 2319 2135 2350 hoc

1183 2390 1359 2422 inauditum
1390 2401 1430 2422 ex
1457 2401 1522 2421 uno
1552 2394 1681 2437 tantum*
1702 2387 1812 2421 codiee
1839 2392 1948 2418 eontra
1975 2383 2135 2422 vulgarem

1183 2452 1380 2496 reliquorum
1403 2451 1572 2484 lectionem
1595 2450 1755 2483 Martiano
1779 2447 1948 2481 obtrudere
1970 2455 2008 2475 eo
2035 2442 2135 2484 magis

1182 2514 1272 2546 nefas
1296 2519 1461 2557 putamus,
1492 2513 1578 2557 quod
1603 2512 1700 2557 paulo
1723 2515 1798 2556 post
1823 2507 1917 2540 etiam
1943 2505 2136 2538 Dialecticae

1181 2576 1271 2608 frons
1295 2576 1408 2609 decens
1428 2574 1615 2621 appellatur.

1640 2633 1689 2664 48
1712 2629 1735 2655 ³³<
