2310 2860
675 144 873 189 Martiani
905 143 1104 203 Capellae
1134 143 1206 188 lib.
1232 143 1309 188 IV.
1338 145 1369 197 §.
1391 143 1490 187 567.

2001 149 2028 164 1

2033 150 2058 162 C

2065 150 2085 191 μ.

864 302 945 345 DE
991 301 1350 354 QUALITATE.

304 411 564 462 Qualitatem
596 426 684 453 esse
717 410 926 462 diximus,
956 409 1193 452 secundum
1226 424 1360 467 quam
1389 408 1575 453 dicimur
1608 411 1767 467 quales.
1818 410 2086 463 Qualitatum
2118 412 2205 455 567

132 494 274 537 forma
302 508 391 536 una
420 504 503 547 est,
545 495 588 536 in
627 509 715 550 qua
744 493 956 550 dispositio
995 492 1210 549 quaedam
1245 502 1285 534 et
1314 492 1483 535 habitus
1522 495 1672 535 mentis
1714 510 1801 536 esse
1830 495 2087 558 intelligitur,

136 577 251 618 utin
287 576 487 618 omnibus
518 576 724 631 perceptis
755 575 937 625 artibus,
976 575 1203 631 sapientia,
1241 576 1538 629 grammatica,
1580 576 1811 629 rhetorica,
1855 579 2090 634 ceterisque

134 671 246 712 quae
287 658 344 698 ita
383 658 560 700 haerent
590 657 731 698 animo
765 665 813 697 ut
851 654 1019 697 difficile
1052 656 1183 696 amitti
1214 658 1384 711 possint.
1445 655 1527 698 Sed
1557 656 1599 697 in
1631 656 1696 698 his
1727 658 1871 714 aliqua
1902 659 2088 715 perfecta

130 748 242 790 sunt,
268 739 412 794 aliqua
434 737 708 794 imperfecta3
737 745 786 777 ut
808 736 842 777 si
861 736 956 791 quis
980 737 1283 791 grammaticae
1308 738 1387 779 arti
1406 752 1580 793 operam
1604 738 1780 789 dederit,
1805 740 1846 780 in
1871 741 2089 796 plerisque

130 827 274 860 tamen
316 819 508 870 fallatur,
562 816 754 858 nondum
796 824 932 872 potest
969 814 1051 856 dici
1089 815 1280 867 habitus,
1331 816 1407 857 sed
1450 826 1613 858 tantum
1659 817 1813 860 dicitur
1855 819 2086 875 dispositio.

129 899 192 941 Ita
230 915 315 941 non
354 900 492 941 omnis
529 899 743 955 dispositio
782 897 974 948 habitus,
1027 897 1164 938 omnis
1204 906 1348 938 autem
1389 896 1558 938 habitus
1596 898 1809 954 dispositio
1845 915 1932 940 esse
1963 902 2086 942 intel-

126 979 280 1036 ligitur.
329 981 525 1021 Secunda
554 980 711 1035 species
743 988 803 1020 est
832 993 980 1019 earum
1016 978 1294 1032 qualitatum,
1327 993 1434 1033 quas
1456 988 1568 1019 recte
1599 981 1816 1035 passibiles
1839 981 2090 1035 dixerimus,
2120 987 2209 1030 568

126 1069 174 1101 ut
214 1060 340 1102 dulce
383 1071 511 1115 atque
551 1075 772 1111 amarum,
827 1060 1016 1101 calidum
1060 1058 1128 1100 vel
1168 1058 1392 1113 si‘igidum3
1448 1075 1532 1101 non
1573 1061 1690 1116 quod
1733 1077 1786 1103 ex
1816 1062 1881 1103 his
1911 1063 2087 1106 eaedem

123 1141 380 1183 substantiae
425 1143 588 1197 aliquid
630 1142 865 1198 patiantur,
914 1140 988 1181 sed
1027 1139 1143 1194 quod
1188 1155 1337 1180 sensus
1378 1150 1543 1182 nostros
1588 1141 1751 1196 aliquid
1789 1143 1874 1197 pati
1923 1154 2085 1199 cogant.

125 1220 246 1277 Cogit
282 1223 397 1263 enim
433 1222 594 1279 aliquid
633 1223 740 1279 pati,
779 1232 827 1264 ut
865 1231 1105 1278 tangentem
1148 1221 1286 1273 calor,
1341 1231 1382 1262 et
1431 1221 1612 1263 dulcedo
1654 1232 1905 1277 gustantem.

1977 1224 2085 1266 Item

125 1316 239 1357 quae
276 1303 397 1344 nobis
434 1318 488 1344 ex
530 1304 675 1358 aliqua
713 1303 906 1358 passione
944 1311 1123 1343 naturae
1162 1302 1434 1353 inoleverint,
1484 1302 1723 1343 seeundum
1759 1317 1866 1358 quas
1902 1305 2086 1360 pallidus

124 1382 310 1437 quisque
336 1381 405 1423 vel
434 1380 567 1423 ruber
597 1381 770 1432 dicitur,
813 1395 900 1422 non
930 1390 1073 1423 tamen
1104 1384 1178 1435 ita,
1220 1394 1267 1425 ut
1298 1386 1395 1439 quis
1427 1385 1573 1439 aliqua
1604 1386 1824 1441 repentina
1856 1401 1985 1428 causa
2014 1387 2085 1427 vel

122 1463 252 1519 pallet
290 1463 360 1505 vel
397 1464 534 1505 rubet.
589 1464 704 1504 Nam
735 1463 851 1519 ipsae
883 1463 1098 1518 passiones
1130 1466 1284 1507 rectius
1318 1480 1403 1506 non
1440 1465 1660 1520 qualitates
1693 1467 1983 1522 appellantur3
2025 1469 2101 1515 siz

122 1544 299 1600 quidem
321 1543 561 1585 secundum
590 1543 668 1585 has
697 1559 782 1585 non
812 1544 998 1586 dicimur
1029 1547 1191 1601 quales.
1230 1547 1329 1588 Non
1360 1547 1471 1587 enim
1505 1548 1719 1602 sequitur,
1763 1558 1811 1589 ut
1842 1549 1917 1604 qui
1947 1549 2083 1604 pallet

118 1624 170 1665 sit
197 1623 402 1679 pallidus,
437 1633 510 1666 aut
540 1625 616 1680 qui
648 1635 761 1666 amat
790 1625 842 1666 sit
867 1636 1054 1679 amator,
1087 1637 1159 1668 aut
1182 1628 1257 1683 qui
1289 1637 1348 1669 est
1378 1628 1522 1669 ebrius
1553 1629 1757 1670 ebriosus.

1818 1631 1922 1672 Illae
1953 1631 2081 1686 igitur

118 1706 331 1762 passiones
362 1716 484 1758 sunt,
523 1716 564 1748 et
595 1722 681 1749 non
712 1707 947 1763 qualitates.
1005 1707 1152 1749 Tertia
1180 1709 1340 1764 species
1377 1717 1437 1749 est
1469 1723 1620 1750 earum
1653 1709 1933 1764 qualitatum,
1967 1725 2079 1766 quae
2108 1711 2198 1754 569

118 1839 223 1872 neque
247 1827 350 1860 omnis
373 1828 557 1860 mutationis
581 1835 744 1873 expertem
771 1829 979 1861 substantiam
1003 1840 1075 1860 esse

118 1890 187 1935 ipse
214 1889 410 1923 Aristoteles
443 1898 580 1923 testatur
610 1893 716 1924 verbis
740 1893 793 1936 (5,
819 1892 897 1935 22):
927 1889 975 1926 τὰ
1004 1891 1075 1935 μὲν

116 1950 190 2000 γὰρ
217 1951 282 1989 ἐπὶ
300 1953 381 1989 τῶν
400 1951 545 1990 οὐσιῶν
565 1952 665 1989 αὐτὰ
683 1951 975 1999 μεταβάλλοντα
993 1954 1075 1989 τῶν

117 2015 307 2050 ἐναντίων
333 2012 485 2051 δεκτικά
514 2016 612 2059 ἐστι,
642 2022 688 2048 et:
714 2013 812 2051 ὥστε
835 2028 890 2063 τῳ
919 2029 962 2062 γε
991 2013 1072 2063 τρό-

116 2087 179 2125 πῳ
198 2077 297 2113 ἴδιον
318 2076 368 2114 ἄν
391 2080 445 2125 εἴη
466 2079 538 2126 τῆς
561 2076 698 2119 οὐσίας
722 2077 767 2114 τὸ
785 2077 883 2114 κατὰ
917 2077 991 2125 τὴν
1006 2077 1071 2114 αὐ-

116 2137 187 2185 τῆς
204 2138 426 2187 μεταβολήν
449 2138 627 2187 δεκτικήν
645 2139 726 2176 τῶν
743 2140 933 2177 ἐναντίων
959 2137 1067 2175 εἶναι.

190 2201 338 2247 dicimur]
365 2202 437 2235 MS.
463 2203 618 2235 »dicimur
642 2204 782 2250 quales.«
814 2203 860 2235 Et
883 2203 927 2234 ita
954 2204 1070 2244 vulgus

116 2261 361 2297 dialecticorum.
371 2265 534 2298 Gn01.—-
552 2266 620 2299 Sed
645 2267 821 2299 anteriores
845 2267 940 2298 etiam
959 2267 1070 2298 editio-

116 2337 174 2357 nes
196 2328 276 2360 hane
297 2329 660 2372 habebantlectionen13
687 2343 743 2363 eur
766 2331 864 2373 igitur
882 2331 981 2362 edidit
1005 2332 1070 2362 »di-

116 2389 216 2419 cimus
234 2390 328 2435 quale
351 2391 440 2422 estu?
467 2390 680 2424 Cassiodorus
701 2394 744 2437 (p.
761 2394 832 2426 558
853 2392 943 2437 Gar.)
957 2393 1067 2424 etiam:

123 2450 289 2494 „Qualitas
312 2459 378 2493 est,
406 2454 580 2486 seeundum
609 2469 703 2500 quam
730 2456 855 2503 (aliqui)
883 2458 994 2505 quales
1023 2458 1066 2489 di-

113 2515 232 2556 cimur,
253 2521 289 2548 ut
310 2516 431 2559 bonus,
451 2517 581 2551 malus.«
615 2519 679 2553 Ubi
700 2522 803 2569 aliqui
817 2521 977 2566 glossema
995 2533 1066 2555 esse

113 2577 247 2612 videtur.

1201 1814 1381 1874 dispositio]
1408 1829 1501 1861 Haec
1523 1827 1656 1874 vquoque
1679 1830 1718 1861 ad
1737 1831 1868 1862 verbum
1887 1843 1927 1863 ex
1953 1830 2080 1864 Aristo-

1126 1891 1188 1923 tele
1212 1894 1324 1937 (eateg.
1349 1894 1391 1932 6,
1417 1894 1440 1925 5
1466 1894 1575 1938 sequ.)
1604 1894 1725 1935 hausit,
1766 1895 1820 1938 qui
1852 1901 1884 1926 et
1920 1895 1981 1927 alio
2007 1896 2079 1929 loeo

1125 1955 1274 2000 (metaph.
1298 1957 1339 1997 4,
1374 1958 1429 1989 19.
1455 1957 1516 2001 20)
1538 1958 1705 1999 distinguit
1727 1954 1904 1993 διάθεσιν
1929 1966 1961 1992 et
1984 1956 2078 2002 ἕξιν,

1125 2030 1258 2060 quarum
1281 2018 1337 2049 illa
1352 2019 1532 2063 dispositio,
1563 2021 1641 2052 haec
1665 2021 1793 2052 habitus
1810 2021 1924 2053 Latine
1947 2022 2079 2059 dieitur,

1131 2079 1252 2110 »differt
1278 2085 1399 2120 autem,
1441 2081 1562 2125 inquit,
1590 2082 1716 2113 habitus
1746 2095 1764 2113 a
1793 2083 2001 2126 dispositione
2026 2096 2077 2123 eo,

1123 2141 1209 2184 quod
1239 2141 1419 2174 diuturnior
1448 2149 1497 2174 est
1522 2148 1554 2174 et
1581 2144 1737 2184 firmior-«5
1764 2152 1959 2189 quapropter
1984 2146 2078 2177 etiam

1121 2202 1154 2234 in
1181 2203 1389 2246 sequentibus
1410 2215 1427 2235 e
1452 2204 1560 2237 codiee
1589 2205 1777 2238 Monacensi
1795 2207 1847 2250 (F)
1867 2208 1980 2252 scripsi
2007 2214 2076 2239 tan-

1121 2271 1189 2297 tum
1210 2277 1269 2309 pro
1295 2271 1423 2305 tamen,
1450 2267 1538 2311 quod
1562 2267 1597 2298 in
1621 2267 1714 2299 editis
1741 2274 1816 2300 erat.

1193 2328 1378 2375 passibiles]
1404 2329 1552 2363 Seriores
1584 2331 1653 2362 aevi
1684 2343 1761 2372 vox,
1797 2344 1859 2375 qua
1877 2329 2074 2363 Prudentius

1119 2393 1239 2438 (apolli.
1261 2393 1305 2436 6)
1331 2399 1364 2425 et
1386 2394 1531 2438 inprimis
1564 2394 1653 2435 Afri,
1686 2401 1722 2426 ut
1746 2395 1962 2426 Tertullianus
1989 2393 2073 2437 (adv,

1118 2458 1214 2489 Prax.
1232 2457 1294 2500 29)
1312 2462 1345 2489 et
1361 2456 1527 2490 Arnobius
1554 2458 1600 2503 (7.
1617 2472 1650 2503 p.
1669 2459 1755 2501 214)
1782 2462 1921 2489 utuntur.
1949 2457 2073 2490 Graece

1118 2524 1193 2551 sunt
1221 2517 1456 2566 παθητικαὶ,
1485 2533 1566 2565 quas
1589 2519 1783 2554 Aristoteles
1808 2519 1900 2552 tertio
1923 2519 1995 2551 loeo
2014 2531 2070 2564 po-

1117 2581 1181 2614 suit
1201 2582 1314 2627 (categ.
1339 2583 1378 2624 6,
1405 2584 1484 2616 8—-
1498 2582 1566 2626 15).
