<?xml version="1.0" encoding="UTF-8"?>
<!DOCTYPE html PUBLIC "-//W3C//DTD XHTML 1.0 Transitional//EN"
    "http://www.w3.org/TR/xhtml1/DTD/xhtml1-transitional.dtd">
<html xmlns="http://www.w3.org/1999/xhtml" xml:lang="en" lang="en">
 <head>
  <title>
</title>
<meta http-equiv="Content-Type" content="text/html;charset=utf-8" />
  <meta name='ocr-system' content='tesseract 3.04.00' />
  <meta name='ocr-capabilities' content='ocr_page ocr_carea ocr_par ocr_line ocrx_word'/>
</head>
<body>
  <div class='ocr_page' id='page_1' title='image "./denuptiisphilolo00martuoft/denuptiisphilolo00martuoft_0115.png"; bbox 0 0 2310 2860; ppageno 0'>
   <div class='ocr_carea' id='block_1_1' title="bbox 771 143 1534 202">
    <p class='ocr_par' dir='ltr' id='par_1_1' title="bbox 771 143 1534 202">
     <span class='ocr_line' id='line_1_1' title="bbox 771 143 1534 202; baseline 0.004 -16"><span class='ocrx_word' id='word_1_1' title='bbox 771 143 970 187; x_wconf 88' lang='lat' dir='ltr'><strong>Martiani</strong></span> <span class='ocrx_word' id='word_1_2' title='bbox 1009 144 1209 202; x_wconf 81' lang='lat' dir='ltr'><strong>Capellae</strong></span> <span class='ocrx_word' id='word_1_3' title='bbox 1250 146 1321 189; x_wconf 86' lang='lat' dir='ltr'><strong>lib.</strong></span> <span class='ocrx_word' id='word_1_4' title='bbox 1344 144 1376 188; x_wconf 89' lang='lat' dir='ltr'><strong>I.</strong></span> <span class='ocrx_word' id='word_1_5' title='bbox 1407 149 1438 200; x_wconf 58' lang='grc' dir='ltr'><strong>ᾗ.</strong></span> <span class='ocrx_word' id='word_1_6' title='bbox 1462 148 1534 191; x_wconf 83' lang='grc'><strong>59.</strong></span> 
     </span>
    </p>
   </div>
   <div class='ocr_carea' id='block_1_2' title="bbox 2047 155 2105 198">
    <p class='ocr_par' dir='ltr' id='par_1_2' title="bbox 2047 155 2105 198">
     <span class='ocr_line' id='line_1_2' title="bbox 2047 155 2105 198; baseline 0 0"><span class='ocrx_word' id='word_1_7' title='bbox 2047 155 2105 198; x_wconf 76' lang='grc'><strong>85</strong></span> 
     </span>
    </p>
   </div>
   <div class='ocr_carea' id='block_1_3' title="bbox 149 251 2098 314">
    <p class='ocr_par' dir='ltr' id='par_1_3' title="bbox 149 251 2098 314">
     <span class='ocr_line' id='line_1_3' title="bbox 149 251 2098 314; baseline 0.005 -20"><span class='ocrx_word' id='word_1_8' title='bbox 149 266 260 309; x_wconf 89' lang='lat' dir='ltr'><strong>quae</strong></span> <span class='ocrx_word' id='word_1_9' title='bbox 304 252 393 295; x_wconf 90' lang='lat' dir='ltr'><strong>sive</strong></span> <span class='ocrx_word' id='word_1_10' title='bbox 436 251 619 294; x_wconf 84' lang='lat' dir='ltr'>Deliacis</span> <span class='ocrx_word' id='word_1_11' title='bbox 664 252 843 295; x_wconf 88' lang='lat' dir='ltr'><strong>vocibus</strong></span> <span class='ocrx_word' id='word_1_12' title='bbox 888 253 1108 310; x_wconf 85' lang='lat' dir='ltr'><strong>permulsa</strong></span> <span class='ocrx_word' id='word_1_13' title='bbox 1149 252 1385 305; x_wconf 84' lang='lat' dir='ltr'><strong>descendis,</strong></span> <span class='ocrx_word' id='word_1_14' title='bbox 1435 255 1526 297; x_wconf 89' lang='lat' dir='ltr'><strong>sive</strong></span> <span class='ocrx_word' id='word_1_15' title='bbox 1570 256 1732 314; x_wconf 81' lang='lat' dir='ltr'>absque</span> <span class='ocrx_word' id='word_1_16' title='bbox 1771 268 1809 300; x_wconf 88' lang='lat' dir='ltr'><strong>te</strong></span> <span class='ocrx_word' id='word_1_17' title='bbox 1845 258 1963 301; x_wconf 89' lang='lat' dir='ltr'><strong>Jovis</strong></span> <span class='ocrx_word' id='word_1_18' title='bbox 2009 275 2098 303; x_wconf 89' lang='lat' dir='ltr'><strong>non</strong></span> 
     </span>
    </p>
   </div>
   <div class='ocr_carea' id='block_1_4' title="bbox 147 333 2100 397">
    <p class='ocr_par' dir='ltr' id='par_1_4' title="bbox 147 333 2100 397">
     <span class='ocr_line' id='line_1_4' title="bbox 147 333 2100 397; baseline 0.005 -23"><span class='ocrx_word' id='word_1_19' title='bbox 147 342 236 375; x_wconf 84' lang='lat' dir='ltr'><strong>erat</strong></span> <span class='ocrx_word' id='word_1_20' title='bbox 257 334 445 376; x_wconf 86' lang='lat' dir='ltr'><strong>formare</strong></span> <span class='ocrx_word' id='word_1_21' title='bbox 470 333 715 383; x_wconf 89' lang='lat' dir='ltr'><strong>consilium,</strong></span> <span class='ocrx_word' id='word_1_22' title='bbox 746 349 823 375; x_wconf 86' lang='lat' dir='ltr'><strong>seu</strong></span> <span class='ocrx_word' id='word_1_23' title='bbox 853 349 1081 376; x_wconf 86' lang='lat' dir='ltr'><strong>consensus</strong></span> <span class='ocrx_word' id='word_1_24' title='bbox 1112 344 1256 377; x_wconf 87' lang='lat' dir='ltr'><strong>noster</strong></span> <span class='ocrx_word' id='word_1_25' title='bbox 1287 350 1341 376; x_wconf 87' lang='lat' dir='ltr'><strong>ne</strong></span> <span class='ocrx_word' id='word_1_26' title='bbox 1373 336 1548 378; x_wconf 88' lang='lat' dir='ltr'><strong>mutilus</strong></span> <span class='ocrx_word' id='word_1_27' title='bbox 1572 337 1791 381; x_wconf 86' lang='lat' dir='ltr'><strong>videretur</strong></span> <span class='ocrx_word' id='word_1_28' title='bbox 1819 355 2100 397; x_wconf 65' lang='lat' dir='ltr'><strong>appi-operas:</strong></span> 
     </span>
    </p>
   </div>
   <div class='ocr_carea' id='block_1_5' title="bbox 144 413 2102 479">
    <p class='ocr_par' dir='ltr' id='par_1_5' title="bbox 144 413 2102 479">
     <span class='ocr_line' id='line_1_5' title="bbox 144 413 2102 479; baseline 0.004 -22"><span class='ocrx_word' id='word_1_29' title='bbox 144 414 314 457; x_wconf 85' lang='lat' dir='ltr'><strong>noveris</strong></span> <span class='ocrx_word' id='word_1_30' title='bbox 337 424 480 456; x_wconf 86' lang='lat' dir='ltr'><strong>tamen</strong></span> <span class='ocrx_word' id='word_1_31' title='bbox 503 413 759 469; x_wconf 82' lang='lat' dir='ltr'><strong>Philologiae</strong></span> <span class='ocrx_word' id='word_1_32' title='bbox 785 413 1030 468; x_wconf 85' lang='lat' dir='ltr'><strong>Cyllcnium</strong></span> <span class='ocrx_word' id='word_1_33' title='bbox 1055 415 1223 472; x_wconf 80' lang='lat' dir='ltr'><strong>nuptias</strong></span> <span class='ocrx_word' id='word_1_34' title='bbox 1253 417 1481 472; x_wconf 87' lang='lat' dir='ltr'><strong>postulare.</strong></span> <span class='ocrx_word' id='word_1_35' title='bbox 1535 419 1741 461; x_wconf 84' lang='lat' dir='ltr'><strong>Nondum</strong></span> <span class='ocrx_word' id='word_1_36' title='bbox 1773 436 1869 463; x_wconf 87' lang='lat' dir='ltr'><strong>mea</strong></span> <span class='ocrx_word' id='word_1_37' title='bbox 1900 432 2102 479; x_wconf 87' lang='lat' dir='ltr'><strong>prompta</strong></span> 
     </span>
    </p>
   </div>
   <div class='ocr_carea' id='block_1_6' title="bbox 143 494 1091 551">
    <p class='ocr_par' dir='ltr' id='par_1_6' title="bbox 143 494 1091 551">
     <span class='ocr_line' id='line_1_6' title="bbox 143 494 1091 551; baseline -0.002 -13"><span class='ocrx_word' id='word_1_38' title='bbox 143 497 346 539; x_wconf 83' lang='lat' dir='ltr'><strong>sententia</strong></span> <span class='ocrx_word' id='word_1_39' title='bbox 390 506 469 548; x_wconf 87' lang='lat' dir='ltr'><strong>est;</strong></span> <span class='ocrx_word' id='word_1_40' title='bbox 514 505 709 551; x_wconf 84' lang='lat' dir='ltr'><strong>exspecto</strong></span> <span class='ocrx_word' id='word_1_41' title='bbox 749 494 854 550; x_wconf 88' lang='lat' dir='ltr'><strong>quid</strong></span> <span class='ocrx_word' id='word_1_42' title='bbox 898 494 1091 536; x_wconf 78' lang='lat' dir='ltr'><strong>suadeas.</strong></span> 
     </span>
    </p>
   </div>
   <div class='ocr_carea' id='block_1_7' title="bbox 142 576 1103 633">
    <p class='ocr_par' dir='ltr' id='par_1_7' title="bbox 142 576 1103 633">
     <span class='ocr_line' id='line_1_7' title="bbox 142 576 1103 633; baseline 0.001 -15"><span class='ocrx_word' id='word_1_43' title='bbox 142 577 397 618; x_wconf 85' lang='lat' dir='ltr'><strong>incessabilis</strong></span> <span class='ocrx_word' id='word_1_44' title='bbox 428 576 550 618; x_wconf 90' lang='lat' dir='ltr'><strong>labor</strong></span> <span class='ocrx_word' id='word_1_45' title='bbox 578 576 654 617; x_wconf 86' lang='lat' dir='ltr'><strong>tibi</strong></span> <span class='ocrx_word' id='word_1_46' title='bbox 683 590 854 632; x_wconf 78' lang='lat' dir='ltr'><strong>semper</strong></span> <span class='ocrx_word' id='word_1_47' title='bbox 885 587 1103 633; x_wconf 84' lang='lat' dir='ltr'><strong>acceptus,</strong></span> 
     </span>
    </p>
   </div>
   <div class='ocr_carea' id='block_1_8' title="bbox 1164 496 2102 558">
    <p class='ocr_par' dir='ltr' id='par_1_8' title="bbox 1164 496 2102 558">
     <span class='ocr_line' id='line_1_8' title="bbox 1164 496 2102 558; baseline 0.006 -20"><span class='ocrx_word' id='word_1_48' title='bbox 1164 496 1278 538; x_wconf 88' lang='lat' dir='ltr'><strong>Novi</strong></span> <span class='ocrx_word' id='word_1_49' title='bbox 1317 498 1479 553; x_wconf 90' lang='lat' dir='ltr'><strong>quippe</strong></span> <span class='ocrx_word' id='word_1_50' title='bbox 1520 513 1653 554; x_wconf 87' lang='lat' dir='ltr'><strong>quam</strong></span> <span class='ocrx_word' id='word_1_51' title='bbox 1695 501 1887 555; x_wconf 86' lang='lat' dir='ltr'><strong>ejusdem</strong></span> <span class='ocrx_word' id='word_1_52' title='bbox 1929 503 2102 558; x_wconf 81' lang='lat' dir='ltr'><strong>virginis</strong></span> 
     </span>
    </p>
   </div>
   <div class='ocr_carea' id='block_1_9' title="bbox 1142 579 2103 639">
    <p class='ocr_par' dir='ltr' id='par_1_9' title="bbox 1142 579 2103 639">
     <span class='ocr_line' id='line_1_9' title="bbox 1142 579 2103 639; baseline 0.005 -20"><span class='ocrx_word' id='word_1_53' title='bbox 1142 587 1181 620; x_wconf 88' lang='lat' dir='ltr'><strong>et</strong></span> <span class='ocrx_word' id='word_1_54' title='bbox 1211 587 1258 620; x_wconf 86' lang='lat' dir='ltr'><strong>ut</strong></span> <span class='ocrx_word' id='word_1_55' title='bbox 1287 593 1310 619; x_wconf 88' lang='lat' dir='ltr'><strong>e</strong></span> <span class='ocrx_word' id='word_1_56' title='bbox 1341 579 1423 620; x_wconf 88' lang='lat' dir='ltr'><strong>tuis</strong></span> <span class='ocrx_word' id='word_1_57' title='bbox 1455 590 1711 623; x_wconf 87' lang='lat' dir='ltr'><strong>numeretur</strong></span> <span class='ocrx_word' id='word_1_58' title='bbox 1744 582 1815 624; x_wconf 85' lang='lat' dir='ltr'><strong>illa</strong></span> <span class='ocrx_word' id='word_1_59' title='bbox 1846 582 2103 639; x_wconf 86' lang='lat' dir='ltr'><strong>pedisequis.</strong></span> 
     </span>
    </p>
   </div>
   <div class='ocr_carea' id='block_1_10' title="bbox 142 656 2102 719">
    <p class='ocr_par' dir='ltr' id='par_1_10' title="bbox 142 656 2102 719">
     <span class='ocr_line' id='line_1_10' title="bbox 142 656 2102 719; baseline 0.002 -19"><span class='ocrx_word' id='word_1_60' title='bbox 142 659 225 700; x_wconf 89' lang='lat' dir='ltr'><strong>Par</strong></span> <span class='ocrx_word' id='word_1_61' title='bbox 255 667 316 699; x_wconf 83' lang='lat' dir='ltr'><strong>est</strong></span> <span class='ocrx_word' id='word_1_62' title='bbox 344 658 470 713; x_wconf 83' lang='lat' dir='ltr'><strong>igitur</strong></span> <span class='ocrx_word' id='word_1_63' title='bbox 499 657 592 713; x_wconf 91' lang='lat' dir='ltr'><strong>ipsa</strong></span> <span class='ocrx_word' id='word_1_64' title='bbox 620 657 873 713; x_wconf 87' lang='lat' dir='ltr'><strong>praesertim</strong></span> <span class='ocrx_word' id='word_1_65' title='bbox 902 656 1131 711; x_wconf 81' lang='lat' dir='ltr'><strong>decernas,</strong></span> <span class='ocrx_word' id='word_1_66' title='bbox 1177 659 1392 716; x_wconf 85' lang='lat' dir='ltr'><strong>quidquid</strong></span> <span class='ocrx_word' id='word_1_67' title='bbox 1421 659 1474 702; x_wconf 86' lang='lat' dir='ltr'><strong>de</strong></span> <span class='ocrx_word' id='word_1_68' title='bbox 1506 661 1595 716; x_wconf 88' lang='lat' dir='ltr'><strong>ejus</strong></span> <span class='ocrx_word' id='word_1_69' title='bbox 1628 662 1841 703; x_wconf 86' lang='lat' dir='ltr'><strong>connubio</strong></span> <span class='ocrx_word' id='word_1_70' title='bbox 1871 663 2102 719; x_wconf 85' lang='lat' dir='ltr'><strong>provisura</strong></span> 
     </span>
    </p>
   </div>
   <div class='ocr_carea' id='block_1_11' title="bbox 141 738 369 796">
    <p class='ocr_par' dir='ltr' id='par_1_11' title="bbox 141 738 369 796">
     <span class='ocr_line' id='line_1_11' title="bbox 141 738 369 796; baseline 0 -15"><span class='ocrx_word' id='word_1_71' title='bbox 141 738 369 796; x_wconf 77' lang='lat' dir='ltr'><strong>dispensas,</strong></span> 
     </span>
    </p>
   </div>
   <div class='ocr_carea' id='block_1_12' title="bbox 442 738 2198 799">
    <p class='ocr_par' dir='ltr' id='par_1_12' title="bbox 442 738 2198 799">
     <span class='ocr_line' id='line_1_12' title="bbox 442 738 2198 799; baseline 0.005 -20"><span class='ocrx_word' id='word_1_72' title='bbox 442 739 570 780; x_wconf 90' lang='lat' dir='ltr'><strong>Tunc</strong></span> <span class='ocrx_word' id='word_1_73' title='bbox 613 738 750 779; x_wconf 87' lang='lat' dir='ltr'><strong>Pallas</strong></span> <span class='ocrx_word' id='word_1_74' title='bbox 800 738 1018 793; x_wconf 86' lang='lat' dir='ltr'><strong>aliquanto</strong></span> <span class='ocrx_word' id='word_1_75' title='bbox 1056 740 1329 793; x_wconf 84' lang='lat' dir='ltr'><strong>submissior,</strong></span> <span class='ocrx_word' id='word_1_76' title='bbox 1388 757 1436 784; x_wconf 88' lang='lat' dir='ltr'><strong>ae</strong></span> <span class='ocrx_word' id='word_1_77' title='bbox 1478 744 1691 798; x_wconf 81' lang='lat' dir='ltr'><strong>virginalis</strong></span> <span class='ocrx_word' id='word_1_78' title='bbox 1730 743 1906 799; x_wconf 87' lang='lat' dir='ltr'><strong>pudoris</strong></span> <span class='ocrx_word' id='word_1_79' title='bbox 1946 745 2106 786; x_wconf 79' lang='lat' dir='ltr'><strong>rubore</strong></span> <span class='ocrx_word' id='word_1_80' title='bbox 2133 746 2198 788; x_wconf 81' lang='lat'><strong>40</strong></span> 
     </span>
    </p>
   </div>
   <div class='ocr_carea' id='block_1_13' title="bbox 140 819 2104 880">
    <p class='ocr_par' dir='ltr' id='par_1_13' title="bbox 140 819 2104 880">
     <span class='ocr_line' id='line_1_13' title="bbox 140 819 2104 880; baseline 0.001 -16"><span class='ocrx_word' id='word_1_81' title='bbox 140 821 324 874; x_wconf 85' lang='lat' dir='ltr'><strong>suffusa,</strong></span> <span class='ocrx_word' id='word_1_82' title='bbox 368 821 603 877; x_wconf 88' lang='lat' dir='ltr'><strong>oculosque</strong></span> <span class='ocrx_word' id='word_1_83' title='bbox 630 820 757 876; x_wconf 91' lang='lat' dir='ltr'><strong>peplo</strong></span> <span class='ocrx_word' id='word_1_84' title='bbox 789 819 907 876; x_wconf 89' lang='lat' dir='ltr'><strong>quod</strong></span> <span class='ocrx_word' id='word_1_85' title='bbox 937 820 1116 863; x_wconf 87' lang='lat' dir='ltr'><strong>rutilum</strong></span> <span class='ocrx_word' id='word_1_86' title='bbox 1149 822 1313 864; x_wconf 89' lang='lat' dir='ltr'><strong>circum</strong></span> <span class='ocrx_word' id='word_1_87' title='bbox 1344 833 1472 879; x_wconf 87' lang='lat' dir='ltr'><strong>caput</strong></span> <span class='ocrx_word' id='word_1_88' title='bbox 1501 823 1688 880; x_wconf 80' lang='lat' dir='ltr'><strong>gestabat</strong></span> <span class='ocrx_word' id='word_1_89' title='bbox 1728 824 1975 876; x_wconf 87' lang='lat' dir='ltr'><strong>obnubens,</strong></span> <span class='ocrx_word' id='word_1_90' title='bbox 2019 826 2104 866; x_wconf 88' lang='lat' dir='ltr'><strong>im-</strong></span> 
     </span>
    </p>
   </div>
   <div class='ocr_carea' id='block_1_14' title="bbox 132 953 1097 2315">
    <p class='ocr_par' dir='ltr' id='par_1_14' title="bbox 133 953 1097 1750">
     <span class='ocr_line' id='line_1_14' title="bbox 211 953 1096 1002; baseline -0.005 -13"><span class='ocrx_word' id='word_1_91' title='bbox 211 969 288 1002; x_wconf 78' lang='lat' dir='ltr'><strong>pars</strong></span> <span class='ocrx_word' id='word_1_92' title='bbox 312 955 436 1001; x_wconf 77' lang='lat' dir='ltr'><strong>melior]</strong></span> <span class='ocrx_word' id='word_1_93' title='bbox 463 955 594 999; x_wconf 77' lang='lat' dir='ltr'><strong>Quippe</strong></span> <span class='ocrx_word' id='word_1_94' title='bbox 618 953 713 986; x_wconf 80' lang='lat' dir='ltr'><strong>Jovis</strong></span> <span class='ocrx_word' id='word_1_95' title='bbox 748 966 766 985; x_wconf 92' lang='lat' dir='ltr'><strong>e</strong></span> <span class='ocrx_word' id='word_1_96' title='bbox 801 954 904 998; x_wconf 84' lang='lat' dir='ltr'><strong>eapite</strong></span> <span class='ocrx_word' id='word_1_97' title='bbox 932 959 1096 998; x_wconf 80' lang='lat' dir='ltr'><strong>prognata.</strong></span> 
     </span>
     <span class='ocr_line' id='line_1_15' title="bbox 139 1012 1094 1062; baseline -0.007 -10"><span class='ocrx_word' id='word_1_98' title='bbox 139 1018 197 1053; x_wconf 86' lang='lat' dir='ltr'><strong>Sic</strong></span> <span class='ocrx_word' id='word_1_99' title='bbox 221 1019 351 1052; x_wconf 82' lang='lat' dir='ltr'><strong>Platoni</strong></span> <span class='ocrx_word' id='word_1_100' title='bbox 376 1018 478 1062; x_wconf 89' lang='lat' dir='ltr'><strong>(Crat.</strong></span> <span class='ocrx_word' id='word_1_101' title='bbox 501 1029 533 1060; x_wconf 89' lang='lat' dir='ltr'><strong>p.</strong></span> <span class='ocrx_word' id='word_1_102' title='bbox 549 1017 623 1048; x_wconf 76' lang='lat'><strong>407</strong></span> <span class='ocrx_word' id='word_1_103' title='bbox 645 1014 771 1060; x_wconf 81' lang='lat' dir='ltr'><strong>steph.)</strong></span> <span class='ocrx_word' id='word_1_104' title='bbox 796 1027 914 1047; x_wconf 91' lang='lat' dir='ltr'><strong>nomen</strong></span> <span class='ocrx_word' id='word_1_105' title='bbox 939 1012 1094 1060; x_wconf 67' lang='grc' dir='ltr'><em>Ἀθήνη,</em></span> 
     </span>
     <span class='ocr_line' id='line_1_16' title="bbox 139 1075 1097 1128; baseline -0.005 -14"><span class='ocrx_word' id='word_1_106' title='bbox 139 1080 265 1128; x_wconf 66' lang='grc' dir='ltr'><strong>(Ῑιιειςίἡ</strong></span> <span class='ocrx_word' id='word_1_107' title='bbox 281 1078 441 1126; x_wconf 75' lang='grc' dir='ltr'><em>θεονόη,</em></span> <span class='ocrx_word' id='word_1_108' title='bbox 461 1078 553 1115; x_wconf 73' lang='grc' dir='ltr'><em>θεία</em></span> <span class='ocrx_word' id='word_1_109' title='bbox 569 1075 704 1124; x_wconf 77' lang='grc' dir='ltr'><em>νὸηόις</em></span> <span class='ocrx_word' id='word_1_110' title='bbox 717 1084 794 1110; x_wconf 82' lang='lat' dir='ltr'><strong>erat.</strong></span> <span class='ocrx_word' id='word_1_111' title='bbox 818 1078 980 1110; x_wconf 75' lang='lat' dir='ltr'><strong>Observat</strong></span> <span class='ocrx_word' id='word_1_112' title='bbox 991 1078 1097 1110; x_wconf 80' lang='lat' dir='ltr'><strong>Faber</strong></span> 
     </span>
     <span class='ocr_line' id='line_1_17' title="bbox 138 1142 1094 1191; baseline -0.005 -13"><span class='ocrx_word' id='word_1_113' title='bbox 138 1145 191 1191; x_wconf 83' lang='lat' dir='ltr'><strong>(ad</strong></span> <span class='ocrx_word' id='word_1_114' title='bbox 206 1144 400 1190; x_wconf 87' lang='lat' dir='ltr'><strong>Apollodor.</strong></span> <span class='ocrx_word' id='word_1_115' title='bbox 415 1157 447 1188; x_wconf 90' lang='lat' dir='ltr'><strong>p.</strong></span> <span class='ocrx_word' id='word_1_116' title='bbox 465 1142 566 1187; x_wconf 76' lang='lat'>164)=</span> <span class='ocrx_word' id='word_1_117' title='bbox 587 1142 691 1186; x_wconf 85' lang='lat' dir='ltr'><strong>»quod</strong></span> <span class='ocrx_word' id='word_1_118' title='bbox 711 1142 750 1174; x_wconf 90' lang='lat' dir='ltr'><strong>de</strong></span> <span class='ocrx_word' id='word_1_119' title='bbox 769 1142 932 1174; x_wconf 75' lang='lat' dir='ltr'><strong>nativitate</strong></span> <span class='ocrx_word' id='word_1_120' title='bbox 950 1142 1094 1174; x_wconf 79' lang='lat' dir='ltr'><strong>Palladis</strong></span> 
     </span>
     <span class='ocr_line' id='line_1_18' title="bbox 138 1203 1094 1252; baseline -0.004 -10"><span class='ocrx_word' id='word_1_121' title='bbox 138 1210 179 1242; x_wconf 75' lang='lat' dir='ltr'><strong>ad</strong></span> <span class='ocrx_word' id='word_1_122' title='bbox 200 1221 289 1242; x_wconf 83' lang='lat' dir='ltr'><strong>oram</strong></span> <span class='ocrx_word' id='word_1_123' title='bbox 304 1208 393 1240; x_wconf 83' lang='lat' dir='ltr'><strong>fluvii</strong></span> <span class='ocrx_word' id='word_1_124' title='bbox 407 1206 551 1239; x_wconf 80' lang='lat' dir='ltr'><strong>Tritonis</strong></span> <span class='ocrx_word' id='word_1_125' title='bbox 567 1205 711 1240; x_wconf 82' lang='lat' dir='ltr'><strong>scribunt</strong></span> <span class='ocrx_word' id='word_1_126' title='bbox 730 1218 835 1248; x_wconf 82' lang='lat' dir='ltr'><strong>nugae</strong></span> <span class='ocrx_word' id='word_1_127' title='bbox 855 1211 938 1237; x_wconf 79' lang='lat' dir='ltr'><strong>sunt.</strong></span> <span class='ocrx_word' id='word_1_128' title='bbox 967 1203 1094 1252; x_wconf 74' lang='grc' dir='ltr'><em>Τριτώ</em></span> 
     </span>
     <span class='ocr_line' id='line_1_19' title="bbox 137 1267 1093 1313; baseline -0.005 -9"><span class='ocrx_word' id='word_1_129' title='bbox 137 1282 202 1304; x_wconf 82' lang='lat' dir='ltr'><strong>vox</strong></span> <span class='ocrx_word' id='word_1_130' title='bbox 232 1276 283 1303; x_wconf 90' lang='lat' dir='ltr'><strong>est</strong></span> <span class='ocrx_word' id='word_1_131' title='bbox 307 1269 461 1310; x_wconf 79' lang='lat' dir='ltr'><strong>Aeolica,</strong></span> <span class='ocrx_word' id='word_1_132' title='bbox 490 1280 572 1313; x_wconf 90' lang='lat' dir='ltr'><strong>quae</strong></span> <span class='ocrx_word' id='word_1_133' title='bbox 603 1274 699 1312; x_wconf 78' lang='lat' dir='ltr'><strong>caput</strong></span> <span class='ocrx_word' id='word_1_134' title='bbox 725 1267 950 1310; x_wconf 57' lang='lat' dir='ltr'><strong>significabat«</strong></span> <span class='ocrx_word' id='word_1_135' title='bbox 990 1267 1093 1301; x_wconf 86' lang='lat' dir='ltr'><strong>Scho-</strong></span> 
     </span>
     <span class='ocr_line' id='line_1_20' title="bbox 137 1328 1094 1375; baseline -0.003 -10"><span class='ocrx_word' id='word_1_136' title='bbox 137 1333 248 1366; x_wconf 84' lang='lat' dir='ltr'><strong>liastes</strong></span> <span class='ocrx_word' id='word_1_137' title='bbox 280 1330 508 1375; x_wconf 80' lang='lat' dir='ltr'><strong>Aristophanis</strong></span> <span class='ocrx_word' id='word_1_138' title='bbox 537 1330 663 1374; x_wconf 86' lang='lat' dir='ltr'><strong>(Nuhb.</strong></span> <span class='ocrx_word' id='word_1_139' title='bbox 680 1328 776 1373; x_wconf 77' lang='grc'>985)</span> <span class='ocrx_word' id='word_1_140' title='bbox 809 1329 841 1360; x_wconf 88' lang='lat' dir='ltr'><strong>id</strong></span> <span class='ocrx_word' id='word_1_141' title='bbox 869 1329 1015 1362; x_wconf 85' lang='lat' dir='ltr'><strong>firmabit.</strong></span> <span class='ocrx_word' id='word_1_142' title='bbox 1048 1330 1094 1362; x_wconf 85' lang='lat' dir='ltr'><strong>Et</strong></span> 
     </span>
     <span class='ocr_line' id='line_1_21' title="bbox 138 1389 1094 1439; baseline -0.003 -13"><span class='ocrx_word' id='word_1_143' title='bbox 138 1394 281 1439; x_wconf 66' lang='lat' dir='ltr'><strong>quamvis</strong></span> <span class='ocrx_word' id='word_1_144' title='bbox 298 1392 455 1426; x_wconf 90' lang='lat' dir='ltr'><strong>Horatius</strong></span> <span class='ocrx_word' id='word_1_145' title='bbox 479 1390 588 1435; x_wconf 86' lang='lat' dir='ltr'><strong>(carm.</strong></span> <span class='ocrx_word' id='word_1_146' title='bbox 609 1391 644 1430; x_wconf 85' lang='lat'><strong>1,</strong></span> <span class='ocrx_word' id='word_1_147' title='bbox 663 1391 720 1430; x_wconf 75' lang='lat'><strong>12,</strong></span> <span class='ocrx_word' id='word_1_148' title='bbox 743 1389 803 1434; x_wconf 87' lang='grc'><strong>19)</strong></span> <span class='ocrx_word' id='word_1_149' title='bbox 825 1391 1000 1422; x_wconf 89' lang='lat' dir='ltr'><strong>secundum</strong></span> <span class='ocrx_word' id='word_1_150' title='bbox 1019 1397 1094 1435; x_wconf 88' lang='lat' dir='ltr'><strong>post</strong></span> 
     </span>
     <span class='ocr_line' id='line_1_22' title="bbox 136 1450 1092 1496; baseline -0.005 -7"><span class='ocrx_word' id='word_1_151' title='bbox 136 1455 254 1489; x_wconf 64' lang='lat' dir='ltr'><strong>Jovem</strong></span> <span class='ocrx_word' id='word_1_152' title='bbox 274 1455 303 1486; x_wconf 91' lang='lat' dir='ltr'><strong>ei</strong></span> <span class='ocrx_word' id='word_1_153' title='bbox 322 1454 441 1486; x_wconf 78' lang='lat' dir='ltr'><strong>tribuat</strong></span> <span class='ocrx_word' id='word_1_154' title='bbox 456 1453 575 1493; x_wconf 82' lang='lat' dir='ltr'><strong>locum,</strong></span> <span class='ocrx_word' id='word_1_155' title='bbox 599 1456 712 1484; x_wconf 86' lang='lat' dir='ltr'><strong>noster</strong></span> <span class='ocrx_word' id='word_1_156' title='bbox 731 1456 837 1483; x_wconf 86' lang='lat' dir='ltr'><strong>tamen</strong></span> <span class='ocrx_word' id='word_1_157' title='bbox 853 1451 935 1483; x_wconf 88' lang='lat' dir='ltr'><strong>insra</strong></span> <span class='ocrx_word' id='word_1_158' title='bbox 951 1450 994 1496; x_wconf 83' lang='lat'><strong>(§.</strong></span> <span class='ocrx_word' id='word_1_159' title='bbox 1009 1453 1092 1484; x_wconf 79' lang='lat'><strong>567.</strong></span> 
     </span>
     <span class='ocr_line' id='line_1_23' title="bbox 136 1512 1091 1560; baseline -0.003 -12"><span class='ocrx_word' id='word_1_160' title='bbox 136 1516 231 1560; x_wconf 72' lang='lat'>588)</span> <span class='ocrx_word' id='word_1_161' title='bbox 257 1527 326 1548; x_wconf 86' lang='lat' dir='ltr'><strong>eam</strong></span> <span class='ocrx_word' id='word_1_162' title='bbox 357 1513 536 1556; x_wconf 83' lang='lat' dir='ltr'><strong>»ingenium</strong></span> <span class='ocrx_word' id='word_1_163' title='bbox 574 1512 700 1552; x_wconf 85' lang='lat' dir='ltr'><strong>mundi,</strong></span> <span class='ocrx_word' id='word_1_164' title='bbox 739 1512 941 1555; x_wconf 84' lang='lat' dir='ltr'><strong>prudentiam</strong></span> <span class='ocrx_word' id='word_1_165' title='bbox 970 1525 1091 1545; x_wconf 86' lang='lat' dir='ltr'><strong>sacram</strong></span> 
     </span>
     <span class='ocr_line' id='line_1_24' title="bbox 135 1574 1084 1622; baseline -0.009 -9"><span class='ocrx_word' id='word_1_166' title='bbox 135 1578 310 1614; x_wconf 76' lang='lat' dir='ltr'><strong>Tonantis«</strong></span> <span class='ocrx_word' id='word_1_167' title='bbox 342 1577 499 1622; x_wconf 84' lang='lat' dir='ltr'><strong>appellat,</strong></span> <span class='ocrx_word' id='word_1_168' title='bbox 534 1587 616 1620; x_wconf 87' lang='lat' dir='ltr'><strong>quae</strong></span> <span class='ocrx_word' id='word_1_169' title='bbox 648 1574 690 1606; x_wconf 90' lang='lat' dir='ltr'><strong>sit</strong></span> <span class='ocrx_word' id='word_1_170' title='bbox 719 1574 856 1606; x_wconf 85' lang='lat' dir='ltr'><strong>»celsior</strong></span> <span class='ocrx_word' id='word_1_171' title='bbox 884 1587 946 1606; x_wconf 83' lang='lat' dir='ltr'><strong>una</strong></span> <span class='ocrx_word' id='word_1_172' title='bbox 970 1575 1084 1607; x_wconf 63' lang='lat' dir='ltr'><strong>Jove«</strong></span> 
     </span>
     <span class='ocr_line' id='line_1_25' title="bbox 134 1636 1090 1686; baseline -0.007 -8"><span class='ocrx_word' id='word_1_173' title='bbox 134 1642 273 1678; x_wconf 83' lang='lat' dir='ltr'><strong>Ovidius</strong></span> <span class='ocrx_word' id='word_1_174' title='bbox 303 1648 433 1686; x_wconf 75' lang='lat' dir='ltr'><strong>etymon</strong></span> <span class='ocrx_word' id='word_1_175' title='bbox 461 1638 601 1672; x_wconf 87' lang='lat' dir='ltr'><strong>nominis</strong></span> <span class='ocrx_word' id='word_1_176' title='bbox 636 1644 748 1683; x_wconf 77' lang='lat' dir='ltr'><strong>captae</strong></span> <span class='ocrx_word' id='word_1_177' title='bbox 779 1636 930 1683; x_wconf 77' lang='lat' dir='ltr'><strong>(capitae)</strong></span> <span class='ocrx_word' id='word_1_178' title='bbox 961 1637 1006 1671; x_wconf 88' lang='lat' dir='ltr'><strong>ita</strong></span> <span class='ocrx_word' id='word_1_179' title='bbox 1038 1637 1090 1682; x_wconf 92' lang='lat' dir='ltr'><strong>(in</strong></span> 
     </span>
     <span class='ocr_line' id='line_1_26' title="bbox 133 1704 594 1750; baseline -0.017 -8"><span class='ocrx_word' id='word_1_180' title='bbox 133 1710 205 1742; x_wconf 77' lang='lat' dir='ltr'><strong>fast.</strong></span> <span class='ocrx_word' id='word_1_181' title='bbox 226 1710 268 1749; x_wconf 89' lang='lat'><strong>5,</strong></span> <span class='ocrx_word' id='word_1_182' title='bbox 297 1705 384 1750; x_wconf 83' lang='lat'>857)</span> <span class='ocrx_word' id='word_1_183' title='bbox 407 1704 594 1747; x_wconf 83' lang='lat' dir='ltr'><strong>investigat:</strong></span> 
     </span>
    </p>

    <p class='ocr_par' dir='ltr' id='par_1_15' title="bbox 190 1766 1091 1810">
     <span class='ocr_line' id='line_1_27' title="bbox 190 1766 1091 1810; baseline -0.004 -7"><span class='ocrx_word' id='word_1_184' title='bbox 190 1772 359 1805; x_wconf 74' lang='lat' dir='ltr'><strong>»Nominis</strong></span> <span class='ocrx_word' id='word_1_185' title='bbox 381 1772 417 1802; x_wconf 82' lang='lat' dir='ltr'><strong>in</strong></span> <span class='ocrx_word' id='word_1_186' title='bbox 441 1770 536 1801; x_wconf 74' lang='lat' dir='ltr'><strong>dnbio</strong></span> <span class='ocrx_word' id='word_1_187' title='bbox 566 1779 665 1800; x_wconf 82' lang='lat' dir='ltr'><strong>causa</strong></span> <span class='ocrx_word' id='word_1_188' title='bbox 694 1770 759 1799; x_wconf 74' lang='lat' dir='ltr'><strong>est:</strong></span> <span class='ocrx_word' id='word_1_189' title='bbox 781 1766 918 1810; x_wconf 81' lang='lat' dir='ltr'><strong>capitale</strong></span> <span class='ocrx_word' id='word_1_190' title='bbox 938 1777 1091 1799; x_wconf 79' lang='lat' dir='ltr'><strong>vocamus</strong></span> 
     </span>
    </p>

    <p class='ocr_par' dir='ltr' id='par_1_16' title="bbox 181 1828 1020 1994">
     <span class='ocr_line' id='line_1_28' title="bbox 282 1828 965 1877; baseline -0.007 -12"><span class='ocrx_word' id='word_1_191' title='bbox 282 1833 456 1877; x_wconf 72' lang='lat' dir='ltr'><strong>Inqenium</strong></span> <span class='ocrx_word' id='word_1_192' title='bbox 477 1830 610 1864; x_wconf 79' lang='lat' dir='ltr'><strong>sollers.-</strong></span> <span class='ocrx_word' id='word_1_193' title='bbox 634 1829 802 1872; x_wconf 61' lang='lat' dir='ltr'><strong>ingeniosa</strong></span> <span class='ocrx_word' id='word_1_194' title='bbox 824 1828 885 1859; x_wconf 83' lang='lat' dir='ltr'><strong>dea</strong></span> <span class='ocrx_word' id='word_1_195' title='bbox 907 1834 965 1860; x_wconf 79' lang='lat' dir='ltr'><strong>est.</strong></span> 
     </span>
     <span class='ocr_line' id='line_1_29' title="bbox 181 1890 1020 1942; baseline -0.011 -14"><span class='ocrx_word' id='word_1_196' title='bbox 181 1892 240 1929; x_wconf 72' lang='grc' dir='ltr'><strong>Ἀιι</strong></span> <span class='ocrx_word' id='word_1_197' title='bbox 256 1896 333 1942; x_wconf 74' lang='lat' dir='ltr'><strong>quia</strong></span> <span class='ocrx_word' id='word_1_198' title='bbox 350 1894 389 1925; x_wconf 81' lang='lat' dir='ltr'><strong>de</strong></span> <span class='ocrx_word' id='word_1_199' title='bbox 406 1893 519 1936; x_wconf 79' lang='lat' dir='ltr'><strong>capitis</strong></span> <span class='ocrx_word' id='word_1_200' title='bbox 538 1890 649 1935; x_wconf 72' lang='lat' dir='ltr'><strong>fertur</strong></span> <span class='ocrx_word' id='word_1_201' title='bbox 667 1890 739 1921; x_wconf 78' lang='lat' dir='ltr'><strong>sine</strong></span> <span class='ocrx_word' id='word_1_202' title='bbox 765 1893 868 1920; x_wconf 66' lang='lat' dir='ltr'><strong>nzatre</strong></span> <span class='ocrx_word' id='word_1_203' title='bbox 888 1890 1020 1932; x_wconf 77' lang='lat' dir='ltr'><strong>paterni</strong></span> 
     </span>
     <span class='ocr_line' id='line_1_30' title="bbox 290 1950 939 1994; baseline -0.009 -7"><span class='ocrx_word' id='word_1_204' title='bbox 290 1956 326 1988; x_wconf 89' lang='lat' dir='ltr'><em>V</em></span> <span class='ocrx_word' id='word_1_205' title='bbox 322 1956 420 1987; x_wconf 67' lang='lat' dir='ltr'><strong>ertit-e</strong></span> <span class='ocrx_word' id='word_1_206' title='bbox 439 1965 513 1986; x_wconf 80' lang='lat' dir='ltr'><strong>cum</strong></span> <span class='ocrx_word' id='word_1_207' title='bbox 534 1951 643 1994; x_wconf 78' lang='lat' dir='ltr'><strong>clypeo</strong></span> <span class='ocrx_word' id='word_1_208' title='bbox 662 1950 849 1994; x_wconf 76' lang='lat' dir='ltr'><strong>prosiluisse</strong></span> <span class='ocrx_word' id='word_1_209' title='bbox 870 1962 939 1982; x_wconf 79' lang='lat' dir='ltr'><strong>suo.</strong></span> 
     </span>
    </p>

    <p class='ocr_par' dir='ltr' id='par_1_17' title="bbox 132 2010 1090 2315">
     <span class='ocr_line' id='line_1_31' title="bbox 132 2010 1089 2060; baseline -0.01 -8"><span class='ocrx_word' id='word_1_210' title='bbox 132 2017 228 2052; x_wconf 87' lang='lat' dir='ltr'><strong>Unde</strong></span> <span class='ocrx_word' id='word_1_211' title='bbox 252 2017 306 2050; x_wconf 86' lang='lat' dir='ltr'><strong>alii</strong></span> <span class='ocrx_word' id='word_1_212' title='bbox 329 2016 425 2048; x_wconf 90' lang='lat' dir='ltr'><strong>etiam</strong></span> <span class='ocrx_word' id='word_1_213' title='bbox 448 2013 627 2060; x_wconf 86' lang='lat' dir='ltr'><strong>(Cornutus</strong></span> <span class='ocrx_word' id='word_1_214' title='bbox 649 2012 699 2044; x_wconf 82' lang='lat'><strong>20</strong></span> <span class='ocrx_word' id='word_1_215' title='bbox 721 2023 752 2055; x_wconf 90' lang='lat' dir='ltr'><strong>p.</strong></span> <span class='ocrx_word' id='word_1_216' title='bbox 773 2011 845 2044; x_wconf 80' lang='lat'><strong>184</strong></span> <span class='ocrx_word' id='word_1_217' title='bbox 869 2010 943 2044; x_wconf 88' lang='lat' dir='ltr'><strong>Gal.</strong></span> <span class='ocrx_word' id='word_1_218' title='bbox 961 2016 993 2043; x_wconf 84' lang='lat' dir='ltr'><strong>et</strong></span> <span class='ocrx_word' id='word_1_219' title='bbox 1012 2010 1089 2042; x_wconf 87' lang='lat' dir='ltr'><strong>Ful-</strong></span> 
     </span>
     <span class='ocr_line' id='line_1_32' title="bbox 133 2072 1090 2124; baseline -0.009 -11"><span class='ocrx_word' id='word_1_220' title='bbox 133 2085 217 2124; x_wconf 79' lang='lat' dir='ltr'><strong>gent.</strong></span> <span class='ocrx_word' id='word_1_221' title='bbox 240 2080 339 2123; x_wconf 69' lang='lat' dir='ltr'><strong>myth.</strong></span> <span class='ocrx_word' id='word_1_222' title='bbox 355 2078 398 2118; x_wconf 76' lang='lat'><strong>2,</strong></span> <span class='ocrx_word' id='word_1_223' title='bbox 424 2075 462 2120; x_wconf 78' lang='lat'><strong>2)</strong></span> <span class='ocrx_word' id='word_1_224' title='bbox 482 2074 661 2108; x_wconf 79' lang='lat' dir='ltr'><strong>Minervam</strong></span> <span class='ocrx_word' id='word_1_225' title='bbox 689 2072 763 2105; x_wconf 90' lang='lat' dir='ltr'><strong>ideo</strong></span> <span class='ocrx_word' id='word_1_226' title='bbox 787 2073 827 2105; x_wconf 88' lang='lat' dir='ltr'><strong>de</strong></span> <span class='ocrx_word' id='word_1_227' title='bbox 851 2073 946 2105; x_wconf 72' lang='lat' dir='ltr'><strong>Jovis</strong></span> <span class='ocrx_word' id='word_1_228' title='bbox 971 2073 1090 2105; x_wconf 83' lang='lat' dir='ltr'><strong>vertice</strong></span> 
     </span>
     <span class='ocr_line' id='line_1_33' title="bbox 132 2137 1089 2182; baseline -0.01 -5"><span class='ocrx_word' id='word_1_229' title='bbox 132 2150 239 2178; x_wconf 84' lang='lat' dir='ltr'><strong>natam</strong></span> <span class='ocrx_word' id='word_1_230' title='bbox 266 2153 339 2174; x_wconf 84' lang='lat' dir='ltr'><strong>esse</strong></span> <span class='ocrx_word' id='word_1_231' title='bbox 367 2140 495 2180; x_wconf 85' lang='lat' dir='ltr'><strong>dicunt,</strong></span> <span class='ocrx_word' id='word_1_232' title='bbox 530 2137 606 2182; x_wconf 84' lang='lat' dir='ltr'><strong>quia</strong></span> <span class='ocrx_word' id='word_1_233' title='bbox 633 2137 796 2179; x_wconf 77' lang='lat' dir='ltr'><strong>ingenium</strong></span> <span class='ocrx_word' id='word_1_234' title='bbox 824 2137 966 2181; x_wconf 91' lang='lat' dir='ltr'><strong>positum</strong></span> <span class='ocrx_word' id='word_1_235' title='bbox 991 2137 1032 2168; x_wconf 89' lang='lat' dir='ltr'><strong>sit</strong></span> <span class='ocrx_word' id='word_1_236' title='bbox 1056 2137 1089 2169; x_wconf 86' lang='lat' dir='ltr'><strong>in</strong></span> 
     </span>
     <span class='ocr_line' id='line_1_34' title="bbox 133 2199 1088 2245; baseline -0.009 -4"><span class='ocrx_word' id='word_1_237' title='bbox 133 2208 273 2241; x_wconf 85' lang='lat' dir='ltr'><strong>cerebro.</strong></span> <span class='ocrx_word' id='word_1_238' title='bbox 297 2204 449 2239; x_wconf 84' lang='lat' dir='ltr'><strong>Valerius</strong></span> <span class='ocrx_word' id='word_1_239' title='bbox 472 2202 610 2235; x_wconf 82' lang='lat' dir='ltr'><strong>Flaccus</strong></span> <span class='ocrx_word' id='word_1_240' title='bbox 635 2201 683 2245; x_wconf 79' lang='grc'><strong>(4,</strong></span> <span class='ocrx_word' id='word_1_241' title='bbox 711 2199 797 2244; x_wconf 73' lang='lat'><strong>542)</strong></span> <span class='ocrx_word' id='word_1_242' title='bbox 823 2213 892 2232; x_wconf 88' lang='lat' dir='ltr'><strong>eam</strong></span> <span class='ocrx_word' id='word_1_243' title='bbox 914 2200 1008 2233; x_wconf 78' lang='lat' dir='ltr'><strong>Jovis</strong></span> <span class='ocrx_word' id='word_1_244' title='bbox 1035 2213 1088 2245; x_wconf 88' lang='lat' dir='ltr'><strong>ap-</strong></span> 
     </span>
     <span class='ocr_line' id='line_1_35' title="bbox 133 2262 1090 2315; baseline -0.007 -14"><span class='ocrx_word' id='word_1_245' title='bbox 133 2268 232 2315; x_wconf 82' lang='lat' dir='ltr'><strong>pellat</strong></span> <span class='ocrx_word' id='word_1_246' title='bbox 247 2269 398 2313; x_wconf 77' lang='lat' dir='ltr'><strong>optimam</strong></span> <span class='ocrx_word' id='word_1_247' title='bbox 411 2264 542 2310; x_wconf 80' lang='lat' dir='ltr'><strong>prolem.</strong></span> <span class='ocrx_word' id='word_1_248' title='bbox 562 2263 736 2296; x_wconf 82' lang='lat' dir='ltr'><strong>Praeterea</strong></span> <span class='ocrx_word' id='word_1_249' title='bbox 751 2262 792 2294; x_wconf 87' lang='lat' dir='ltr'><strong>ad</strong></span> <span class='ocrx_word' id='word_1_250' title='bbox 813 2262 986 2295; x_wconf 86' lang='lat' dir='ltr'><strong>dictionem</strong></span> <span class='ocrx_word' id='word_1_251' title='bbox 1002 2263 1090 2307; x_wconf 86' lang='lat' dir='ltr'><strong>quod</strong></span> 
     </span>
    </p>
   </div>
   <div class='ocr_carea' id='block_1_15' title="bbox 134 2326 1091 2373">
    <p class='ocr_par' dir='ltr' id='par_1_18' title="bbox 134 2326 1091 2373">
     <span class='ocr_line' id='line_1_36' title="bbox 134 2326 1091 2373; baseline -0.007 -8"><span class='ocrx_word' id='word_1_252' title='bbox 134 2332 265 2373; x_wconf 79' lang='lat' dir='ltr'><strong>attinet,</strong></span> <span class='ocrx_word' id='word_1_253' title='bbox 287 2331 321 2363; x_wconf 86' lang='lat' dir='ltr'><strong>in</strong></span> <span class='ocrx_word' id='word_1_254' title='bbox 345 2328 529 2362; x_wconf 86' lang='lat' dir='ltr'><strong>memoriam</strong></span> <span class='ocrx_word' id='word_1_255' title='bbox 552 2326 647 2360; x_wconf 87' lang='lat' dir='ltr'><strong>nobis</strong></span> <span class='ocrx_word' id='word_1_256' title='bbox 665 2332 856 2359; x_wconf 80' lang='lat' dir='ltr'><strong>revocantur</strong></span> <span class='ocrx_word' id='word_1_257' title='bbox 883 2327 941 2359; x_wconf 77' lang='lat' dir='ltr'><strong>illa</strong></span> <span class='ocrx_word' id='word_1_258' title='bbox 961 2327 1091 2369; x_wconf 80' lang='lat' dir='ltr'><strong>Virgilii</strong></span> 
     </span>
    </p>
   </div>
   <div class='ocr_carea' id='block_1_16' title="bbox 134 2391 1108 2441">
    <p class='ocr_par' dir='ltr' id='par_1_19' title="bbox 134 2391 1108 2441">
     <span class='ocr_line' id='line_1_37' title="bbox 134 2391 1108 2441; baseline -0.005 -13"><span class='ocrx_word' id='word_1_259' title='bbox 134 2397 253 2441; x_wconf 80' lang='lat' dir='ltr'><strong>(georg.</strong></span> <span class='ocrx_word' id='word_1_260' title='bbox 270 2395 305 2434; x_wconf 73' lang='lat'><strong>2,</strong></span> <span class='ocrx_word' id='word_1_261' title='bbox 331 2392 393 2437; x_wconf 80' lang='lat'><strong>40)</strong></span> <span class='ocrx_word' id='word_1_262' title='bbox 421 2392 541 2424; x_wconf 75' lang='lat' dir='ltr'><strong>»famae</strong></span> <span class='ocrx_word' id='word_1_263' title='bbox 563 2402 641 2436; x_wconf 80' lang='lat' dir='ltr'><strong>pars</strong></span> <span class='ocrx_word' id='word_1_264' title='bbox 666 2402 822 2423; x_wconf 79' lang='lat' dir='ltr'><strong>maxuma</strong></span> <span class='ocrx_word' id='word_1_265' title='bbox 842 2396 1008 2432; x_wconf 58' lang='lat' dir='ltr'><strong>nosti-aeq«,</strong></span> <span class='ocrx_word' id='word_1_266' title='bbox 1038 2391 1108 2424; x_wconf 67' lang='lat' dir='ltr'><strong>vel⁴</strong></span> 
     </span>
    </p>
   </div>
   <div class='ocr_carea' id='block_1_17' title="bbox 134 2451 1091 2625">
    <p class='ocr_par' dir='ltr' id='par_1_20' title="bbox 134 2451 1091 2625">
     <span class='ocr_line' id='line_1_38' title="bbox 134 2451 1091 2500; baseline -0.006 -9"><span class='ocrx_word' id='word_1_267' title='bbox 134 2457 221 2491; x_wconf 77' lang='lat' dir='ltr'><strong>senis</strong></span> <span class='ocrx_word' id='word_1_268' title='bbox 237 2456 323 2488; x_wconf 86' lang='lat' dir='ltr'><strong>illius</strong></span> <span class='ocrx_word' id='word_1_269' title='bbox 340 2453 424 2500; x_wconf 84' lang='lat' dir='ltr'><strong>apud</strong></span> <span class='ocrx_word' id='word_1_270' title='bbox 439 2453 570 2486; x_wconf 83' lang='lat' dir='ltr'><strong>Gallum</strong></span> <span class='ocrx_word' id='word_1_271' title='bbox 585 2452 633 2497; x_wconf 78' lang='lat'><strong>(1,</strong></span> <span class='ocrx_word' id='word_1_272' title='bbox 656 2451 708 2497; x_wconf 78' lang='lat'><strong>5)=</strong></span> <span class='ocrx_word' id='word_1_273' title='bbox 727 2452 841 2497; x_wconf 73' lang='lat' dir='ltr'><strong>»periit</strong></span> <span class='ocrx_word' id='word_1_274' title='bbox 854 2465 932 2497; x_wconf 81' lang='lat' dir='ltr'><strong>pars</strong></span> <span class='ocrx_word' id='word_1_275' title='bbox 947 2455 1091 2485; x_wconf 76' lang='lat' dir='ltr'><strong>maxima</strong></span> 
     </span>
     <span class='ocr_line' id='line_1_39' title="bbox 134 2516 1090 2562; baseline -0.003 -7"><span class='ocrx_word' id='word_1_276' title='bbox 134 2521 254 2555; x_wconf 73' lang='lat' dir='ltr'><strong>nostri«</strong></span> <span class='ocrx_word' id='word_1_277' title='bbox 263 2544 273 2562; x_wconf 89' lang='lat'><strong>,</strong></span> <span class='ocrx_word' id='word_1_278' title='bbox 287 2519 339 2552; x_wconf 73' lang='lat' dir='ltr'><strong>vel</strong></span> <span class='ocrx_word' id='word_1_279' title='bbox 353 2517 468 2550; x_wconf 84' lang='lat' dir='ltr'><strong>Rutilii</strong></span> <span class='ocrx_word' id='word_1_280' title='bbox 485 2516 679 2561; x_wconf 80' lang='lat' dir='ltr'><strong>(itin.495)=</strong></span> <span class='ocrx_word' id='word_1_281' title='bbox 695 2522 841 2550; x_wconf 65' lang='lat' dir='ltr'><strong>„nostrae</strong></span> <span class='ocrx_word' id='word_1_282' title='bbox 857 2530 935 2562; x_wconf 82' lang='lat' dir='ltr'><strong>pars</strong></span> <span class='ocrx_word' id='word_1_283' title='bbox 947 2520 1090 2552; x_wconf 67' lang='lat' dir='ltr'><strong>neaxima</strong></span> 
     </span>
     <span class='ocr_line' id='line_1_40' title="bbox 134 2579 836 2625; baseline -0.001 -11"><span class='ocrx_word' id='word_1_284' title='bbox 134 2586 277 2620; x_wconf 45' lang='lat' dir='ltr'><strong>mentia«</strong></span> <span class='ocrx_word' id='word_1_285' title='bbox 313 2582 408 2617; x_wconf 84' lang='lat' dir='ltr'><strong>Adde</strong></span> <span class='ocrx_word' id='word_1_286' title='bbox 425 2579 615 2614; x_wconf 73' lang='lat' dir='ltr'><strong>Juvenalem</strong></span> <span class='ocrx_word' id='word_1_287' title='bbox 632 2579 713 2625; x_wconf 74' lang='lat'><strong>(15,</strong></span> <span class='ocrx_word' id='word_1_288' title='bbox 741 2581 836 2625; x_wconf 80' lang='lat'><strong>155).</strong></span> 
     </span>
    </p>
   </div>
   <div class='ocr_carea' id='block_1_18' title="bbox 1143 954 2105 1438">
    <p class='ocr_par' dir='ltr' id='par_1_21' title="bbox 1143 954 2105 1438">
     <span class='ocr_line' id='line_1_41' title="bbox 1223 954 2105 1002; baseline 0.007 -16"><span class='ocrx_word' id='word_1_289' title='bbox 1223 954 1405 1000; x_wconf 79' lang='lat' dir='ltr'><strong>consilium]</strong></span> <span class='ocrx_word' id='word_1_290' title='bbox 1431 954 1576 988; x_wconf 72' lang='lat' dir='ltr'><strong>Minerva</strong></span> <span class='ocrx_word' id='word_1_291' title='bbox 1604 957 1688 990; x_wconf 85' lang='lat' dir='ltr'><strong>cuim</strong></span> <span class='ocrx_word' id='word_1_292' title='bbox 1720 957 1790 1002; x_wconf 84' lang='lat' dir='ltr'><strong>ipsa</strong></span> <span class='ocrx_word' id='word_1_293' title='bbox 1816 959 1900 1002; x_wconf 80' lang='lat' dir='ltr'><strong>apud</strong></span> <span class='ocrx_word' id='word_1_294' title='bbox 1926 959 2105 993; x_wconf 83' lang='lat' dir='ltr'><strong>Homerum</strong></span> 
     </span>
     <span class='ocr_line' id='line_1_42' title="bbox 1147 1013 2104 1066; baseline 0.007 -20"><span class='ocrx_word' id='word_1_295' title='bbox 1147 1013 1225 1058; x_wconf 83' lang='lat' dir='ltr'><strong>(od.</strong></span> <span class='ocrx_word' id='word_1_296' title='bbox 1244 1018 1283 1057; x_wconf 76' lang='lat'><strong>5,</strong></span> <span class='ocrx_word' id='word_1_297' title='bbox 1312 1016 1398 1060; x_wconf 75' lang='lat'><strong>298)</strong></span> <span class='ocrx_word' id='word_1_298' title='bbox 1429 1015 1526 1063; x_wconf 68' lang='grc' dir='ltr'><strong>»ἐγώ</strong></span> <span class='ocrx_word' id='word_1_299' title='bbox 1561 1018 1593 1053; x_wconf 76' lang='lat'><strong>‹5&#39;</strong></span> <span class='ocrx_word' id='word_1_300' title='bbox 1623 1019 1664 1054; x_wconf 84' lang='grc' dir='ltr'><strong>ἐν</strong></span> <span class='ocrx_word' id='word_1_301' title='bbox 1691 1019 1787 1054; x_wconf 75' lang='grc' dir='ltr'><strong>πᾶσι</strong></span> <span class='ocrx_word' id='word_1_302' title='bbox 1816 1021 1962 1064; x_wconf 75' lang='grc' dir='ltr'><em>θεοῖσι,</em></span> <span class='ocrx_word' id='word_1_303' title='bbox 1987 1022 2104 1066; x_wconf 84' lang='lat' dir='ltr'><strong>inquit,</strong></span> 
     </span>
     <span class='ocr_line' id='line_1_43' title="bbox 1146 1075 2104 1128; baseline 0.007 -19"><span class='ocrx_word' id='word_1_304' title='bbox 1146 1075 1258 1121; x_wconf 79' lang='grc' dir='ltr'><em>Μῆτι</em></span> <span class='ocrx_word' id='word_1_305' title='bbox 1284 1089 1324 1112; x_wconf 81' lang='grc' dir='ltr'><strong>τε</strong></span> <span class='ocrx_word' id='word_1_306' title='bbox 1350 1077 1536 1122; x_wconf 71' lang='grc' dir='ltr'><strong><em>κλέομαι-ιι</em></strong></span> <span class='ocrx_word' id='word_1_307' title='bbox 1563 1098 1611 1104; x_wconf 85' lang='grc'><strong>·-</strong></span> <span class='ocrx_word' id='word_1_308' title='bbox 1646 1080 1784 1113; x_wconf 78' lang='lat' dir='ltr'><strong>Athenis</strong></span> <span class='ocrx_word' id='word_1_309' title='bbox 1808 1088 1913 1115; x_wconf 89' lang='lat' dir='ltr'><strong>autem</strong></span> <span class='ocrx_word' id='word_1_310' title='bbox 1934 1083 2104 1128; x_wconf 81' lang='lat' dir='ltr'><strong>Antiphon</strong></span> 
     </span>
     <span class='ocr_line' id='line_1_44' title="bbox 1145 1139 2102 1193; baseline 0.008 -22"><span class='ocrx_word' id='word_1_311' title='bbox 1145 1139 1237 1184; x_wconf 91' lang='lat' dir='ltr'><strong>(orat.</strong></span> <span class='ocrx_word' id='word_1_312' title='bbox 1262 1153 1320 1184; x_wconf 85' lang='lat' dir='ltr'><strong>pro</strong></span> <span class='ocrx_word' id='word_1_313' title='bbox 1348 1141 1512 1173; x_wconf 87' lang='lat' dir='ltr'><strong>Choreuta</strong></span> <span class='ocrx_word' id='word_1_314' title='bbox 1539 1155 1566 1175; x_wconf 89' lang='lat' dir='ltr'><strong>e.</strong></span> <span class='ocrx_word' id='word_1_315' title='bbox 1591 1142 1653 1186; x_wconf 72' lang='lat'><strong>45)</strong></span> <span class='ocrx_word' id='word_1_316' title='bbox 1681 1144 1789 1175; x_wconf 84' lang='lat' dir='ltr'><strong>tradit:</strong></span> <span class='ocrx_word' id='word_1_317' title='bbox 1815 1145 1878 1179; x_wconf 75' lang='grc' dir='ltr'><strong>»ιέν</strong></span> <span class='ocrx_word' id='word_1_318' title='bbox 1909 1142 2017 1193; x_wconf 74' lang='grc' dir='ltr'><em>αὐτῷ</em></span> <span class='ocrx_word' id='word_1_319' title='bbox 2045 1145 2102 1193; x_wconf 75' lang='grc' dir='ltr'><strong>τῷ</strong></span> 
     </span>
     <span class='ocr_line' id='line_1_45' title="bbox 1143 1203 2102 1254; baseline 0.007 -17"><span class='ocrx_word' id='word_1_320' title='bbox 1143 1203 1415 1252; x_wconf 71' lang='grc' dir='ltr'><em>βουλευτηρίῳ</em></span> <span class='ocrx_word' id='word_1_321' title='bbox 1429 1203 1526 1245; x_wconf 79' lang='grc' dir='ltr'><em>Διὸς</em></span> <span class='ocrx_word' id='word_1_322' title='bbox 1538 1205 1732 1246; x_wconf 79' lang='grc' dir='ltr'><strong><em>βουλαὶου</em></strong></span> <span class='ocrx_word' id='word_1_323' title='bbox 1753 1205 1817 1242; x_wconf 76' lang='grc' dir='ltr'><strong>καὶ</strong></span> <span class='ocrx_word' id='word_1_324' title='bbox 1830 1204 1996 1254; x_wconf 67' lang='grc' dir='ltr'><strong>Ἀθηνᾶς</strong></span> <span class='ocrx_word' id='word_1_325' title='bbox 2010 1211 2102 1249; x_wconf 75' lang='grc' dir='ltr'><em>βου-</em></span> 
     </span>
     <span class='ocr_line' id='line_1_46' title="bbox 1144 1261 2103 1312; baseline 0.007 -14"><span class='ocrx_word' id='word_1_326' title='bbox 1144 1264 1260 1305; x_wconf 77' lang='grc' dir='ltr'><strong>λαίας</strong></span> <span class='ocrx_word' id='word_1_327' title='bbox 1283 1261 1387 1312; x_wconf 76' lang='grc' dir='ltr'><strong><em>ἱερόν</em></strong></span> <span class='ocrx_word' id='word_1_328' title='bbox 1413 1266 1493 1302; x_wconf 83' lang='grc' dir='ltr'><em>ἐστι</em></span> <span class='ocrx_word' id='word_1_329' title='bbox 1520 1265 1584 1301; x_wconf 75' lang='grc' dir='ltr'><strong>καὶ</strong></span> <span class='ocrx_word' id='word_1_330' title='bbox 1611 1264 1793 1308; x_wconf 75' lang='grc' dir='ltr'><em>εἰσιόντες</em></span> <span class='ocrx_word' id='word_1_331' title='bbox 1818 1270 1855 1304; x_wconf 75' lang='grc' dir='ltr'><strong>οἱ</strong></span> <span class='ocrx_word' id='word_1_332' title='bbox 1887 1269 2103 1309; x_wconf 75' lang='grc' dir='ltr'><em>βουλευταὶ</em></span> 
     </span>
     <span class='ocr_line' id='line_1_47' title="bbox 1143 1325 2104 1377; baseline 0.003 -14"><span class='ocrx_word' id='word_1_333' title='bbox 1143 1325 1467 1375; x_wconf 72' lang='grc' dir='ltr'><em>προςεύχονται.«</em></span> <span class='ocrx_word' id='word_1_334' title='bbox 1500 1332 1680 1363; x_wconf 74' lang='lat' dir='ltr'><strong>Momm-atu</strong></span> <span class='ocrx_word' id='word_1_335' title='bbox 1706 1332 1802 1374; x_wconf 83' lang='lat' dir='ltr'><strong>digna</strong></span> <span class='ocrx_word' id='word_1_336' title='bbox 1824 1339 1990 1377; x_wconf 86' lang='lat' dir='ltr'><strong>praeterea</strong></span> <span class='ocrx_word' id='word_1_337' title='bbox 2016 1341 2104 1375; x_wconf 86' lang='lat' dir='ltr'><strong>sunt,</strong></span> 
     </span>
     <span class='ocr_line' id='line_1_48' title="bbox 1143 1392 2103 1438; baseline 0.008 -16"><span class='ocrx_word' id='word_1_338' title='bbox 1143 1404 1225 1435; x_wconf 86' lang='lat' dir='ltr'><strong>quae</strong></span> <span class='ocrx_word' id='word_1_339' title='bbox 1249 1405 1289 1423; x_wconf 83' lang='lat' dir='ltr'><strong>ex</strong></span> <span class='ocrx_word' id='word_1_340' title='bbox 1302 1392 1438 1436; x_wconf 87' lang='lat' dir='ltr'><strong>Orphiei</strong></span> <span class='ocrx_word' id='word_1_341' title='bbox 1460 1395 1648 1426; x_wconf 83' lang='lat' dir='ltr'><strong>recentioris</strong></span> <span class='ocrx_word' id='word_1_342' title='bbox 1672 1396 1837 1438; x_wconf 86' lang='lat' dir='ltr'><strong>cujusdam</strong></span> <span class='ocrx_word' id='word_1_343' title='bbox 1862 1397 2007 1429; x_wconf 87' lang='lat' dir='ltr'><strong>doctrina</strong></span> <span class='ocrx_word' id='word_1_344' title='bbox 2029 1398 2103 1430; x_wconf 82' lang='lat' dir='ltr'><strong>Sui-</strong></span> 
     </span>
    </p>
   </div>
   <div class='ocr_carea' id='block_1_19' title="bbox 1143 1454 2103 1502">
    <p class='ocr_par' dir='ltr' id='par_1_22' title="bbox 1143 1454 2103 1502">
     <span class='ocr_line' id='line_1_49' title="bbox 1143 1454 2103 1502; baseline 0.008 -17"><span class='ocrx_word' id='word_1_345' title='bbox 1143 1454 1200 1485; x_wconf 88' lang='lat' dir='ltr'><strong>das</strong></span> <span class='ocrx_word' id='word_1_346' title='bbox 1220 1455 1264 1499; x_wconf 87' lang='lat' dir='ltr'><strong>(h.</strong></span> <span class='ocrx_word' id='word_1_347' title='bbox 1280 1467 1311 1488; x_wconf 85' lang='lat' dir='ltr'><strong>v.</strong></span> <span class='ocrx_word' id='word_1_348' title='bbox 1329 1468 1358 1498; x_wconf 89' lang='lat' dir='ltr'><strong>p.</strong></span> <span class='ocrx_word' id='word_1_349' title='bbox 1373 1455 1458 1500; x_wconf 75' lang='lat'>740)</span> <span class='ocrx_word' id='word_1_350' title='bbox 1481 1458 1585 1497; x_wconf 88' lang='lat' dir='ltr'><strong>tradit,</strong></span> <span class='ocrx_word' id='word_1_351' title='bbox 1608 1470 1723 1502; x_wconf 89' lang='lat' dir='ltr'><strong>nempe</strong></span> <span class='ocrx_word' id='word_1_352' title='bbox 1745 1471 1923 1491; x_wconf 89' lang='lat' dir='ltr'><strong>»summum</strong></span> <span class='ocrx_word' id='word_1_353' title='bbox 1942 1463 2103 1493; x_wconf 86' lang='lat' dir='ltr'><strong>aetherem</strong></span> 
     </span>
    </p>
   </div>
   <div class='ocr_carea' id='block_1_20' title="bbox 1134 1515 2102 2628">
    <p class='ocr_par' dir='ltr' id='par_1_23' title="bbox 1141 1515 2102 1628">
     <span class='ocr_line' id='line_1_50' title="bbox 1142 1515 2102 1563; baseline 0.006 -17"><span class='ocrx_word' id='word_1_354' title='bbox 1142 1515 1283 1547; x_wconf 88' lang='lat' dir='ltr'><strong>omnium</strong></span> <span class='ocrx_word' id='word_1_355' title='bbox 1294 1516 1548 1559; x_wconf 85' lang='lat' dir='ltr'><strong>antiquissimum</strong></span> <span class='ocrx_word' id='word_1_356' title='bbox 1566 1529 1650 1557; x_wconf 90' lang='lat' dir='ltr'><strong>csse,</strong></span> <span class='ocrx_word' id='word_1_357' title='bbox 1669 1530 1734 1560; x_wconf 90' lang='lat' dir='ltr'><strong>quo</strong></span> <span class='ocrx_word' id='word_1_358' title='bbox 1747 1524 1841 1563; x_wconf 87' lang='lat' dir='ltr'><strong>rupto</strong></span> <span class='ocrx_word' id='word_1_359' title='bbox 1860 1520 1969 1552; x_wconf 87' lang='lat' dir='ltr'><strong>lumen</strong></span> <span class='ocrx_word' id='word_1_360' title='bbox 1986 1527 2102 1552; x_wconf 83' lang='lat' dir='ltr'><strong>terram</strong></span> 
     </span>
     <span class='ocr_line' id='line_1_51' title="bbox 1141 1575 2094 1628; baseline 0.009 -22"><span class='ocrx_word' id='word_1_361' title='bbox 1141 1575 1339 1616; x_wconf 83' lang='lat' dir='ltr'><strong>illustrasse,</strong></span> <span class='ocrx_word' id='word_1_362' title='bbox 1364 1577 1451 1620; x_wconf 86' lang='lat' dir='ltr'><strong>quod</strong></span> <span class='ocrx_word' id='word_1_363' title='bbox 1467 1577 1625 1608; x_wconf 86' lang='lat' dir='ltr'><strong>nominari</strong></span> <span class='ocrx_word' id='word_1_364' title='bbox 1638 1575 1801 1624; x_wconf 75' lang='grc' dir='ltr'><em>βουλήν,</em></span> <span class='ocrx_word' id='word_1_365' title='bbox 1822 1579 1928 1626; x_wconf 76' lang='grc' dir='ltr'><strong>φῶς,</strong></span> <span class='ocrx_word' id='word_1_366' title='bbox 1954 1579 2094 1628; x_wconf 79' lang='grc' dir='ltr'><strong><em>ζωήν.·</em></strong></span> 
     </span>
    </p>

    <p class='ocr_par' dir='ltr' id='par_1_24' title="bbox 1141 1636 2101 1993">
     <span class='ocr_line' id='line_1_52' title="bbox 1216 1636 2101 1686; baseline 0.008 -16"><span class='ocrx_word' id='word_1_367' title='bbox 1216 1636 1362 1683; x_wconf 79' lang='lat' dir='ltr'><strong>mutilus]</strong></span> <span class='ocrx_word' id='word_1_368' title='bbox 1397 1638 1579 1670; x_wconf 83' lang='lat' dir='ltr'><strong>Vossianus</strong></span> <span class='ocrx_word' id='word_1_369' title='bbox 1606 1640 1709 1672; x_wconf 80' lang='lat' dir='ltr'><strong>codex</strong></span> <span class='ocrx_word' id='word_1_370' title='bbox 1741 1642 1888 1682; x_wconf 75' lang='lat' dir='ltr'><strong>inutilis,</strong></span> <span class='ocrx_word' id='word_1_371' title='bbox 1919 1644 2006 1686; x_wconf 88' lang='lat' dir='ltr'><strong>quod</strong></span> <span class='ocrx_word' id='word_1_372' title='bbox 2035 1657 2101 1677; x_wconf 86' lang='lat' dir='ltr'><strong>non</strong></span> 
     </span>
     <span class='ocr_line' id='line_1_53' title="bbox 1141 1698 2101 1746; baseline 0.007 -15"><span class='ocrx_word' id='word_1_373' title='bbox 1141 1700 1357 1744; x_wconf 90' lang='lat' dir='ltr'><strong>spernendum</strong></span> <span class='ocrx_word' id='word_1_374' title='bbox 1374 1705 1433 1731; x_wconf 90' lang='lat' dir='ltr'><strong>est.</strong></span> <span class='ocrx_word' id='word_1_375' title='bbox 1444 1698 1568 1731; x_wconf 65' lang='lat' dir='ltr'><strong>Anxrz.</strong></span> <span class='ocrx_word' id='word_1_376' title='bbox 1585 1700 1687 1744; x_wconf 89' lang='lat' dir='ltr'><strong>(misc.</strong></span> <span class='ocrx_word' id='word_1_377' title='bbox 1704 1713 1735 1745; x_wconf 89' lang='lat' dir='ltr'><strong>p.</strong></span> <span class='ocrx_word' id='word_1_378' title='bbox 1743 1702 1976 1746; x_wconf 78' lang='lat' dir='ltr'><strong>206)—Mil1i</strong></span> <span class='ocrx_word' id='word_1_379' title='bbox 1994 1710 2101 1738; x_wconf 82' lang='lat' dir='ltr'><strong>tamen</strong></span> 
     </span>
     <span class='ocr_line' id='line_1_54' title="bbox 1141 1760 2101 1805; baseline 0.006 -13"><span class='ocrx_word' id='word_1_380' title='bbox 1141 1760 1350 1805; x_wconf 73' lang='lat' dir='ltr'><strong>praeferenda</strong></span> <span class='ocrx_word' id='word_1_381' title='bbox 1371 1772 1443 1791; x_wconf 86' lang='lat' dir='ltr'><strong>csse</strong></span> <span class='ocrx_word' id='word_1_382' title='bbox 1464 1761 1605 1802; x_wconf 83' lang='lat' dir='ltr'><strong>vulgaris</strong></span> <span class='ocrx_word' id='word_1_383' title='bbox 1622 1762 1720 1794; x_wconf 89' lang='lat' dir='ltr'><strong>lectio</strong></span> <span class='ocrx_word' id='word_1_384' title='bbox 1739 1763 1874 1797; x_wconf 85' lang='lat' dir='ltr'><strong>videtur.</strong></span> <span class='ocrx_word' id='word_1_385' title='bbox 1898 1765 1999 1799; x_wconf 83' lang='lat' dir='ltr'><strong>Modo</strong></span> <span class='ocrx_word' id='word_1_386' title='bbox 2015 1768 2101 1800; x_wconf 88' lang='lat' dir='ltr'><strong>enim</strong></span> 
     </span>
     <span class='ocr_line' id='line_1_55' title="bbox 1142 1823 2101 1872; baseline 0.009 -17"><span class='ocrx_word' id='word_1_387' title='bbox 1142 1824 1284 1864; x_wconf 85' lang='lat' dir='ltr'><strong>dixerat,</strong></span> <span class='ocrx_word' id='word_1_388' title='bbox 1323 1823 1492 1856; x_wconf 85' lang='lat' dir='ltr'><strong>Palladem</strong></span> <span class='ocrx_word' id='word_1_389' title='bbox 1529 1831 1655 1868; x_wconf 71' lang='lat' dir='ltr'><strong>partem.</strong></span> <span class='ocrx_word' id='word_1_390' title='bbox 1684 1825 1780 1858; x_wconf 79' lang='lat' dir='ltr'><strong>Jovis</strong></span> <span class='ocrx_word' id='word_1_391' title='bbox 1812 1840 1884 1860; x_wconf 89' lang='lat' dir='ltr'><strong>esse</strong></span> <span class='ocrx_word' id='word_1_392' title='bbox 1918 1831 2079 1863; x_wconf 84' lang='lat' dir='ltr'><strong>meliorem</strong></span> <span class='ocrx_word' id='word_1_393' title='bbox 2086 1845 2101 1872; x_wconf 81' lang='lat'><strong>,-</strong></span> 
     </span>
     <span class='ocr_line' id='line_1_56' title="bbox 1141 1885 2099 1930; baseline 0.008 -12"><span class='ocrx_word' id='word_1_394' title='bbox 1141 1887 1202 1918; x_wconf 88' lang='lat' dir='ltr'><strong>hac</strong></span> <span class='ocrx_word' id='word_1_395' title='bbox 1224 1885 1323 1928; x_wconf 80' lang='lat' dir='ltr'><strong>igitur</strong></span> <span class='ocrx_word' id='word_1_396' title='bbox 1345 1891 1439 1930; x_wconf 81' lang='lat' dir='ltr'><strong>parte</strong></span> <span class='ocrx_word' id='word_1_397' title='bbox 1464 1886 1632 1920; x_wconf 83' lang='lat' dir='ltr'><strong>deficiente</strong></span> <span class='ocrx_word' id='word_1_398' title='bbox 1656 1893 1757 1921; x_wconf 80' lang='lat' dir='ltr'><strong>tolum</strong></span> <span class='ocrx_word' id='word_1_399' title='bbox 1780 1891 1929 1924; x_wconf 82' lang='lat' dir='ltr'><strong>mutilum</strong></span> <span class='ocrx_word' id='word_1_400' title='bbox 1951 1903 2023 1925; x_wconf 89' lang='lat' dir='ltr'><strong>esse</strong></span> <span class='ocrx_word' id='word_1_401' title='bbox 2050 1905 2099 1926; x_wconf 87' lang='lat' dir='ltr'><strong>se·</strong></span> 
     </span>
     <span class='ocr_line' id='line_1_57' title="bbox 1142 1949 1308 1993; baseline 0 -13"><span class='ocrx_word' id='word_1_402' title='bbox 1142 1949 1308 1993; x_wconf 85' lang='lat' dir='ltr'><strong>quebatur.</strong></span> 
     </span>
    </p>

    <p class='ocr_par' dir='ltr' id='par_1_25' title="bbox 1139 2010 2100 2233">
     <span class='ocr_line' id='line_1_58' title="bbox 1216 2010 2099 2062; baseline 0.009 -20"><span class='ocrx_word' id='word_1_403' title='bbox 1216 2010 1426 2057; x_wconf 75' lang='lat' dir='ltr'><strong>incessabilis]</strong></span> <span class='ocrx_word' id='word_1_404' title='bbox 1453 2011 1479 2044; x_wconf 89' lang='lat' dir='ltr'><strong>I.</strong></span> <span class='ocrx_word' id='word_1_405' title='bbox 1498 2024 1525 2045; x_wconf 87' lang='lat' dir='ltr'><strong>e.</strong></span> <span class='ocrx_word' id='word_1_406' title='bbox 1545 2012 1725 2046; x_wconf 88' lang='lat' dir='ltr'><strong>continuus.</strong></span> <span class='ocrx_word' id='word_1_407' title='bbox 1746 2014 1955 2057; x_wconf 81' lang='lat' dir='ltr'><strong>Fulgentius:</strong></span> <span class='ocrx_word' id='word_1_408' title='bbox 1976 2018 2099 2062; x_wconf 79' lang='lat' dir='ltr'><strong>»publi-</strong></span> 
     </span>
     <span class='ocr_line' id='line_1_59' title="bbox 1142 2061 2100 2124; baseline 0.009 -20"><span class='ocrx_word' id='word_1_409' title='bbox 1142 2061 1197 2105; x_wconf 79' lang='lat' dir='ltr'><strong>cae</strong></span> <span class='ocrx_word' id='word_1_410' title='bbox 1224 2074 1458 2107; x_wconf 73' lang='lat' dir='ltr'><strong>incessabiliter</strong></span> <span class='ocrx_word' id='word_1_411' title='bbox 1490 2080 1648 2107; x_wconf 81' lang='lat' dir='ltr'><strong>vexantur</strong></span> <span class='ocrx_word' id='word_1_412' title='bbox 1678 2076 1848 2109; x_wconf 68' lang='lat' dir='ltr'><strong>actiones«</strong></span> <span class='ocrx_word' id='word_1_413' title='bbox 1893 2078 1939 2110; x_wconf 84' lang='lat' dir='ltr'><strong>Et</strong></span> <span class='ocrx_word' id='word_1_414' title='bbox 1964 2079 2100 2124; x_wconf 74' lang='lat' dir='ltr'><strong>Capella</strong></span> 
     </span>
     <span class='ocr_line' id='line_1_60' title="bbox 1139 2134 2099 2184; baseline 0.007 -18"><span class='ocrx_word' id='word_1_415' title='bbox 1139 2134 1223 2167; x_wconf 87' lang='lat' dir='ltr'><strong>libro</strong></span> <span class='ocrx_word' id='word_1_416' title='bbox 1237 2147 1322 2167; x_wconf 90' lang='lat' dir='ltr'><strong>nono</strong></span> <span class='ocrx_word' id='word_1_417' title='bbox 1332 2149 1341 2167; x_wconf 69' lang='grc' dir='ltr'><em>ε</em></span> <span class='ocrx_word' id='word_1_418' title='bbox 1357 2136 1536 2181; x_wconf 86' lang='lat' dir='ltr'><strong>»Superum</strong></span> <span class='ocrx_word' id='word_1_419' title='bbox 1554 2139 1787 2171; x_wconf 73' lang='lat' dir='ltr'><strong>incessabiliter</strong></span> <span class='ocrx_word' id='word_1_420' title='bbox 1801 2144 1968 2184; x_wconf 82' lang='lat' dir='ltr'><strong>pectorum</strong></span> <span class='ocrx_word' id='word_1_421' title='bbox 1984 2153 2099 2175; x_wconf 79' lang='lat' dir='ltr'><strong>arcana</strong></span> 
     </span>
     <span class='ocr_line' id='line_1_61' title="bbox 1139 2199 1462 2233; baseline 0.003 -2"><span class='ocrx_word' id='word_1_422' title='bbox 1139 2204 1341 2232; x_wconf 88' lang='lat' dir='ltr'><strong>tenuerunt.«</strong></span> <span class='ocrx_word' id='word_1_423' title='bbox 1359 2199 1462 2233; x_wconf 71' lang='lat' dir='ltr'><strong>Gonz.</strong></span> 
     </span>
    </p>

    <p class='ocr_par' dir='ltr' id='par_1_26' title="bbox 1141 2261 2097 2375">
     <span class='ocr_line' id='line_1_62' title="bbox 1214 2261 2097 2310; baseline 0.008 -16"><span class='ocrx_word' id='word_1_424' title='bbox 1214 2261 1318 2308; x_wconf 84' lang='lat' dir='ltr'><strong>peplo]</strong></span> <span class='ocrx_word' id='word_1_425' title='bbox 1344 2264 1395 2295; x_wconf 87' lang='lat' dir='ltr'><strong>De</strong></span> <span class='ocrx_word' id='word_1_426' title='bbox 1418 2263 1563 2296; x_wconf 79' lang='lat' dir='ltr'><strong>Palladis</strong></span> <span class='ocrx_word' id='word_1_427' title='bbox 1593 2263 1690 2309; x_wconf 87' lang='lat' dir='ltr'><strong>peplo</strong></span> <span class='ocrx_word' id='word_1_428' title='bbox 1721 2266 1842 2310; x_wconf 86' lang='lat' dir='ltr'><strong>passim</strong></span> <span class='ocrx_word' id='word_1_429' title='bbox 1874 2273 2038 2310; x_wconf 83' lang='lat' dir='ltr'><strong>auctores,</strong></span> <span class='ocrx_word' id='word_1_430' title='bbox 2064 2273 2097 2300; x_wconf 81' lang='lat' dir='ltr'><strong>et</strong></span> 
     </span>
     <span class='ocr_line' id='line_1_63' title="bbox 1141 2324 1842 2375; baseline 0.001 -15"><span class='ocrx_word' id='word_1_431' title='bbox 1141 2324 1276 2360; x_wconf 86' lang='lat' dir='ltr'><strong>Servius</strong></span> <span class='ocrx_word' id='word_1_432' title='bbox 1298 2326 1338 2359; x_wconf 83' lang='lat' dir='ltr'><strong>ad</strong></span> <span class='ocrx_word' id='word_1_433' title='bbox 1364 2327 1445 2360; x_wconf 80' lang='lat' dir='ltr'><strong>illud</strong></span> <span class='ocrx_word' id='word_1_434' title='bbox 1468 2327 1635 2361; x_wconf 84' lang='lat' dir='ltr'><strong>Aeneidos</strong></span> <span class='ocrx_word' id='word_1_435' title='bbox 1662 2328 1713 2373; x_wconf 82' lang='lat'><strong>(1,</strong></span> <span class='ocrx_word' id='word_1_436' title='bbox 1736 2330 1842 2375; x_wconf 70' lang='lat'>480)=</span> 
     </span>
    </p>

    <p class='ocr_par' dir='ltr' id='par_1_27' title="bbox 1134 2390 2092 2628">
     <span class='ocr_line' id='line_1_64' title="bbox 1197 2390 2037 2442; baseline 0.005 -19"><span class='ocrx_word' id='word_1_437' title='bbox 1197 2390 1368 2424; x_wconf 71' lang='lat' dir='ltr'><strong>»Crinibus</strong></span> <span class='ocrx_word' id='word_1_438' title='bbox 1388 2392 1510 2424; x_wconf 77' lang='lat' dir='ltr'><strong>Iliades</strong></span> <span class='ocrx_word' id='word_1_439' title='bbox 1523 2394 1628 2437; x_wconf 83' lang='lat' dir='ltr'><strong>passis</strong></span> <span class='ocrx_word' id='word_1_440' title='bbox 1647 2394 1840 2442; x_wconf 80' lang='lat' dir='ltr'><strong>peplumque</strong></span> <span class='ocrx_word' id='word_1_441' title='bbox 1858 2394 2037 2438; x_wconf 54' lang='lat' dir='ltr'><strong>ferebant«</strong></span> 
     </span>
     <span class='ocr_line' id='line_1_65' title="bbox 1140 2453 2092 2499; baseline 0.004 -14"><span class='ocrx_word' id='word_1_442' title='bbox 1140 2453 1192 2485; x_wconf 87' lang='lat' dir='ltr'><strong>De</strong></span> <span class='ocrx_word' id='word_1_443' title='bbox 1212 2453 1310 2498; x_wconf 86' lang='lat' dir='ltr'><strong>peplo</strong></span> <span class='ocrx_word' id='word_1_444' title='bbox 1332 2454 1497 2486; x_wconf 84' lang='lat' dir='ltr'><strong>Minervae</strong></span> <span class='ocrx_word' id='word_1_445' title='bbox 1523 2454 1608 2499; x_wconf 85' lang='lat' dir='ltr'><strong>apud</strong></span> <span class='ocrx_word' id='word_1_446' title='bbox 1630 2454 1847 2488; x_wconf 83' lang='lat' dir='ltr'><strong>Athenienses</strong></span> <span class='ocrx_word' id='word_1_447' title='bbox 1866 2457 1949 2488; x_wconf 79' lang='lat' dir='ltr'><strong>conf.</strong></span> <span class='ocrx_word' id='word_1_448' title='bbox 1971 2456 2092 2489; x_wconf 81' lang='lat' dir='ltr'><strong>Meurs.</strong></span> 
     </span>
     <span class='ocr_line' id='line_1_66' title="bbox 1140 2513 2092 2563; baseline 0.005 -16"><span class='ocrx_word' id='word_1_449' title='bbox 1140 2515 1228 2548; x_wconf 85' lang='lat' dir='ltr'><strong>lectt.</strong></span> <span class='ocrx_word' id='word_1_450' title='bbox 1248 2513 1318 2548; x_wconf 86' lang='lat' dir='ltr'><strong>Att.</strong></span> <span class='ocrx_word' id='word_1_451' title='bbox 1338 2516 1382 2548; x_wconf 84' lang='grc' dir='ltr'><strong>ΙΙ.</strong></span> <span class='ocrx_word' id='word_1_452' title='bbox 1410 2516 1456 2548; x_wconf 78' lang='lat'><strong>12</strong></span> <span class='ocrx_word' id='word_1_453' title='bbox 1480 2521 1514 2548; x_wconf 87' lang='lat' dir='ltr'><strong>et</strong></span> <span class='ocrx_word' id='word_1_454' title='bbox 1538 2516 1722 2548; x_wconf 83' lang='lat' dir='ltr'><strong>Boeckhius</strong></span> <span class='ocrx_word' id='word_1_455' title='bbox 1755 2518 1795 2549; x_wconf 90' lang='lat' dir='ltr'><strong>de</strong></span> <span class='ocrx_word' id='word_1_456' title='bbox 1824 2522 1902 2559; x_wconf 83' lang='lat' dir='ltr'><strong>trag.</strong></span> <span class='ocrx_word' id='word_1_457' title='bbox 1930 2529 1976 2559; x_wconf 83' lang='lat' dir='ltr'><strong>gr.</strong></span> <span class='ocrx_word' id='word_1_458' title='bbox 1992 2518 2092 2563; x_wconf 87' lang='lat' dir='ltr'><strong>princ.</strong></span> 
     </span>
     <span class='ocr_line' id='line_1_67' title="bbox 1134 2578 2092 2628; baseline 0.001 -14"><span class='ocrx_word' id='word_1_459' title='bbox 1134 2592 1167 2626; x_wconf 85' lang='lat' dir='ltr'><strong>p.</strong></span> <span class='ocrx_word' id='word_1_460' title='bbox 1184 2579 1266 2613; x_wconf 79' lang='lat'><strong>192.</strong></span> <span class='ocrx_word' id='word_1_461' title='bbox 1290 2578 1366 2614; x_wconf 76' lang='lat' dir='ltr'><strong>Jam</strong></span> <span class='ocrx_word' id='word_1_462' title='bbox 1394 2580 1479 2627; x_wconf 77' lang='lat' dir='ltr'><strong>apud</strong></span> <span class='ocrx_word' id='word_1_463' title='bbox 1501 2580 1679 2614; x_wconf 84' lang='lat' dir='ltr'><strong>Homerum</strong></span> <span class='ocrx_word' id='word_1_464' title='bbox 1703 2579 1815 2624; x_wconf 82' lang='grc'>(11.6,</span> <span class='ocrx_word' id='word_1_465' title='bbox 1846 2580 1934 2626; x_wconf 79' lang='lat'>275)</span> <span class='ocrx_word' id='word_1_466' title='bbox 1959 2582 2092 2628; x_wconf 86' lang='lat' dir='ltr'><strong>peplum</strong></span> 
     </span>
    </p>
   </div>
  </div>
 </body>
</html>
