2310 2860
728 150 929 192 Martiani
961 149 1160 207 Capellae
1189 150 1262 193 lib.
1282 150 1359 194 VI.
1397 152 1429 205 §-
1450 151 1554 194 654«.
2037 160 2129 202 555

162 268 452 316 nuncupatur.
513 258 578 300 Ibi
607 265 731 299 natus
755 272 831 303 rex
865 258 1039 300 nomine
1070 258 1281 309 Graecus,
1313 273 1338 300 a
1368 272 1456 315 quo
1488 259 1668 301 Graecia
1702 259 1836 314 dicta3
1865 262 1922 304 ibi
1953 263 2122 318 Hellen,

162 354 186 382 a
218 355 306 396 quo
344 340 541 382 Hellenes
577 339 789 396 appellati.
851 340 899 380 In
945 339 1165 381 Thessalia
1208 349 1371 380 montes
1406 340 1611 382 notissimi
1649 341 1888 399 OlympuS,
1934 344 2121 399 Pierius,

161 422 290 474 Ossa,
335 424 457 477 cujus
498 438 549 463 ex
586 420 763 463 adverso
795 420 953 462 Pindus
984 431 1023 463 et
1054 421 1215 477 Othrys
1245 421 1530 476 Lapitharum
1562 421 1701 474 sedes,
1755 440 1953 466 occasum
1987 428 2120 469 verti-—

161 503 279 544 cibus
321 504 552 556 intuentes,
596 517 698 544 nam
742 501 876 543 Pelios
917 511 1060 544 ortum
1100 503 1226 545 videt.
1296 503 1352 545 Hi
1391 519 1538 545 omnes
1578 514 1739 546 montes
1771 506 1964 548 theatrali
1997 523 2119 550 more

160 595 416 637 curvantur,
448 595 541 628 ante
568 599 676 640 quos
706 584 970 641 septuaginta
1002 585 1198 640 quinque
1228 586 1356 628 urbes
1387 595 1484 627 sunt
1509 585 1827 632 memorandae.
1869 588 2118 631 Thessaliae

158 665 298 706 vicina
334 666 573 721 Magnesia,
621 666 742 721 cujus
778 664 872 706 fons
912 673 971 706 est
1000 665 1234 718 Libethris,
1276 667 1425 723 poetici
1455 666 1634 708 haustus
1664 667 1836 708 nomine
1867 669 2116 711 celebratus.

157 744 395 800 Longitudo
441 745 687 787 Thessaliae
734 744 862 788 habet
902 745 1037 787 millia
1082 746 1393 803 quadringenta
1435 748 1663 804 octoginta,
1717 747 1893 790 latitudo
1934 749 2113 792 ducenta

154 827 380 882 nonaginta
411 837 584 883 septem.

892 986 971 1027 DE
1007 984 1378 1028 MACEDONIA‘

319 1090 570 1132 Macedonia
596 1101 740 1147 postea
771 1101 944 1133 centum
976 1092 1290 1147 quinquaginta
1317 1092 1602 1149 populorum,
1633 1094 1829 1135 maximis
1853 1095 2022 1150 regibus
2050 1094 2115 1136 in-
2145 1096 2241 1137 6253

148 1170 281 1226 clyta,
326 1172 665 1228 praesertimque
703 1172 972 1224 Alexandro,
1012 1172 1087 1227 qui
1126 1171 1324 1229 Philippo
1364 1188 1501 1229 quum
1542 1183 1666 1216 natus
1706 1174 1973 1227 crederetur,
2023 1176 2113 1231 ejus

148 1263 285 1295 mater
316 1254 542 1309 Olympias
578 1254 763 1296 dracone
793 1270 893 1297 eum
926 1264 1178 1311 conceptum
1221 1269 1309 1295 esse
1344 1255 1633 1308 1nemorabat3
1680 1256 1814 1298 victor
1845 1256 1980 1297 orbis:
2013 1271 2114 1297 nam

147 1334 316 1375 easdem
349 1335 652 1390 peragrationis
683 1344 723 1376 et
754 1336 954 1376 victoriae
986 1345 1118 1376 metas
1150 1336 1322 1389 habuit,
1360 1353 1467 1393 quas
1498 1339 1628 1380 Liber
1659 1348 1699 1380 et
1728 1339 1946 1380 Hercules.
1996 1339 2112 1380 Haec

146 1426 289 1458 tamen
319 1415 570 1457 Macedonia
602 1416 803 1472 popuIOS,
838 1416 913 1472 qui
944 1416 1097 1458 Edonii
1127 1418 1398 1469 dicebantur,
1428 1428 1649 1473 totamque
1678 1418 1983 1474 Mygdoniam,
2016 1420 2111 1460 Pie-

145 1499 275 1549 riam,
316 1497 653 1552 Emathiamque
688 1499 846 1554 recepit
875 1499 917 1539 in
948 1515 1117 1541 nomen.
1178 1501 1294 1543 Haec
1324 1501 1367 1542 in
1399 1500 1639 1541 Thracium
1670 1500 1849 1542 limitem
1876 1500 2108 1541 terminum

143 1581 279 1633 ducit3
310 1595 335 1622 a
373 1579 551 1621 meridie
587 1579 771 1635 Epirotis
808 1579 1045 1633 habitatur,
1090 1595 1113 1622 a
1154 1594 1332 1636 vespera
1375 1595 1398 1622 a
1431 1579 1642 1620 Dardanis
1673 1589 1712 1620 et
1742 1580 1920 1634 Illyriis,
1955 1594 1978 1620 a
2014 1594 2109 1634 sep-

142 1662 348 1702 tentrione
386 1661 675 1717 Paphlagonia
716 1675 765 1702 ac
801 1660 996 1702 Paeonia.
1063 1660 1177 1703 Inter
1214 1662 1351 1717 ipsam
1384 1669 1423 1702 et
1453 1659 1690 1702 Thraciam
1730 1660 1867 1701 amnis
1907 1661 2107 1715 Strymon

141 1779 223 1817 βαι·
250 1775 415 1825 μυκήνη,
441 1778 623 1825 μυκῆναι.
644 1778 805 1812 Gn0†.—-
828 1778 1010 1822 Gargaphia
1035 1778 1101 1811 val-
1226 1775 1342 1823 victor]
1369 1777 1458 1819 Lege
1481 1778 1610 1809 victore.
1622 1776 1787 1809 Gnor.—
1813 1775 1888 1808 Non
1909 1787 2051 1808 necesse.

140 1840 181 1872 lis
200 1840 331 1884 Hygino
349 1841 422 1885 (fab.
446 1842 547 1884 181),
570 1841 754 1886 Gargaphie
768 1840 876 1872 Plinio
899 1840 948 1886 (4,
969 1842 1003 1881 7,
1026 1840 1098 1884 21).
1225 1837 1429 1884 Emathiam]
1462 1838 1618 1882 Propriae
1650 1839 1711 1870 hoc
1750 1837 1958 1871 Macedoniae
1991 1849 2110 1870 nomen

140 1903 235 1936 Alios
261 1904 413 1948 Gargana
441 1904 548 1946 legere
576 1904 711 1937 Grotius
739 1903 773 1936 in
797 1903 938 1945 margine
967 1903 1099 1936 notavit.
1149 1903 1405 1947 antiquissimum
1429 1902 1530 1946 (Gell.
1554 1902 1616 1942 14,
1645 1903 1678 1933 G.
1698 1901 1818 1933 Justin.
1842 1903 1875 1943 7,
1905 1901 1955 1945 1),
1983 1901 2108 1945 reliqua

217 1964 375 2010 Graecus]
413 1966 534 1998 Confer
560 1965 772 1998 Aristotelem
801 1965 961 2009 (metaph.
984 1966 1024 2006 4,
1047 1966 1095 1998 28
1149 1967 1278 1998 nomina
1309 1967 1462 2009 adjectae.
1501 1966 1654 1998 Ceterum
1687 1965 1792 1996 omnia
1817 1966 1895 1997 haec
1928 1971 1960 1997 ct
1993 1966 2062 2009 ipsa
2087 1974 2107 1997 e

140 2033 172 2060 et
191 2027 357 2059 mcteorol.
381 2028 420 2067 l,
442 2026 502 2070 14)
520 2032 552 2058 et
570 2026 807 2071 Apollodorum
824 2027 871 2071 (l,
896 2028 929 2066 7,
955 2026 1011 2070 5),
1039 2027 1096 2059 scd
1147 2024 1263 2060 Solino
1288 2028 1346 2072 (9,
1376 2028 1430 2071 1):
1454 2027 1539 2070 »Qui
1561 2026 1681 2057 Edonii
1704 2026 1780 2058 olim
1805 2027 1932 2070 populi,
1959 2036 2106 2070 quaeque

139 2097 250 2124 noster
274 2092 416 2123 Plinium
437 2096 558 2123 tantum
582 2091 636 2135 (4,
664 2091 725 2135 14)
748 2097 821 2123 ante
846 2092 957 2123 oculos
977 2091 1095 2123 habuit.
1145 2091 1319 2134 Mygdonia
1338 2096 1407 2123 erat
1432 2096 1530 2130 terra,
1556 2095 1610 2121 ant
1630 2089 1773 2121 Pierium
1796 2090 1916 2130 solum,
1942 2090 1993 2121 vcl
2008 2089 2103 2121 Ema-

211 2154 403 2200 nonaqz'nta]
418 2155 545 2186 Plinius
562 2155 692 2187 denario
709 2155 842 2198 parcior.
853 2153 1008 2187 Gnor.—-
1027 2156 1093 2186 Pro
1144 2155 1262 2194 thium,
1292 2167 1377 2186 nunc
1409 2165 1501 2185 omne
1534 2153 1680 2185 uniformi
1706 2153 1864 2185 vocabulo
1895 2154 2102 2186 Macedonica

138 2217 339 2249 antecedenti
361 2229 490 2261 quoque
508 2218 669 2261 octoginta
691 2217 771 2249 alios
788 2220 966 2261 nonaginta
984 2218 1092 2260 legere
1142 2229 1195 2249 res
1220 2222 1287 2258 est,
1319 2223 1351 2249 et
1375 2216 1582 2260 partitiones,
1615 2229 1697 2261 quae
1724 2216 1907 2261 specialiter
1935 2223 2027 2248 antea
2053 2228 2100 2246 sc·

138 2281 221 2312 idem
240 2280 374 2322 margini
395 2281 574 2325 adscripsit.
1137 2281 1347 2323 jugabantur,
1381 2281 1596 2314 Macedonum
1620 2281 1742 2313 nomini
1774 2280 1972 2313 contributae
1999 2279 2099 2310 factae

214 2339 391 2386 Olympias]
418 2342 492 2373 Hoc
515 2354 555 2373 cx
577 2342 693 2374 Solino
720 2342 774 2385 (9,
800 2342 877 2385 20)=
901 2343 1088 2387 »Philippus
1141 2350 1216 2376 sunt
1243 2356 1360 2388 eorpus
1392 2356 1500 2377 unum.
1541 2344 1643 2386 Igitur
1673 2342 1895 2376 Macedoniam
1924 2341 2100 2385 praecingit

136 2404 290 2445 Magnum
324 2409 485 2447 procreat,
516 2404 690 2447 quamlibet
713 2404 881 2448 Olympias
909 2404 1088 2438 Alexandri
1140 2407 1415 2440 Thraciuslimes«
1436 2414 1497 2440 cet.
1513 2408 1648 2440 Corrcxi
1665 2413 1770 2439 autem
1787 2407 1871 2447 vulg.
1884 2405 2096 2437 Aemathiam.

136 2471 238 2497 mater
265 2465 454 2496 nobiliorem
483 2465 512 2496 ei
540 2471 662 2509 patrem
693 2467 857 2511 acquirere
883 2468 1086 2508 affectaverit,
1212 2469 1449 2516 Paphlagonia]
1475 2471 1576 2504 Immo
1602 2472 1799 2515 Pelaqom‘a,
1821 2472 1906 2499 utet
1929 2478 1971 2500 ex
1987 2468 2095 2501 Plinio

137 2540 237 2573 quum
270 2538 304 2559 sc
329 2526 414 2559 coitu
439 2526 586 2559 draconis
617 2534 781 2561 consatam
814 2531 999 2563 affirmaret«
1028 2535 1087 2564 cet.
1139 2534 1194 2578 (4,
1225 2535 1287 2575 10,
1319 2535 1378 2579 17)
1416 2540 1449 2566 ct
1474 2547 1514 2568 ex
1544 2535 1660 2568 Solino
1689 2537 1837 2577 apparet,
1872 2531 1988 2575 quibus
2014 2532 2095 2564 adde

136 2589 231 2623 Adde
253 2589 462 2622 Plutarchum
485 2589 531 2633 (in
552 2588 739 2623 Alexandro
763 2603 794 2636 p.
810 2591 908 2634 665).
1138 2595 1315 2629 Diodorum
1334 2597 1385 2642 (Τ.
1413 2597 1460 2638 Χ,
1490 2609 1520 2643 p.
1537 2597 1610 2630 229
1638 2594 1741 2639 Rip->5
1769 2593 1826 2626 sed
1850 2599 1971 2628 mutare
1992 2594 2093 2638 nolui,
