2310 2860
683 156 884 199 Martiani
915 156 1114 214 Capellae
1143 158 1215 200 lib.
1236 158 1292 201 V.
1331 160 1362 211 §.
1381 159 1486 200 441.

1986 163 2072 203 597

116 265 263 306 elatius
295 262 509 305 anhelanti
534 273 765 305 amentatas
796 264 936 306 hastas
967 264 1116 306 crebro
1148 273 1187 305 et
1217 264 1302 320 pila
1332 264 1572 320 plurimum
1600 265 1781 309 valentia
1812 268 2069 310 ministrarit.

115 345 182 387 An
222 345 337 386 aliud
380 346 421 387 in
464 346 695 387 Scauriana
735 347 965 396 succurrit,
1003 361 1139 402 quum
1172 347 1414 401 interposita
1444 346 1724 402 disputatione
1755 357 1979 403 tractatur,
2019 366 2070 392 ex

115 426 274 482 quibus
308 426 443 468 causis
473 441 589 467 mors
621 428 786 468 eveniat
823 427 1071 482 repentina?

1121 442 1168 468 ac
1213 443 1290 484 pro
1334 429 1492 470 Milone
1530 429 1741 480 similiter,
1786 445 1838 471 an
1882 429 2072 471 mundus

113 507 338 563 prudentia
368 508 657 562 gubernetur?
697 509 897 563 Denique
928 524 951 548 e
983 509 1088 549 meis
1118 509 1394 550 sectatoribus
1426 509 1604 565 quidam
1637 510 1722 550 acri
1755 509 1990 551 admodum
2023 525 2072 551 ac

113 586 385 627 subtilissima
415 588 574 628 ratione
606 589 806 629 commoti
836 589 1002 629 nullam
1035 605 1122 630 esse
1157 600 1403 632 attestantur
1432 591 1730 646 hypothesim,
1775 592 2071 645 quaestionem

115 676 263 708 cuncta
285 683 397 722 quae
422 670 464 710 in
491 669 731 710 defensione
754 685 832 725 pro
869 671 950 711 reis
980 681 1215 726 contraque
1245 687 1314 711 eos
1339 673 1382 714 in
1411 672 1745 713 accusationibus
1775 681 2072 723 retractantur,

115 748 216 801 quia
250 748 301 790 ad
336 751 551 804 generales
587 751 850 805 quaestiones
881 760 1081 807 poterunt
1111 751 1329 807 applicari.

445 906 606 956 QUAE
643 908 800 949 SUNT
834 908 1057 949 PARTES
1093 908 1168 950 OF
1173 906 1307 949 FICII
1343 906 1740 949 RHETORICAE.

275 1010 370 1051 Jam
397 1026 499 1052 vero
532 1022 670 1067 partes
705 1012 832 1053 officii
863 1014 947 1053 mei
980 1014 1173 1068 quinque
1200 1027 1288 1053 esse
1318 1027 1403 1053 non
1434 1012 1615 1054 dubium
1649 1021 1729 1064 ρει,
1780 1026 1880 1052 nam
1913 1021 1972 1052 est
2001 1011 2066 1052 in-
2098 1017 2194 1061 442

111 1089 272 1139 ventio,
311 1090 544 1145 dispositio,
582 1092 786 1142 elocutio,
835 1093 1069 1143 memoria,

110 1208 245 1240 officium
269 1209 321 1241 vel
347 1210 442 1242 etiam
465 1210 505 1241 ad
521 1210 714 1252 judiciorum
733 1210 997 1255 disceptationem
1015 1211 1066 1252 ju-

108 1277 184 1303 vant
202 1272 410 1315 plurimumu,
435 1274 490 1304 ubi
516 1274 587 1305 vide
611 1274 836 1317 Spaldingium
861 1275 904 1318 (p.
920 1273 1016 1317 280).

185 1332 364 1378 anhelanti]
384 1335 625 1366 Pronunciandi
642 1335 881 1366 contentionem
900 1336 1066 1376 signifieat,

109 1399 145 1424 ut
170 1395 255 1438 apud
278 1395 427 1426 Persium
451 1396 504 1439 (l,
532 1395 607 1437 ilo:

165 1458 318 1490 »Grande
343 1459 466 1504 aliquid
490 1459 576 1504 quod
603 1459 710 1501 pulmo
732 1460 859 1490 animae
878 1457 1067 1501 praclarqus

509 1520 664 1550 anhelet.«

183 1579 376 1626 anmnlatas]
397 1581 586 1613 Ciceronem
605 1581 655 1612 hic
677 1592 806 1623 quoque
828 1580 985 1619 imitatur,
1012 1579 1067 1622 qui

107 1644 232 1675 (luobus
255 1644 336 1676 loeis
363 1644 417 1688 (dc
443 1650 521 1676 orat.
546 1645 583 1684 1,
614 1645 661 1675 57
686 1649 718 1675 ct
741 1643 835 1678 Brut.
860 1644 920 1685 78)
945 1642 1064 1674 oratori

107 1706 201 1737 ctiam
222 1712 401 1737 amentatas
424 1707 534 1738 hastas
559 1706 724 1737 tribuerat.

183 1768 384 1814 Scauriana]
415 1769 622 1802 Monacensis
656 1767 927 1812 (C)Scau1·ina,
959 1778 1064 1811 neque

109 1830 200 1862 aliter
216 1832 283 1873 jam
310 1833 470 1864 Patricius
496 1833 551 1876 (ad
583 1833 652 1864 Cic.
681 1837 762 1865 orat.
795 1832 907 1872 fragm.
929 1830 995 1870 111,
1023 1831 1064 1869 23

106 1904 137 1935 p.
161 1893 257 1924 1005
281 1893 410 1936 Graev.)
434 1894 518 1936 apud
541 1899 685 1924 nostrum
702 1893 820 1933 legisse
840 1891 981 1930 videtur,
1007 1891 1065 1922 sed

106 1954 243 1997 praetuli
261 1954 432 1996 vulgatam,
455 1966 549 1997 quam
570 1954 688 1997 pariter
706 1959 738 1983 et
754 1952 932 1995 Pompejus
950 1952 1063 1984 Gram-

107 2014 240 2046 maticus
267 2020 374 2046 tuetur
401 2016 526 2059 (comm.
548 2020 605 2046 art.
629 2014 748 2045 Donati
772 2027 802 2057 p.
823 2014 907 2056 108)
933 2019 965 2045 et
988 2013 1062 2045 alia-

107 2090 177 2109 rum
206 2080 379 2110 formarum
411 2079 572 2120 analogia,
610 2090 690 2121 quas
725 2077 872 2109 sollerter
900 2077 1063 2118 congessit

107 2139 315 2183 Spaldingius
336 2140 391 2184 (de
411 2141 553 2171 oratione
569 2139 775 2172 Marcelliana
796 2139 829 2170 iu
848 2139 968 2171 §Volffi
981 2150 1061 2170 mus.

108 2200 228 2244 antiqu.
251 2202 333 2233 stud.
357 2202 388 2242 1,
412 2214 442 2245 p.
464 2203 487 2233 4
513 2201 628 2245 sequ.).
656 2201 810 2233 Ceterum
831 2213 916 2233 nunc
935 2201 1062 2232 demum

107 2266 232 2304 reperta
259 2273 372 2302 magna
397 2263 484 2294 illius
513 2263 666 2293 orationis
691 2268 780 2306 parte
811 2268 956 2306 apparet,
983 2274 1061 2306 quo-

108 2322 202 2353 modo
225 2321 270 2352 ihi
289 2323 368 2353 haec
390 2322 562 2365 disputatio
587 2324 714 2355 tractari
735 2324 891 2367 potuerit,
913 2324 1062 2355 nimirum

108 2383 163 2415 ubi
185 2383 224 2414 de
247 2382 358 2414 Arinis
386 2383 482 2415 Sardi
505 2396 602 2416 uxore
630 2385 798 2426 agebatur,
827 2398 922 2429 quam
946 2386 1063 2418 Scauri

107 2445 238 2477 libidine
267 2445 306 2475 ad
334 2450 468 2476 mortem
489 2446 685 2489 compulsam
709 2459 781 2480 esse
805 2447 980 2489 arguebant
1000 2449 1061 2493 (Π,

108 2508 151 2550 2,
181 2520 213 2552 p.
230 2508 304 2540 260
325 2507 451 2551 Orell).

180 2565 366 2613 prudentia]
392 2569 431 2600 In
453 2569 508 2600 illa
533 2570 616 2602 enim
643 2571 785 2606 oratione
806 2572 869 2617 <50
890 2573 992 2616 sequ.)
1017 2573 1062 2604 in-

1113 1092 1420 1147 pronunciatio.
1482 1092 1689 1133 Judicatio
1725 1093 1861 1143 enim,
1908 1107 2019 1147 quae
2051 1107 2076 1133 a

1118 1211 1217 1253 signis
1243 1213 1282 1244 dc
1302 1213 1503 1255 providentia
1526 1212 1616 1244 locus
1640 1218 1699 1244 est.
1726 1212 1774 1243 Ea
1794 1218 1898 1243 autem
1921 1224 1997 1243 voce
2015 1223 2073 1255 pro

1116 1274 1290 1316 prudentia
1309 1279 1340 1306 et
1359 1276 1417 1305 hac
1441 1285 1499 1317 pro
1523 1273 1578 1304 illa
1601 1273 1718 1306 Cicero
1743 1273 1811 1317 ipse
1838 1285 1932 1317 quam
1953 1273 2073 1316 saepis—

1118 1336 1196 1367 sime
1217 1337 1317 1368 utitur
1344 1337 1445 1380 (acad.
1465 1338 1498 1377 1,
1520 1338 1560 1377 83
1596 1337 1637 1368 de
1659 1337 1719 1379 leg.
1749 1338 1786 1377 1,
1816 1337 1882 1378 253
1911 1335 1951 1369 N.
1974 1336 2016 1368 D.
2039 1336 2074 1377 2,

1117 1399 1165 1429 28
1188 1404 1219 1429 et
1248 1398 1320 1442 72).

1193 1467 1310 1493 cuncta
1328 1460 1423 1508 quae]
1452 1463 1540 1502 Lege
1563 1468 1762 1508 ”cunctaque
1782 1474 1906 1508 quaen:
1927 1473 2016 1493 error
2033 1472 2073 1492 ex

1116 1522 1251 1565 repetita
1269 1535 1358 1563 voce,
1381 1528 1417 1554 ut
1438 1534 1543 1565 saepe.
1556 1522 1718 1553 Gnor.--
1738 1522 1856 1554 Melius
1873 1522 1948 1553 milii
1965 1522 2074 1553 locum

1117 1596 1247 1614 sanasse
1272 1584 1399 1624 videor,
1428 1583 1583 1626 particula
1611 1586 1687 1629 quia
1714 1595 1731 1614 e
1754 1583 1863 1614 codice
1884 1583 2074 1615 Monacensi

1115 1647 1171 1690 (C)
1196 1646 1359 1685 restituta,
1386 1646 1526 1688 indeque
1547 1646 1802 1688 interpunctione
1831 1646 1925 1677 etiam
1943 1652 2074 1678 mutata.

1190 1705 1353 1755 quinque]
1387 1708 1452 1738 Tot
1477 1706 1572 1737 etiam
1596 1706 1711 1738 Cicero
1737 1706 1870 1750 (invent.
1899 1709 1936 1748 1,
1965 1708 2004 1746 7,
2032 1707 2072 1738 de

1116 1774 1194 1801 orat.
1217 1770 1254 1809 1,
1281 1768 1344 1811 51)
1362 1774 1468 1811 partes
1485 1767 1663 1799 rhetoricae
1683 1768 1808 1807 statuit,
1835 1780 1914 1811 quas
1934 1781 1951 1800 a
1972 1768 2072 1800 Grae—

1115 1831 1160 1862 cis
1186 1831 1279 1876 ἔργα
1308 1829 1380 1864 ’τοῦ
1402 1825 1570 1875 ῥήτορος
1598 1829 1704 1860 vocari
1728 1829 1848 1861 Curius
1871 1830 2072 1860 Fortunatia-

1114 1904 1175 1923 nus
1200 1891 1344 1935 (Pitheci
1364 1892 1481 1921 rhetor.
1506 1902 1536 1933 p.
1551 1889 1613 1932 58)
1638 1889 1744 1924 tradit.
1770 1890 1935 1934 Sulpicius
1957 1890 2072 1924 Victor

1114 1954 1177 1998 (ap.
1196 1954 1283 1985 Pin..
1310 1966 1344 1996 p.
1361 1953 1450 1997 242)
1476 1953 1535 1984 tria
1558 1958 1680 1984 tautum
1707 1954 1808 1984 officia
1835 1954 1969 1998 oratoris
1998 1965 2075 1985 enu-

1113 2020 1214 2060 merat
1233 2014 1516 2055 »intellectioncm,
1539 2014 1773 2056 inventionem,
1793 2015 2065 2059 dispositionem.-

1095 2076 1212 2108 ‘Plura
1236 2075 1323 2106 dabit
1341 2075 1580 2118 Quinctilianus
1603 2076 1656 2119 (5,
1679 2075 1728 2118 5).

1181 2136 1354 2182 judicatio]
1382 2136 1621 2180 Quinctilianus
1645 2138 1698 2180 (5,
1726 2138 1766 2177 5,
1796 2136 1847 2180 5):
1877 2137 1957 2169 »llis
1986 2137 2071 2180 adjia—

1113 2204 1224 2230 cerunt
1252 2198 1379 2242 quidam
1405 2204 1527 2229 sextam
1546 2204 1684 2242 partem,
1711 2198 1754 2229 ita
1776 2203 1811 2229 ut
1830 2198 2006 2230 inventioni
2019 2200 2072 2243 ju·

1112 2263 1231 2293 dicium
1253 2262 1494 2302 subnectercnt,
1528 2262 1602 2305 quia
1627 2262 1764 2306 primum
1788 2268 1874 2294 essct
1905 2264 2069 2299 invenire,

1113 2323 1228 2355 deinde
1250 2324 1410 2366 judicare.
1447 2323 1519 2364 Ego
1553 2335 1649 2367 porro
1680 2335 1720 2354 ne
1750 2323 1911 2354 invenisse
1944 2322 2073 2365 quidem

1113 2387 1208 2419 credo
1234 2398 1307 2418 enin
1332 2386 1387 2430 qui
1409 2398 1475 2417 non
1494 2386 1658 2428 judicavit.
1683 2387 1728 2418 Et
1748 2386 1862 2418 Cicero
1887 2385 2014 2429 quidem
2037 2384 2072 2416 in

1112 2449 1280 2481 rhetoricis
1299 2450 1459 2493 judicium
1481 2450 1618 2492 subjecit
1644 2452 1841 2487 inventioni,
1869 2448 1943 2479 mihi
1965 2453 2070 2479 autem

1114 2513 1194 2545 adeo
1221 2513 1321 2544 tribus
1343 2513 1454 2557 primis
1473 2514 1618 2558 partibus
1642 2514 1768 2545 videtur
1789 2522 1859 2542 esse
1877 2511 2069 2553 permixtum

1113 2577 1200 2618 (nam
1217 2587 1321 2620 neque
1340 2577 1503 2619 dispositio
1527 2577 1596 2609 sine
1613 2588 1652 2609 eo
1669 2586 1773 2620 neque
1792 2575 1925 2606 elocutio
1948 2574 2068 2617 fuerit),
