2310 2860
644 150 844 192 Martiani
876 149 1076 206 Capellae
1107 150 1177 192 lib.
1203 149 1300 192 VII.
1330 153 1361 202 §.
1387 151 1484 193 767.
1957 155 2046 197 615

88 257 210 312 triplo
242 257 350 297 sexis
381 257 594 313 implevit,
644 257 702 297 sic
732 256 897 297 senario
928 270 1110 297 numero
1142 256 1249 298 duos
1279 256 1509 311 adjiciendo
1534 260 1834 314 supertertium
1875 261 2047 312 invenit,

87 336 290 391 idemque
324 338 365 377 in
399 338 671 378 ulterioribus
702 337 858 378 incidit.
915 336 1081 377 Deinde
1113 352 1250 392 quum
1284 338 1550 379 incurrerent
1578 341 1750 381 numeri
1782 342 1869 380 sine
1899 339 2045 393 judieii

87 419 262 473 quidem
289 421 520 460 rationibus
553 421 695 475 positi,
728 420 966 475 quaesitum
1001 429 1078 470 est,
1125 429 1230 474 quot
1261 429 1472 473 quotaeve
1510 430 1646 475 partes
1674 421 1842 462 alterius
1873 420 2043 461 numeri

86 497 127 538 in
160 498 290 539 altero
329 509 483 549 essent,
532 509 570 540 et
608 500 671 540 his
703 515 752 540 eo
784 509 960 540 ventum
994 509 1073 551 est,
1121 515 1175 540 ne
1207 501 1327 553 eujus
1359 502 1529 542 numeri
1562 517 1644 542 non
1678 503 1821 557 aliqua
1851 503 1956 544 ratio
1988 502 2044 544 ad

89 578 218 619 alium
251 594 485 620 numerum
519 581 744 635 exploratis
777 580 925 621 ultima
956 582 1027 634 sit3
1072 591 1164 637 post
1197 582 1304 624 haee
1334 598 1418 624 non
1450 583 1697 625 difficillima
1729 582 2043 626 animadversio

86 660 254 714 gemina
294 662 456 703 ratione
486 663 528 702 in
562 663 753 703 numeris
785 662 919 703 fluxit.

269 831 417 871 ITEM
461 832 535 871 DE
580 831 712 872 PARI
760 832 839 872 ET
883 832 1085 872 IMPARI
1124 831 1202 872 ET
1245 832 1329 873 EX
1368 832 1460 873 HIS
1502 832 1861 875 COMPOSITIS.

258 937 474 986 Quoniam
508 952 661 992 genera
701 952 983 978 numerorum
1021 938 1328 992 rationumque
1358 938 1465 979 inter
1496 954 1565 979 cos
1597 940 1823 980 orientium
1855 938 2046 994 exposui,

85 1030 234 1056 rursus
266 1016 317 1056 ad
344 1031 392 1056 ea
412 1017 575 1071 singula
600 1027 811 1068 revertar,
844 1027 882 1058 et
914 1032 1023 1071 quae
1046 1018 1087 1057 in
1113 1031 1289 1072 quoque
1309 1018 1698 1059 animadversiones
1727 1020 1807 1059 sint
1832 1019 2041 1059 indicabo.

83 1095 290 1150 Incipiam
330 1096 382 1135 de
414 1097 587 1151 paribus
628 1107 666 1137 et
705 1098 956 1153 imparibus.
1015 1099 1096 1137 Par
1128 1098 1244 1138 omni
1276 1099 1625 1153 multiplicatione
1655 1100 1712 1139 sic
1744 1099 1953 1154 procedit,
2000 1107 2049 1139 ut

85 1189 162 1230 par
207 1186 399 1217 maneat:
432 1177 564 1232 duplo
602 1188 811 1233 augentur
844 1179 951 1230 duo,
1004 1188 1210 1233 quatuor,
1251 1188 1361 1229 octo,
1397 1179 1607 1231 sedecim,
1654 1180 1778 1234 triplo
1813 1180 1921 1229 duo,
1961 1194 2048 1230 sex,

86 1256 398 1312 duodeviginti,
455 1258 701 1314 quadruplo
748 1270 955 1314 quatuor,
1001 1260 1210 1312 sedecim,
1265 1262 1479 1316 sexaginta
1527 1270 1733 1315 quatuor,
1786 1270 1824 1301 et
1867 1260 2049 1301 ducenta

86 1339 391 1394 quinquaginta
432 1354 531 1391 sex3
578 1341 780 1394 idemque
812 1342 853 1381 in
907 1340 1181 1381 ulterioribus
1229 1339 1312 1382 fiet.
1378 1341 1526 1395 Impar
1571 1340 1663 1395 pari
1701 1339 2050 1394 multiplicatione

87 1421 277 1475 protinus
308 1420 467 1471 interit,
514 1430 552 1460 et
585 1423 627 1460 in
660 1435 891 1461 numerum
925 1434 1075 1474 parem
1106 1419 1264 1460 recidit.
1324 1419 1470 1474 Impar
1510 1420 1666 1473 impari
1697 1418 2047 1473 multiplicatione

86 1502 319 1542 inerescere
359 1510 512 1555 potest,
561 1510 608 1541 ut
647 1501 786 1556 impar
827 1510 1007 1541 maneat.
1081 1501 1195 1541 Nam
1229 1499 1292 1539 bis
1329 1508 1448 1539 terna
1478 1513 1574 1548 sex,
1613 1497 1714 1538 item
1746 1497 1808 1537 bis
1841 1507 2049 1550 quaterna

86 1593 177 1624 octo
224 1583 351 1633 siunt,
408 1581 647 1635 eodemque
687 1581 814 1622 modo
853 1590 1005 1635 quater
1047 1590 1166 1622 terna
1210 1581 1461 1630 duodecim,
1517 1589 1668 1634 quater
1713 1580 1843 1633 quina
1882 1577 2048 1632 viginti3

87 1675 127 1706 at
156 1674 218 1705 ter
250 1673 367 1704 terna
400 1679 577 1714 novem,
619 1673 658 1704 et
687 1673 750 1703 ter
787 1677 942 1703 novem
978 1661 1123 1716 viginti
1149 1669 1335 1715 septem3
1375 1659 1475 1698 item
1509 1658 1737 1712 quinquies
1770 1667 1888 1698 terna
1919 1657 2047 1712 quin-

86 1745 244 1794 decim,
271 1744 499 1798 quinquies
532 1743 662 1798 quina
690 1743 834 1797 viginti
863 1743 1080 1797 quinque;
1110 1741 1315 1794 idemque
1333 1739 1376 1779 in
1396 1738 1597 1779 omnibus
1629 1738 2049 1794 multiplicationibus

88 1826 247 1876 evenit,
293 1840 379 1879 quo
420 1824 486 1876 fit,
526 1834 573 1865 ut
612 1825 700 1865 sive
740 1840 817 1880 par
856 1824 945 1865 sive
979 1827 1120 1878 impar
1158 1822 1329 1877 parium
1375 1835 1662 1862 numerorum
1701 1821 1929 1862 multitudo
1970 1830 2051 1872 est,

87 1905 130 1946 id
154 1904 270 1960 quod
296 1913 644 1944 consummatum
669 1912 726 1943 est
754 1917 831 1957 par
856 1903 925 1954 sit,
960 1912 1008 1943 ut
1038 1902 1138 1953 duo,
1163 1911 1365 1956 quatuor,
1397 1916 1486 1951 sex,
1517 1910 1631 1952 octo,
1664 1915 1775 1956 quae
1798 1915 1876 1956 par
1895 1914 2050 1941 nume-

88 2001 238 2029 rorum
271 1984 499 2026 multitudo
537 1992 619 2033 est,
663 1982 771 2023 fiunt
813 1982 979 2037 viginti3
1024 1982 1132 2033 duo,
1175 1991 1379 2036 quatuor,
1426 1995 1522 2032 sex,
1569 1995 1682 2035 quae
1722 1982 1864 2036 impar
1893 1995 2048 2022 nume-

88 2080 238 2107 rorum
271 2062 500 2105 multitudo
528 2072 607 2113 est,
632 2061 740 2102 fiunt
769 2061 1019 2115 duodecim,
1051 2062 1178 2102 ambo
1204 2060 1375 2102 numeri
1400 2075 1537 2115 pares.
1584 2060 1691 2101 Item
1718 2075 1795 2116 par
1817 2061 2049 2116 imparium

165 2203 240 2243 quot
265 2194 433 2243 quotaeve]
460 2195 516 2228 Sic
538 2195 676 2227 correxit
699 2207 716 2226 e
742 2206 799 2226 suo
824 2195 933 2227 codice
961 2195 1042 2227 Gro-
1094 2193 1375 2234 Dar-instattensis,
1413 2199 1446 2224 et
1477 2193 1682 2225 Monacensis
1709 2192 1768 2237 (A)
1797 2205 1856 2237 pro
1887 2195 1988 2235 impar
2017 2192 2048 2221 in

91 2260 154 2291 tius
175 2260 271 2290 verba
290 2265 443 2306 quotquot
466 2271 522 2291 eae
542 2259 575 2290 in
601 2258 707 2293 editis.
734 2259 812 2291 Mox
834 2258 906 2290 vide
925 2270 965 2290 ne
985 2270 1042 2302 pro
1094 2259 1198 2289 editis.
1226 2257 1389 2296 Observa,
1417 2269 1481 2288 non
1503 2268 1653 2288 numeros
1670 2257 1702 2297 1,
1737 2256 1797 2295 IV,
1826 2256 1888 2294 vl,
1926 2254 2007 2286 VIII
2031 2265 2048 2284 a

92 2324 266 2366 exploratis
293 2323 404 2352 ultima
427 2322 599 2363 legendum
622 2323 663 2353 sit
687 2323 953 2365 erploralissima.
1094 2325 1206 2350 nostro
1244 2317 1396 2362 appellari
1427 2330 1536 2361 pares,
1570 2329 1673 2360 neque
1701 2312 1884 2359 sequentes*
1908 2315 1955 2354 Π,
1987 2314 2047 2352 IV,

165 2392 235 2428 post
259 2382 355 2427 haec]
391 2385 464 2416 Hoc
491 2398 629 2425 comma,
667 2385 753 2429 quod
781 2385 876 2427 vulgo
901 2385 981 2416 male
1008 2383 1042 2414 in
1093 2382 1143 2414 VI
1163 2381 1317 2426 appellari
1335 2381 1488 2424 impares;
1512 2381 1569 2412 scd
1585 2390 1788 2411 numerorum
1804 2377 2046 2416 multitudinem,

94 2446 257 2491 sequentis
283 2446 458 2477 sententiae
484 2445 574 2476 initio
599 2447 738 2490 positum
764 2452 846 2488 erat,
877 2446 910 2478 in
936 2446 1043 2478 locum
1095 2445 1230 2488 quaein
1251 2444 1316 2475 illis
1335 2449 1487 2487 quatuor,
1508 2444 1542 2474 in
1560 2443 1610 2474 his
1635 2440 1716 2482 tres,
1744 2452 1857 2483 nempe
1888 2439 1920 2469 Π
1937 2451 2046 2475 unum,

94 2510 334 2544 convenientem
358 2508 486 2541 retraxi.
1093 2506 1144 2540 IV
1173 2506 1252 2547 du0‚
1285 2506 1335 2539 VI
1364 2512 1445 2548 trcS,
1479 2505 1666 2546 ternarium,
1702 2504 1851 2546 imparem
1881 2513 1956 2543 ergo
1981 2502 2046 2533 effi-

168 2588 229 2618 ραι·
252 2570 474 2617 numerorum]
509 2572 559 2605 Ita
592 2573 717 2606 codices
750 2572 1042 2613 Reichenaucnsis,
1095 2568 1184 2602 ciunt
1205 2579 1382 2601 numerum.

2080 946 2165 988 768

2082 2070 2169 2112 769
