2310 2860
253 170 346 211 271ss

835 163 1033 208 Martiani
1065 162 1265 220 Capellae
1302 163 1375 206 lib.
1398 162 1452 204 II.
1484 164 1516 216 §.
1542 162 1642 206 209.

252 275 538 329 omnibusque
576 271 684 315 divis
725 273 767 314 in
807 281 1004 328 suggestu
1034 270 1228 312 maximo
1269 285 1316 312 ac
1346 269 1554 311 subselliis
1597 269 1738 312 lacteis
1770 269 1956 311 residens
1995 270 2212 326 sponsales

255 356 533 412 praestolatur
568 354 795 407 adventus3
845 354 921 409 qui
962 352 1091 393 simul
1124 361 1172 393 ut
1202 351 1431 392 Musarum
1466 366 1592 393 voces
1629 367 1676 393 ac
1712 352 1887 393 dissonis
1929 353 2042 394 mela
2071 352 2213 393 dulcia

141 436 229 478 210
257 434 469 476 cantilenis
500 434 662 490 virgine
698 433 945 475 adveniente
976 432 1186 488 percepit,
1225 431 1366 488 priore
1399 431 1492 473 loco
1524 433 1737 488 praecepit
1770 433 1916 474 venire
1952 432 2212 488 Cyllenium,

254 529 354 556 cum
387 529 474 570 quo
500 515 631 556 Liber
653 524 692 555 et
715 514 864 555 Delius
895 513 967 554 fidi
993 511 1359 566 amantissimique
1389 513 1596 567 germani,
1627 513 1834 554 Hercules
1859 514 1999 564 etiam,
2031 522 2213 569 uterque

254 595 496 646 Castorum,
530 596 850 651 Gradivusque,
883 605 922 636 et
958 593 1173 649 quidquid
1204 592 1387 634 deorum
1418 593 1471 635 de
1492 594 1598 635 Jove
1627 595 1896 650 progenitum
1928 604 2001 646 est,
2032 594 2214 650 Cyllenii

139 674 219 716 211
257 675 516 717 adhaerebat
541 675 693 717 officio.
724 676 1050 717 Elementorum
1086 688 1263 729 quoque
1295 674 1523 728 praesides,
1555 675 1818 731 angelicique
1843 676 1990 731 populi
2012 674 2215 731 pulcher-

253 758 362 798 rima
388 757 630 808 multitudo,
657 758 911 812 animaeque
937 766 1158 813 praeterea
1183 755 1408 795 beatorum
1430 764 1643 805 veterum,
1675 769 1788 810 quae
1814 755 1901 809 jam
1927 755 2030 796 coeli
2057 754 2216 810 templa

253 985 439 1028 descripsit:
469 985 512 1015 ait
539 985 638 1016 enim:
667 984 788 1015 »limbis
811 984 969 1016 nivalibus
994 984 1203 1016 affiicabantm

253 1045 359 1078 Gnor.
380 1064 428 1070 ——
475 1047 559 1078 Cum
591 1046 746 1078 Grotiano
781 1046 891 1078 codice
925 1051 989 1077 tam
1021 1046 1209 1087 Ilugianus,

253 1120 349 1152 quam
376 1108 593 1149 Bodlejanus,
632 1108 912 1148 Darmstattensis‚
948 1114 980 1139 et
1009 1108 1209 1139 Reiebenau-

254 1171 342 1202 ensis
365 1171 572 1203 conveniunt:
591 1171 786 1202 Basileensis
807 1177 912 1202 autem
936 1177 1097 1214 sepiarum
1119 1182 1208 1214 prae-

253 1232 320 1266 het.
352 1231 462 1276 Atque
484 1245 597 1277 parum
615 1233 747 1264 interest
768 1238 839 1264 utro
858 1232 953 1264 modo
977 1233 1075 1275 legaS.
1111 1232 1210 1264 Haud

254 1296 349 1328 dubie
382 1297 466 1328 enim
493 1297 547 1328 ille
577 1303 716 1329 sectatus
749 1297 799 1328 vel
826 1302 970 1340 septatus
995 1296 1086 1329 locus
1114 1296 1209 1328 Jovis

254 1357 368 1389 domus
392 1357 434 1402 (§.
457 1358 519 1401 97)
542 1358 574 1389 in
601 1358 704 1389 lacteo
728 1357 847 1389 circulo
878 1363 956 1389 crat.

328 1431 376 1477 ni]
405 1432 567 1464 omissam
596 1434 678 1466 hanc
701 1433 888 1477 particulam
910 1445 927 1464 e
950 1432 1133 1465 Basileensi
1157 1444 1209 1465 co-

254 1493 323 1525 dice
347 1494 504 1538 supplevi.

329 1569 484 1614 dissonis]
513 1571 696 1602 Conventus
721 1570 823 1611 enim,
852 1570 979 1603 Seneca
1000 1575 1083 1603 teste
1104 1571 1210 1616 (epist.

255 1630 320 1668 81,
347 1643 377 1674 p.
397 1632 469 1663 550
490 1631 612 1674 Lips.)‚
643 1632 678 1662 fit
702 1643 745 1663 ex
773 1633 927 1673 ‹lissonis3
964 1632 1050 1665 unde
1074 1632 1211 1665 Ovidius

256 1690 345 1733 (met.
368 1693 429 1733 10,
463 1692 547 1735 145)
574 1692 612 1723 de
637 1692 784 1736 Orpheo:

316 1765 377 1796 „Ut
400 1769 479 1798 salis
504 1768 657 1810 impulsas
679 1771 813 1800 tentavit
837 1771 951 1812 pollice
971 1769 1127 1809 chordas,

307 1828 351 1859 Et
376 1831 476 1860 sensit
500 1829 620 1869 varios,
649 1832 795 1875 quamuis
821 1831 946 1862 diversa
970 1836 1139 1871 sonarent,

308 1890 514 1923 Concordare
534 1894 659 1924 modos«
680 1898 738 1924 cet.

261 1966 455 2010 Pythagorei
479 1969 545 2011 jam
571 1969 780 2000 definiverunt
805 1970 956 2002 musicam
981 1971 1217 2002 contrariorum

263 2034 516 2073 compositionem
537 2038 641 2077 aptam
660 2034 813 2077 (Tcnnul.
828 2045 845 2064 c
864 2035 987 2066 Tbeon.
1008 2046 1054 2079 pr.
1072 2035 1110 2065 ad
1129 2034 1219 2066 Jam-

263 2091 357 2123 blicb.
382 2093 414 2124 in
443 2094 566 2126 Nicom.
596 2096 719 2127 aritlnn.
753 2109 784 2140 p.
813 2096 920 2139 175),
952 2098 1218 2144 dissimilimnqnc

264 2156 482 2194 concordiam,
515 2161 550 2187 ut
573 2157 616 2187 ait
640 2157 878 2200 Quinctilianus
905 2159 965 2202 (1,
995 2160 1058 2199 10,
1088 2159 1151 2199 123
1186 2171 1217 2203 p.

264 2215 367 2259 2113).
390 2213 580 2262 ἁρμονίαν
603 2219 776 2260 vocabant3
802 2231 885 2263 quos
905 2225 1034 2252 secutus
1058 2219 1218 2252 Aristote-

264 2279 312 2310 les
336 2280 389 2323 (de
413 2281 531 2312 minido
551 2283 603 2325 5),
633 2282 706 2313 dum
726 2283 765 2314 de
791 2284 960 2316 concordia
983 2296 1041 2328 per
1061 2284 1218 2316 contraria

267 2342 408 2374 disserit:
440 2344 614 2385 »musica«,
642 2346 760 2389 iuquit,
798 2348 917 2378 »acutis
940 2353 972 2379 et
996 2348 1143 2389 gravibus
1167 2360 1218 2378 so-

267 2406 333 2445 nis,
363 2406 532 2451 longisque
557 2413 589 2439 et
611 2408 760 2440 brevibus
787 2422 850 2442 una
873 2412 1037 2454 permixtis
1059 2411 1091 2443 in
1117 2412 1219 2443 diver-

268 2468 311 2498 sis
351 2469 500 2509 vocibus,
538 2480 635 2500 uuum
677 2482 715 2501 cx
762 2471 825 2502 illis
861 2478 1050 2504 concentum
1083 2473 1221 2505 absolvit

268 2528 511 2567 (ἁπετέλεόεν
524 2529 756 2579 ἀρμονὶαν).«
786 2533 882 2567 Adde
897 2537 1069 2568 Maximum
1088 2537 1220 2580 Tyrium

272 2593 321 2637 ‘J‘
354 2606 384 2637 p.
404 2594 475 2625 ‘27¹
501 2594 632 2639 Reisk.)
663 2600 695 2627 et
727 2595 924 2628 Macrobium
952 2597 1105 2641 (Saturn.
1132 2598 1157 2630 1.
1187 2599 1220 2630 in

137 834 224 876 212
254 849 514 891 meruerant,
544 854 710 895 gressus
733 839 987 894 Majugenae
1012 836 1319 893 sequebantur.
1351 837 1526 887 Linum,
1551 836 1809 887 Homerum,
1840 836 2216 891 Mantuanumque

1261 983 1390 1026 praefi),
1423 982 1478 1026 qui
1511 981 1669 1014 Senecam
1700 982 1739 1013 ad
1770 982 1902 1013 verbum
1939 982 2005 1013 scre
2039 980 2216 1024 exscripsit.

1261 1044 1335 1087 Ipse.
1363 1043 1502 1088 denique
1525 1049 1636 1075 noster
1658 1044 1738 1075 infra
1764 1042 1805 1087 (§.
1823 1043 1910 1086 910)
1940 1044 1979 1074 de
2006 1042 2130 1075 Musica
2153 1041 2216 1085 ely·

1260 1117 1358 1150 peum
1383 1111 1527 1146 gestante
1555 1105 1679 1136 scribit:
1711 1103 1876 1147 »Denique
1903 1116 1978 1135 mox
2002 1105 2147 1146 ingressa
2173 1108 2217 1134 at-

1262 1179 1324 1211 que
1361 1166 1507 1210 (statim)
1544 1166 1686 1208 ejusdem
1731 1166 1816 1197 orbis
1854 1177 1991 1198 sonuere
2031 1170 2217 1205 concentus,

1262 1234 1375 1260 cuncta
1404 1228 1474 1268 illa,
1513 1240 1594 1271 quae
1630 1228 1760 1258 dissona
1794 1229 1939 1260 suavitas
1971 1227 2218 1267 commendarat,

1261 1292 1350 1323 velut
1370 1291 1581 1323 mutcseentia
1606 1296 1783 1322 tacuerunt.
1792 1304 1802 1318 u

1337 1366 1510 1412 Iler-cules]
1535 1368 1637 1399 Recte
1656 1368 1740 1398 hunc
1765 1367 1859 1398 deum
1879 1367 2061 1398 adhaesisse
2081 1365 2222 1410 Cyllenii

1263 1431 1366 1463 officio
1390 1431 1475 1463 dicit.
1509 1430 1604 1463 Adeo
1629 1431 1713 1462 enim
1734 1431 1866 1472 junctos
1891 1443 1946 1462 eos
1970 1431 2119 1473 cogitavit
2142 1429 2220 1462 anti·

1264 1495 1386 1539 quittae,
1418 1499 1454 1526 ut
1479 1507 1542 1526 una
1567 1495 1742 1538 eademque
1764 1494 1834 1525 basi
1861 1495 2085 1526 Hermeraelcs
2112 1493 2220 1525 hodie·

1265 1571 1327 1602 que
1351 1558 1575 1601 conspiciatur,
1604 1557 1710 1589 addita
1730 1558 1788 1588 liae
1814 1557 2035 1600 inscriptione:
2059 1555 2220 1592 EPMA-

1263 1619 1540 1654 HPAHAEOC
1553 1618 1725 1663 (D'Orvill.
1741 1618 1850 1651 Sicula
1861 1631 1891 1662 p.
1908 1620 1990 1650 575.
2007 1620 2222 1650 Torremuzza

1265 1682 1316 1714 Cl.
1343 1683 1375 1716 7.
1400 1695 1433 1716 n.
1461 1682 1530 1725 17).
1567 1682 1637 1713 Nec
1663 1682 1823 1714 Mercurio
1856 1682 1917 1713 soli
1943 1682 2074 1726 (Horat.
2099 1681 2164 1714 Od.
2190 1682 2222 1721 1,

1267 1745 1330 1783 10,
1356 1743 1399 1786 5)
1431 1744 1489 1775 sed
1523 1743 1647 1787 utrique
1687 1743 1747 1774 deo
1786 1744 1963 1787 palaestrae
1998 1755 2072 1775 cura
2105 1742 2224 1775 credita

1265 1807 1325 1837 suit
1350 1807 1539 1850 (Palaeogr.
1570 1819 1612 1838 cr.
1637 1806 1697 1838 IV.
1722 1806 1752 1850 ἓ.
1775 1808 1881 1850 801).
1927 1807 2054 1838 Eodem
2085 1806 2223 1850 denique

1267 1870 1405 1902 carmine
1428 1876 1561 1913 uterque
1584 1869 1804 1901 celebrabatur
1826 1869 2014 1914 (Antholog.
2033 1869 2089 1903 Gr.
2111 1871 2143 1911 1,
2162 1871 2222 1910 58,

1266 1933 1301 1966 4.
1324 1946 1354 1977 p.
1379 1934 1448 1964 165
1473 1933 1511 1964 de
1532 1933 1674 1976 Bosch).

1339 2008 1523 2054 beatorum]
1552 2009 1709 2041 Similiter
1734 2009 1946 2041 Nemesianus
1969 2009 2033 2056 (ap.
2054 2009 2165 2042 Barth.
2190 2009 2223 2040 in

1269 2073 1391 2104 advers.
1416 2085 1446 2115 p.
1467 2072 1595 2115 1557)=

1319 2166 1367 2172 -—
1385 2167 1434 2171 —
1450 2149 1618 2180 »sublimes
1642 2150 1770 2179 animae
1793 2148 1940 2179 coelestia
1961 2146 2076 2191 templa

1317 2211 1532 2259 Sidereasque
1555 2212 1663 2243 colunt
1687 2212 1800 2249 sedes,
1825 2211 2008 2258 mundoque
2033 2210 2215 2254 fericulum«

1268 2287 1392 2318 Harum
1419 2286 1593 2317 animarum
1617 2285 1702 2316 sedis
1729 2290 1838 2316 noster
1863 2297 1958 2329 supra
1977 2284 2025 2330 (ξ.
2049 2284 2223 2330 155)Jam

1268 2349 1462 2381 mentionem
1479 2350 1607 2380 fecerat.

1341 2409 1473 2456 Linum]
1500 2411 1550 2442 De
1578 2410 1661 2442 Lino
1682 2415 1714 2442 et
1734 2410 1866 2454 Orpheo
1889 2410 2019 2442 musicis
2043 2410 2162 2454 pariter
2185 2421 2223 2443 ac

1271 2472 1467 2516 sapientibus
1491 2472 1562 2503 vide
1585 2472 1836 2515 Quinctilianum
1859 2471 1906 2516 (1,
1932 2473 1989 2513 10,
2012 2473 2052 2513 93
2078 2485 2108 2516 p.
2126 2471 2222 2516 215).

1269 2535 1386 2566 Linum
1421 2533 1546 2565 ”divino
1579 2533 1716 2564 carmine
1748 2539 1926 2577 pastoremu
1956 2533 2095 2577 appellat
2116 2533 2222 2574 Virgi-

1270 2597 1332 2629 lius
1365 2598 1454 2644 (fiel.
1482 2599 1521 2637 6,
1556 2598 1640 2641 (37),
1671 2597 1726 2628 ubi
1754 2596 1901 2640 Heyuius
1937 2598 2015 2628 haee
2044 2597 2221 2628 annotmitz
