2310 2860
77 1404 159 1444 781

202 137 292 180 620
761 134 960 176 Martiani
992 133 1192 190 Capellae
1221 134 1295 177 lib.
1319 133 1416 178 VII.
1448 137 1480 186 §.
1505 136 1602 176 779.

205 260 248 285 se
278 243 541 297 incompositi
579 250 697 292 sunt,
747 250 786 281 et
829 242 870 281 in
908 255 1048 282 unum
1086 242 1345 296 junguntur,
1397 241 1466 282 hic
1504 256 1734 294 numerus,
1787 245 1860 298 qui
1894 246 1950 287 sic
1985 245 2156 287 effectus

205 336 284 377 est,
327 324 524 378 componi
559 337 657 364 cum
702 322 906 363 alterutro
942 337 995 362 ex
1034 321 1247 376 prioribus
1272 328 1376 363 'non
1415 332 1560 378 potest.
1619 324 1662 364 Si
1700 333 1782 364 tres
1820 333 1860 364 et
1894 327 2084 380 quinque
2114 329 2159 366 in

203 420 339 448 unum
362 406 614 461 junguntur,
639 404 746 446 fiunt
771 414 883 456 oet03
914 404 960 444 hi
994 417 1134 457 neque
1166 417 1264 444 cum
1291 403 1485 459 quinque
1509 419 1651 458 neque
1677 419 1776 444 cum
1800 404 1934 444 tribus
1960 406 2158 461 componi

201 495 387 541 possunt.
447 485 490 525 Si
519 500 727 526 numerus
758 486 799 525 in
831 484 937 525 duos
967 484 1075 524 inter
1109 499 1152 524 se
1183 484 1480 540 incompositos
1512 485 1675 526 divisus
1707 495 1787 537 est,
1828 486 2026 541 componi
2057 501 2157 527 cum

204 567 404 608 alterutro
437 580 587 608 eorum
626 580 711 605 non
742 573 885 619 potest.
945 563 1205 604 Dividantur
1244 579 1401 605 novem
1440 565 1484 605 in
1519 575 1705 620 quatuor
1748 575 1788 605 et
1827 566 2040 620 quinque3
2084 580 2159 605 ne-

203 662 287 702 que
325 662 424 688 cum
471 655 656 700 quatuor
697 659 838 698 neque
892 658 992 684 cum
1041 644 1235 698 quinque
1274 644 1473 700 componi
1518 660 1676 686 novem
1724 654 1910 700 possunt.
1983 645 2026 684 Si
2072 644 2160 685 duo

201 729 371 769 numeri
396 743 495 768 cum
519 727 640 768 tertio
662 726 793 780 juncti
824 725 882 765 sic
913 725 1089 776 fuerint,
1121 734 1168 765 ut
1197 740 1345 766 omncs
1376 725 1483 766 inter
1507 741 1549 766 se
1574 726 1840 782 incompositi
1871 725 1976 775 sint,
2007 723 2160 765 deinde

201 823 256 848 ex
295 808 463 848 duobus
509 807 612 847 alter
651 806 833 846 alterum
872 804 1144 859 multiplicet,
1199 804 1275 858 qui
1313 804 1370 844 sic
1420 803 1592 845 effectus
1632 806 1710 846 erit
1752 820 1850 845 eum
1895 804 2045 845 eodem
2084 804 2155 846 illo

201 887 319 928 tertio
354 888 553 942 componi
584 902 668 927 non
700 887 863 941 poterit.
922 886 1012 926 Sint
1041 885 1127 925 duo
1163 884 1334 925 numeri
1367 894 1552 939 quatuor
1584 895 1622 926 et
1654 895 1768 937 oet03
1810 885 2061 938 adjiciantur
2091 886 2158 926 his

201 977 305 1018 tres,
336 967 443 1007 inter
473 982 516 1007 se
547 967 812 1022 incompositi
844 976 961 1018 sunt3
994 966 1274 1021 multiplicent
1297 965 1383 1006 duo
1409 967 1570 1022 priores
1596 967 1699 1007 alter
1730 967 1935 1017 alterum,
1971 976 2158 1022 quatuor

201 1059 292 1091 octo
324 1058 397 1091 aut
426 1049 551 1090 octies
577 1059 785 1105 quaterna
811 1048 919 1090 fiunt
941 1049 1108 1105 triginta
1135 1048 1221 1090 duo
1231 1064 1242 1101 3
1274 1048 1319 1090 hi
1351 1058 1390 1090 et
1419 1058 1502 1090 tres
1527 1049 1635 1091 inter
1659 1064 1702 1090 se
1727 1048 1993 1104 incompositi
2019 1055 2157 1089 erunt,

770 1273 849 1314 DE
893 1272 1003 1313 PER
1048 1272 1113 1312 SE
1160 1270 1588 1312 INCOMPOSITIS.

365 1403 517 1443 Omnis
536 1416 764 1452 numerus,
796 1401 870 1454 qui
899 1414 975 1455 per
1010 1414 1053 1440 se
1085 1399 1388 1455 incompositus
1420 1409 1499 1451 est,
1545 1401 1742 1456 componi
1781 1414 1882 1442 cum
1911 1401 2040 1442 altero
2071 1414 2157 1441 non

196 1492 349 1540 potest,
379 1483 458 1523 nisi
482 1482 602 1536 cujus
625 1482 714 1536 ipse
745 1495 947 1522 mensura
971 1490 1041 1522 est.
1081 1481 1194 1536 Ergo
1219 1491 1537 1537 componuntur
1565 1473 1650 1522 tres
1677 1482 1729 1523 ad
1752 1497 1931 1533 novem,
1964 1482 2159 1537 quinque

197 1563 251 1604 ad
288 1561 555 1616 quindecim,
601 1562 702 1616 quia
742 1571 805 1602 ter
849 1571 968 1602 terna
1009 1576 1190 1613 novem,
1245 1562 1474 1617 quinquies
1515 1572 1635 1603 terna
1672 1561 1917 1617 quindecim
1955 1570 2074 1612 sunt3
2114 1560 2157 1600 in

199 1660 286 1701 quo
317 1658 522 1693 munem,
570 1643 689 1697 quod
730 1643 818 1695 ejus
857 1658 943 1683 non
981 1642 1223 1693 habebunt,
1271 1656 1371 1682 eum
1414 1657 1462 1682 eo
1494 1642 1692 1697 componi
1723 1657 1807 1682 non
1839 1650 2048 1696 poterunt.
2112 1640 2155 1680 Si

196 1723 365 1764 duobus
409 1723 600 1763 numeris
640 1722 781 1777 positis
824 1722 964 1762 minor
1003 1737 1025 1762 e
1064 1723 1225 1775 majore
1264 1721 1523 1772 detrahitur,
1572 1731 1611 1762 et
1649 1722 1679 1761 is
1727 1722 1799 1775 qui
1839 1731 2030 1776 superest
2067 1736 2152 1762 non

197 1812 257 1844 cst
286 1816 488 1842 mensura
528 1802 641 1855 ejus,
687 1802 760 1856 qui
801 1803 1024 1857 proximus
1065 1812 1158 1843 ante
1198 1817 1298 1842 eum
1333 1801 1502 1842 demtus
1543 1811 1620 1853 est,
1666 1801 1711 1841 hi
1750 1803 1921 1842 numeri
1961 1803 2070 1843 inter
2111 1818 2154 1843 se

195 1882 461 1937 incompositi
491 1891 598 1922 sunt.
658 1882 746 1922 Sint
777 1892 857 1923 tres
884 1892 922 1923 et
950 1892 1064 1935 oct0;
1123 1883 1323 1923 tollantur
1363 1898 1414 1923 ex
1447 1883 1609 1936 majore
1639 1897 1822 1924 numero
1853 1885 1960 1924 terni
1991 1886 2154 1940 quoties

198 1973 393 2019 possunt,
440 1973 668 2019 supersunt
709 1964 819 2017 duo3
869 1966 911 2006 in
951 1965 1015 2006 his
1055 1966 1186 2007 trium
1226 1978 1427 2006 mensura
1464 1979 1549 2004 non
1593 1973 1672 2016 θεῖς
1732 1979 1830 2019 ergo
1864 1974 1947 2006 tres
1978 1980 2152 2021 quoque

273 2117 474 2163 multiplicet]
503 2117 559 2150 Sic
575 2131 631 2162 pro
649 2121 837 2162 multiplicat
852 2122 954 2153 codex
974 2122 1151 2153 Damnstat-
1278 2124 1422 2165 componi
1437 2134 1509 2153 cum
1529 2121 1642 2167 altero]
1666 2122 1781 2154 Deleri
1796 2122 1982 2166 particulam
2006 2128 2049 2160 et,
2070 2134 2153 2167 quae

200 2184 316 2224 tensis,
350 2183 441 2224 cujus
470 2182 563 2213 etiam
595 2184 781 2215 auctoritate
812 2185 894 2216 iuter
925 2188 986 2217 em't
1019 2192 1051 2217 ct
1080 2199 1151 2218 cnm
1203 2189 1275 2214 ante
1307 2185 1385 2214 hace
1420 2184 1575 2215 voeabula
1610 2190 1720 2215 eontra
1755 2183 1947 2214 anteriorum
1977 2184 2152 2216 editionum

201 2245 305 2278 delevi
330 2256 441 2276 vocem
465 2250 609 2290 uterque.
1200 2247 1295 2278 fidem
1319 2247 1403 2289 apud
1424 2247 1574 2278 Grotimu
1595 2247 1770 2288 legebatur.

274 2314 413 2356 qualum·
434 2306 517 2353 octo]
541 2307 629 2349 Lege
656 2314 770 2354 quater
793 2316 868 2341 ocio.
884 2310 1044 2343 Gnor.—
1071 2310 1150 2343 Om-
1274 2322 1340 2341 non
1358 2309 1521 2354 poterunt]
1546 2310 1703 2341 Nimirum
1722 2316 1786 2341 {res
1807 2322 1871 2342 non
1895 2317 2046 2354 poterunt
2067 2323 2149 2344 eom-

201 2373 276 2404 nino
301 2372 346 2404 sic
373 2371 490 2403 rectius
516 2371 721 2414 scripsissent
750 2372 878 2403 librarii.
1202 2373 1278 2417 poni
1299 2385 1370 2405 cum
1397 2375 1556 2420 quinque,
1585 2372 1672 2416 qnod
1695 2373 1728 2403 in
1755 2375 1936 2419 quindecim
1959 2375 2150 2416 continetur,

277 2437 476 2479 incompositi
505 2433 618 2479 emmt]
653 2435 770 2466 Melius
802 2436 861 2467 hoc
891 2448 986 2479 qnam
1016 2442 1093 2469 sunt
1117 2437 1151 2469 in
1203 2436 1259 2466 sed
1287 2434 1413 2466 aliunde
1438 2447 1530 2477 quain
1550 2446 1568 2464 a
1594 2436 1695 2465 tribus
1718 2435 1853 2477 petitum
1874 2441 1951 2471 cst⁸¹

203 2498 297 2529 editis
331 2498 547 2540 praebuerunt
578 2497 706 2530 codices
730 2497 942 2530 Monacenses
967 2498 1027 2542 (A,
1053 2500 1099 2542 C)
1120 2505 1152 2532 et
1278 2494 1480 2539 detrahitur]
1514 2494 1570 2527 Sic
1611 2496 1723 2527 melius
1753 2497 1855 2528 codex
1872 2498 2149 2538 Darmstattensis,

201 2560 478 2592 Darmsfflstensis·
1201 2569 1295 2602 quam
1313 2558 1502 2589 ‹lete-almun-
1513 2557 1546 2588 in
1562 2557 1670 2588 editis:
1686 2558 1829 2602 sequitur
1842 2559 1926 2590 culm
1938 2566 1996 2600 est,
2019 2572 2084 2592 non
2097 2562 2149 2593 sit.
