2310 2860
108 701 193 743 651

219 140 312 186 552
793 132 994 176 Martiani
1025 130 1224 187 Capellae
1263 130 1338 171 lib.
1366 129 1441 171 VI.
1480 131 1511 180 §.
1534 129 1635 170 650.

220 247 398 291 flumine
427 244 550 286 Arsia
580 241 633 284 ad
667 239 832 283 flumen
863 238 1067 280 Drinium
1097 235 1315 292 longitudo
1346 234 1481 291 pergit
1518 235 1753 289 octingenta
1784 236 1937 288 millia,
1972 253 1997 279 a
2027 238 2180 279 Drinio

223 330 278 372 ad
307 325 651 383 promontorium
679 322 1049 365 Acroceraunium
1080 328 1253 361 centum
1283 316 1546 373 septuaginta
1579 315 1666 357 duo
1698 315 1844 358 millia.
1903 317 1993 360 Ora
2020 319 2181 374 Illyrici

225 408 354 452 habet
383 406 541 449 insulas
572 406 686 448 ultra
715 405 845 446 mille,

794 585 870 627 DE
902 584 1128 626 TERTIO
1161 583 1298 626 SINU
1332 581 1622 625 EUROPAE.

396 694 568 737 Tertius
600 701 742 734 autem
772 692 974 748 Europae
1007 691 1124 732 sinus
1156 691 1209 731 ab
1242 689 1567 731 Acrocerauniis
1598 686 1799 729 inchoans
1836 686 2051 728 montibus
2081 686 2185 728 Hel-

226 779 416 835 lesponto
452 775 727 825 terminatur,
780 788 830 815 ac
868 774 983 814 sinus
1014 773 1144 813 habet
1173 771 1322 811 decem
1367 779 1406 810 et
1438 783 1618 819 novem,
1666 768 1996 823 provinciasque
2030 781 2186 822 quam—

228 859 387 915 plures.
449 858 563 899 Nam
598 855 656 897 ibi
685 864 783 896 sunt
811 855 990 911 Epirus,
1038 854 1299 904 Acarnania,
1360 852 1545 902 Aetolia,
1591 851 1764 901 Phocis,
1804 850 1972 901 Locris,
2011 849 2187 902 Aehaja,

225 940 458 990 Messenia,
509 939 716 988 Laconia,
761 937 946 991 ArgoliS,
999 935 1206 990 MegariS,
1246 935 1404 985 Attica,
1453 932 1645 983 Boeotia3
1696 932 1796 971 item
1841 931 1893 972 ab
1939 931 2020 972 alio
2057 931 2187 972 latere

229 1022 399 1076 alioque
430 1020 540 1061 mari
571 1019 742 1069 Phocis,
783 1027 822 1057 et
855 1016 1023 1067 Locris,
1071 1015 1216 1066 Doris,
1266 1015 1492 1065 Phthiotis,
1543 1013 1788 1063 Thessalia,
1825 1013 2062 1067 Magnesia,
2092 1013 2188 1054 Ma-

231 1103 427 1153 cedonia,
471 1101 680 1150 Thracia,
729 1099 911 1140 Graecia
956 1096 1109 1138 onmis.
1164 1095 1323 1150 Epirus
1354 1105 1497 1135 autem
1528 1094 1674 1148 incipit
1703 1094 2029 1134 Acrocerauniis
2060 1109 2185 1134 mon-

228 1183 365 1233 tibus,
404 1183 447 1222 in
483 1196 569 1236 qua
606 1180 734 1236 primi
766 1179 985 1228 Chaones,
1023 1191 1046 1217 a
1091 1174 1248 1230 quibus
1280 1174 1389 1216 dicta
1421 1174 1635 1226 Chaonia3
1680 1174 1832 1215 deinde
1862 1189 1984 1216 mons
2014 1175 2187 1226 Pindus,

228 1266 451 1320 Dryopes,
491 1264 753 1317 Molossique
785 1261 1005 1302 Dodonaei
1037 1259 1152 1299 Jovis
1182 1258 1282 1298 sano
1314 1254 1470 1308 inclyto
1503 1254 1715 1294 celebrati.
1770 1255 1807 1294 A
1837 1263 1955 1308 tergo
1984 1255 2092 1296 inter
2123 1272 2191 1297 cc-

228 1355 340 1386 teros
370 1343 551 1399 populos
578 1343 710 1381 Ponto
742 1341 981 1393 junguntur
1005 1338 1164 1378 Maesia
1195 1350 1244 1376 ac
1273 1334 1456 1374 Maedia.
1515 1334 1707 1374 Thraces
1739 1349 1879 1389 usque
1911 1334 1963 1375 ad
1986 1334 2190 1389 Pontum3

226 1423 466 1478 Rhodopae
500 1437 602 1463 mox
643 1430 682 1461 et
717 1420 873 1461 Haemi
911 1419 1080 1461 videtur
1119 1416 1349 1459 excelsitas.
1409 1417 1536 1457 Tunc
1568 1416 1731 1457 colonia
1761 1405 2197 1470 Buthrotu1n';”A1n-'

229 1505 400 1547 bracius
449 1504 565 1545 sinus
612 1502 811 1543 faucibus
858 1503 1044 1557 angustis
1093 1515 1256 1556 aequor
1308 1499 1537 1554 accipiens,
1591 1499 1635 1538 in
1683 1512 1770 1552 quo
1818 1498 2010 1540 defertur
2058 1501 2193 1541 amnis

229 1587 430 1629 Acheron
468 1585 661 1626 infernae
699 1584 873 1624 fabulae
912 1599 1058 1624 errore
1097 1584 1309 1633 famosus3
1365 1589 1458 1634 post
1500 1579 1662 1633 aliquot
1692 1587 1833 1632 gentes
1863 1579 1990 1619 etiam
2020 1580 2188 1620 Actium

232 1666 396 1706 colonia
427 1679 527 1706 cum
552 1663 757 1718 Apollinis
788 1663 969 1718 templo,
1001 1678 1053 1703 ex
1086 1677 1174 1717 quo
1204 1659 1282 1715 ipsi
1314 1672 1489 1712 quoque
1519 1657 1599 1697 deo
1630 1656 1822 1696 additum
1850 1668 2192 1711 cognomentum,

232 1744 469 1798 civitasque
511 1741 818 1797 Nicopolitana.
885 1743 1084 1797 Egressos
1121 1742 1217 1783 sinu
1255 1739 1487 1782 Ambracio
1518 1739 1561 1779 in
1591 1738 1761 1779 Ionium
1793 1738 1948 1794 excipit
1973 1738 2192 1780 diversitas

233 1873 364 1912 dentur,
391 1882 473 1915 quos
501 1870 627 1902 Plinius
654 1870 707 1914 (5,
730 1870 797 1910 20,
830 1870 892 1913 24)
929 1871 1040 1903 Italiae
1072 1871 1188 1904 descri-

231 1934 335 1977 ptioni
361 1932 535 1974 subjunxit.

309 1993 476 2038 Drinium]
503 1994 594 2024 Ilaec
621 2005 750 2036 qnoque
777 2005 817 2024 cx
839 1993 947 2024 Plinio
971 1994 1006 2037 (l.
1033 1996 1056 2026 5
1084 1994 1188 2037 extu),

231 2056 318 2087 uude
346 2056 441 2089 simul
468 2060 599 2098 apparet
629 2054 719 2085 nihili
745 2065 816 2085 esse
841 2067 920 2098 quas
948 2056 1081 2097 margini
1107 2056 1189 2088 Gro-

231 2118 297 2150 tius
318 2119 476 2150 lectiones
500 2118 659 2149 variantes
682 2117 849 2161 adscripsit
866 2120 938 2150 DV
952 2131 1011 2164 pro
1030 2122 1190 2164 octoginta

233 2187 266 2214 et
291 2183 436 2229 quinque
460 2192 518 2224 pro
543 2181 606 2211 duo
631 2181 739 2211 millia.

309 2243 466 2288 Laconia]
491 2244 600 2284 Vulgo
619 2243 725 2286 inepte
748 2243 927 2286 Lycaonia,
950 2257 1054 2277 veram
1081 2246 1192 2277 lectio-

232 2318 323 2353 nein,
347 2319 443 2351 quam
467 2306 535 2347 jam
560 2305 723 2337 Mem-sius
749 2305 895 2348 (miscell.
913 2307 1032 2340 Lacon.
1048 2308 1098 2346 II,
1129 2309 1192 2347 163

233 2383 267 2414 p.
291 2371 375 2412 172)
400 2369 584 2411 conjectura
609 2373 775 2400 assecutus
805 2375 887 2408 crat,
916 2370 949 2401 in
974 2371 1192 2402 vetustissimo

236 2430 347 2463 codice
363 2430 403 2462 C.
422 2431 460 2463 C.
480 2430 521 2462 C.
535 2435 662 2461 exstare
684 2435 819 2461 testatur
836 2431 958 2462 W'asse
976 2432 1030 2475 (ad
1050 2433 1193 2475 Tlincyd.

236 2494 278 2532 5,
303 2493 392 2531 1053
421 2492 459 2522 T.
490 2491 540 2531 Π,
572 2504 605 2536 11·
629 2492 702 2525 574
737 2490 842 2536 Rip->5
883 2493 963 2525 adde
999 2493 1193 2528 Salmasium

239 2555 291 2598 (ad
319 2555 421 2588 Soliti.
450 2567 478 2599 p.
499 2555 591 2598 158).

1313 1871 1458 1918 Blaedia]
1486 1871 1543 1905 Sic
1568 1873 1680 1916 scripsi
1701 1872 1897 1904 confusionis
1918 1872 2064 1905 xitandae
2083 1886 2195 1913 cansa3

1240 1937 1337 1977 vulgo
1354 1937 1476 1968 ssledae'a.
1502 1935 1570 1968 Alii
1589 1937 1770 1968 Maedicam
1786 1936 1963 1981 appellant,
1991 1938 2102 1969 confer
2119 1937 2193 1969 Cel-

1241 1997 1353 2028 larium
1382 1998 1434 2040 (T.
1459 1998 1492 2035 I,
1515 2010 1546 2041 p.
1565 1997 1660 2029 1522
1676 2022 1683 2028 .

1315 2059 1530 2105 Buthrotum]
1563 2060 1620 2093 Sic
1640 2061 1707 2101 jam
1735 2060 1868 2093 Grotius
1894 2061 2096 2093 scribendum
2116 2060 2194 2093 vidit

1241 2135 1300 2168 pro
1323 2125 1503 2155 Butrorum
1529 2123 1562 2155 in
1584 2124 1693 2163 editis,
1721 2124 1817 2166 inque
1839 2123 2059 2166 antiquissimo
2084 2124 2194 2157 codice

1241 2184 1305 2226 legi
1333 2186 1464 2215 affirmat
1487 2185 1613 2216 &vasso
1639 2185 1724 2228 (loco
1752 2184 1846 2214 modo
1873 2183 1994 2227 citato).

1317 2244 1462 2290 Actium]
1482 2246 1658 2278 Suetonius
1677 2244 1763 2287 (Oct.
1781 2246 1854 2287 lS):
1874 2246 2001 2276 uni-bern
2015 2246 2194 2289 R't‘copolt'm

1243 2307 1327 2350 apud
1349 2308 1480 2338 Aelium
1505 2306 1662 2345 condidit,
1689 2306 1846 2348 ludosque
1870 2306 1914 2336 ibi
1940 2307 2194 2351 quinquennales

1243 2370 1422 2409 constituit,
1449 2376 1480 2401 et
1508 2369 1656 2412 ampliato
1684 2375 1790 2400 vetere
1814 2370 1974 2412 Apollinis
2000 2371 2120 2415 templo
2145 2372 2192 2403 lo-

1244 2445 1315 2466 cum
1342 2438 1534 2471 castrorum,
1565 2437 1752 2463 exornatum
1781 2432 1947 2464 navalibus
1974 2433 2102 2477 spoliis,
2130 2434 2193 2467 Ne-

1842 2494 1892 2526 De
1919 2493 2074 2538 Apolline
2095 2494 2193 2528 Actio

1244 2558 1264 2591 ἱ.
1285 2570 1311 2590 e.
1335 2558 1466 2590 littorali
1489 2557 1560 2590 vide
1582 2563 1614 2590 ct
1630 2556 1823 2590 Strabonem
1844 2557 1897 2600 (7,
1919 2570 1951 2601 p.
1968 2559 2041 2590 525
2067 2558 2168 2600 Cas.).

1243 2500 1343 2540 ptuno
1373 2507 1409 2526 ac
1441 2494 1536 2526 Marti
1568 2493 1794 2525 consecravit«
