2310 2860
718 151 916 195 Martiani
947 151 1147 209 Capellae
1177 152 1250 195 lib.
1275 151 1352 195 VI.
1382 154 1411 205 §.
1434 153 1530 195 571.

382 260 545 317 Tuque
575 260 678 317 ignis
710 259 786 301 flos
818 275 882 312 es,
927 259 1032 301 cluis
1063 267 1102 300 et
1129 262 1360 308 γλαυκῶπις
1390 257 1550 316 Ἀθήνη,

380 340 448 380 An
484 354 606 395 mage
638 339 871 381 noctividae
903 341 976 380 tibi
1008 338 1185 381 traditur
1218 340 1321 381 alitis
1357 355 1481 393 usus,

383 421 512 471 Quod
543 421 641 476 vigil
672 421 886 463 insomnes
920 420 1047 461 ducat
1075 419 1256 461 sollertia
1288 421 1442 462 curas?

379 501 552 543 Pectore
583 501 799 544 saxificam
832 501 978 543 dicunt
1007 501 1186 543 horrere
1211 501 1462 554 Medusam,

379 582 508 632 Quod
539 583 747 639 pavidum
777 582 961 639 stupidet
989 582 1156 638 sapiens
1185 582 1369 624 sollertia
1400 583 1593 640 vulgum.

181 700 285 733 omnia
302 700 473 744 intelliges,
498 702 524 733 si
536 700 723 734 ‘memineris
737 698 911 748 γλαυκὸς
928 702 1013 747 apud
1027 702 1128 736 Grae-

179 776 235 797 cos
262 776 326 795 non
358 770 422 796 tam
454 767 593 797 caesium
619 765 669 797 vel
699 765 779 797 adeo
803 767 985 797 caeruleum
1010 766 1128 808 siguifi-

178 839 266 868 care,
295 828 381 872 quod
404 829 500 870 vulgo
521 834 644 873 putant,
669 840 763 872 quam
786 828 894 872 potius
913 830 1129 873 splendidum,

177 892 337 930 lucidum,
374 897 410 923 ut
440 892 562 923 erudite
589 891 819 924 demonstravit
847 892 953 924 Lucas
983 893 1042 936 (de
1067 892 1128 925 Mi-

175 964 292 985 nervae
315 959 526 995 cognomento
548 952 804 998 γλαυπῶπις,
829 953 935 985 Bonn.
955 954 1062 986 1851.
1080 953 1127 996 4).

175 1016 328 1048 Ceterum
351 1017 419 1058 jam
443 1017 607 1047 Diodorus
631 1016 763 1048 Siculus
788 1016 846 1059 (1,
878 1015 938 1058 12)
963 1016 1127 1059 physicam

173 1077 372 1120 cognominis
393 1076 624 1121 γλαυκῶπις
643 1078 798 1107 rationem
816 1077 920 1108 affert:
941 1075 1128 1122 λέγεσθαι

171 1137 332 1185 ὃάὐτὴν
361 1137 424 1173 καὶ
449 1138 699 1185 γλαυκῶπιν,
729 1135 811 1183 οὐχ
839 1136 895 1178 ὥς
923 1150 1024 1178 τινες
1045 1139 1127 1173 τῶν

170 1197 364 1246 Ἑλλήνων
386 1197 600 1244 ὑπέλαβον,
637 1196 717 1234 ἀπὸ
746 1198 818 1236 τοῦ
848 1197 943 1241 τούς
976 1196 1126 1248 ὀφθαλ-

168 1260 268 1307 μοὺς
286 1264 305 1298 ἔ
304 1276 395 1308 χειν
410 1260 612 1309 γλαυκοὺς
631 1262 762 1306 (τοῦτο
787 1261 858 1307 μὲν
879 1260 953 1309 γὰρ
982 1260 1125 1309 εὔηθες

169 1320 396 1370 ὑπάρχειν),
425 1321 508 1358 ἀλλ’
534 1320 612 1358 ἀπὸ
636 1322 706 1358 τοῦ
725 1321 795 1358 τὸν
811 1321 906 1370 ἀέρα
922 1324 1031 1368 ἔχειν
1050 1321 1124 1369 τήν

169 1381 368 1432 πρόσοψιν
392 1385 626 1430 ἔγγλαυκονε
644 1397 739 1428 quem
759 1385 903 1428 sequitur
924 1391 956 1416 ct
977 1386 1122 1429 Porphy-

167 1449 235 1481 rius
255 1450 318 1494 (ap.
338 1448 458 1480 Euseb.
480 1460 589 1492 praep.
614 1460 724 1489 evang.
750 1449 790 1488 5,
815 1448 855 1488 2,
880 1449 920 1488 5,
953 1460 983 1491 p.
997 1448 1071 1492 89),

237 1508 314 1556 flos]
337 1510 415 1542 Flos
439 1509 522 1542 enim
541 1509 624 1551 ignis
643 1509 783 1541 divinum
801 1507 921 1552 aliquid
940 1509 1121 1553 putabatur,

165 1574 228 1607 lioc
255 1579 304 1606 cst
325 1573 515 1618 purissimus
540 1572 639 1614 ignis3
664 1584 736 1603 eum
759 1572 814 1603 alii
834 1572 1012 1604 Minervam
1038 1573 1121 1604 dice-

165 1638 251 1670 hant.
274 1634 518 1675 Γλαυπῶπις
541 1632 693 1682 Ἀθήνη,
722 1633 954 1680 παντέχνου
980 1632 1118 1682 πυρός,

167 1700 250 1731 unde
277 1699 417 1731 omnium
439 1698 553 1729 artium
573 1697 792 1729 sons.BAn·m.
816 1697 952 1741 (advers.
973 1710 1004 1742 p.
1021 1697 1119 1741 551).

167 1782 213 1787 -—-
239 1762 324 1795 Vide
351 1773 448 1806 supra
471 1760 513 1806 (ξ.
528 1760 632 1805 206),
653 1761 706 1792 ubi
726 1760 925 1803 Philologia,
947 1766 1118 1805 postquam

164 1826 198 1858 in
225 1825 350 1859 coelum
368 1825 555 1865 advenerat,
579 1825 691 1869 florem
715 1825 800 1869 ignis
820 1829 888 1856 toto
911 1830 1041 1869 pectore
1064 1825 1117 1857 de·

164 1886 323 1933 precatur.

241 1961 286 1980 an
305 1944 415 1992 maye]
440 1947 480 1980 In
503 1946 616 1979 codem
637 1945 721 1978 libro
747 1950 797 1978 est
825 1957 901 1978 nam
931 1957 1009 1990 aye,-
1040 1945 1115 1979 scri-

164 2011 304 2044 bendum
327 2015 422 2054 puto:

246 2072 359 2104 »Unde
377 2083 435 2113 age
453 2070 640 2112 noctivagae
660 2071 718 2102 tibi
735 2070 876 2101 traditur
890 2069 977 2101 alitis
994 2069 1106 2101 usia-51²«

161 2135 287 2168 Bau-ru.
311 2135 372 2180 (ad
398 2134 481 2167 Stat.
500 2133 548 2175 11,
582 2147 615 2178 p.
631 2133 730 2178 404).
745 2151 793 2158 -·
826 2133 967 2175 Vulgata
996 2133 1113 2178 optime

162 2209 233 2230 sese
262 2198 368 2230 habet.
405 2197 463 2229 Λη.
488 2208 583 2239 quam
612 2195 747 2227 maxime
768 2196 1039 2228 accommodatum
1063 2200 1113 2227 est

162 2258 417 2300 interrogationi,
443 2270 525 2302 quae
549 2257 680 2288 alteram
696 2257 913 2301 respondendi
936 2258 1018 2290 viam
1041 2270 1113 2302 ape-

160 2319 219 2360 rit,
245 2321 437 2352 not-lividam
459 2324 564 2351 autem
586 2319 637 2350 vel
654 2319 727 2351 idco
751 2319 864 2352 melius
882 2320 1112 2365 appellabimus

161 2388 328 2423 noctuam,
354 2382 426 2427 quia
448 2383 488 2413 ad
510 2388 664 2415 nocturna
686 2383 790 2415 studia
815 2389 848 2416 et
873 2384 1111 2417 lucubrationes

162 2446 314 2486 refertur,
349 2445 383 2477 in
412 2445 529 2489 quibus
558 2458 625 2478 non
648 2452 713 2480 tam
740 2450 856 2493 vaqari
884 2461 980 2494 quam
1003 2450 1112 2483 videre

159 2511 306 2545 homines
329 2515 483 2554 oporteat.

235 2572 412 2619 saxificam]
441 2573 566 2608 Seneca
589 2574 700 2619 (Herc.
716 2576 777 2609 fur.
797 2577 900 2620 901)=

1237 705 1367 737 »Pallas
1389 706 1480 750 cujus
1509 707 1544 738 ίη
1571 707 1664 739 laeva
1689 710 1750 741 οἴει

1229 766 1330 811 Aeyis
1345 767 1468 810 feroces
1493 780 1545 800 ore
1561 769 1689 802 saxifico
1709 772 1839 803 miaemsa

1179 828 1283 861 Multo
1318 836 1422 863 tamen
1452 832 1570 864 rectius
1606 839 1716 865 noster
1746 836 1867 877 pectori
1896 835 2002 880 potius
2034 848 2130 881 cpiam

1180 892 1289 923 laevae
1307 892 1418 934 aegida
1439 893 1559 934 tribuit,
1591 907 1782 928 consensum
1802 902 1967 941 poetarum
1990 905 2129 931 secutus.

1179 955 1334 997 Virgilius
1358 955 1454 999 (Aen.
1474 959 1514 998 8,
1537 958 1639 1001 457)=

1236 1016 1489 1066 „Connexosque
1510 1031 1632 1064 «unques
1650 1022 1813 1069 ipsamque
1827 1022 1863 1054 in
1882 1027 2012 1067 pectore
2035 1022 2128 1054 diuae

1229 1078 1398 1123 Gorgona«
1423 1098 1471 1104 --
1486 1098 1534 1104 —--

1177 1149 1329 1182 Lucanus
1358 1151 1412 1195 (9,
1439 1151 1516 1195 58)ι

1327 1230 1375 1235 —
1393 1231 1440 1237 -—
1462 1229 1472 1242 »ι
1481 1214 1658 1263 bellumque
1687 1217 1825 1249 immane
1849 1217 1982 1250 deorum

1227 1275 1380 1308 Pallados
1400 1288 1417 1308 e
1442 1278 1546 1309 medio
1568 1280 1704 1322 confecit
1723 1286 1854 1325 pectore
1873 1282 2010 1327 Gorya«

1174 1349 1271 1382 Adde
1293 1352 1496 1395 Propertium
1530 1355 1583 1398 (2,
1617 1356 1660 1396 2,
1683 1356 1760 1400 60),
1784 1357 1951 1390 Valerium
1974 1357 2128 1390 Flaccum

1175 1412 1223 1455 (5,
1247 1412 1319 1455 88),
1341 1412 1479 1444 Statium
1498 1415 1612 1458 (Theb.
1630 1418 1670 1457 8,
1692 1417 1794 1460 519),
1820 1417 1936 1450 Silium
1956 1420 2003 1463 (9,
2025 1419 2126 1462 445),

1173 1473 1344 1507 Sidonium
1374 1476 1482 1519 (carm.
1510 1478 1572 1518 15,
1604 1480 1644 1518 83
1683 1492 1713 1522 p.
1731 1480 1804 1511 574
1828 1480 1955 1523 Sirm.),
1981 1481 2126 1525 aliosque

1173 1549 1267 1581 quam
1280 1537 1445 1582 plurimos.
1472 1539 1572 1571 Solus
1593 1541 1789 1573 Claudianus
1813 1543 1878 1586 (IV
1893 1555 1980 1577 conS.
1996 1544 2126 1578 Honor.

1174 1600 1259 1642 165)
1282 1599 1420 1643 clipeum
1449 1612 1520 1632 cum
1549 1602 1659 1643 aegide
1687 1603 1871 1636 confudisse
1896 1605 2038 1646 videtur,
2066 1606 2125 1638 sed

1169 1661 1349 1693 Pausanias
1371 1672 1500 1705 quoque
1520 1661 1573 1705 (1,
1594 1663 1659 1702 24,
1682 1664 1716 1705 7)
1733 1664 1888 1696 Medusae
1914 1672 2009 1710 caput
2031 1667 2124 1698 ebur-

1168 1735 1265 1755 neum
1289 1723 1453 1756 Minervae
1480 1724 1572 1766 signo
1598 1722 1697 1759 κατὰ
1722 1723 1766 1760 τὸ
1797 1725 1958 1773 στέρνον
1982 1728 2123 1761 additum

1166 1786 1267 1818 fuisse
1297 1786 1350 1818 ait.
1386 1787 1648 1820 Controversiam
1672 1794 1764 1821 notat
1789 1795 1822 1822 et
1841 1790 2025 1824 Wowerus
2051 1793 2121 1837 (po-

1166 1850 1297 1893 lymath.
1322 1851 1384 1891 10,
1414 1863 1447 1894 p.
1469 1851 1539 1894 72).

1240 1923 1401 1970 stupidet]
1435 1925 1568 1958 Minime
1594 1925 1648 1959 hie
1679 1927 1777 1959 verbo
1808 1930 1973 1972 stupz'clare
2003 1930 2121 1973 signifi-

1165 1992 1255 2018 catur
1284 1987 1486 2031 »frequenter
1515 1993 1680 2032 stupere«,
1723 1994 1759 2020 ut
1786 1989 1928 2023 Vossius
1957 1991 2009 2035 (de
2035 1993 2120 2024 vitiis

1165 2061 1258 2082 serm.
1283 2051 1323 2091 4,
1351 2049 1413 2094 26)
1437 2062 1455 2082 e
1486 2050 1649 2093 glossariis
1678 2053 1790 2084 refert:
1814 2054 1871 2086 sed
1894 2055 2003 2099 potius
2034 2061 2119 2088 »stu-

1162 2113 1274 2158 pidum
1295 2113 1467 2155 reddere«,
1497 2113 1531 2145 id
1558 2114 1645 2159 quod
1677 2115 1810 2148 inferior
1840 2118 1935 2150 etiam
1961 2119 2052 2151 locus
2076 2118 2117 2164 (ξ.

1164 2175 1250 2218 ¹725)
1275 2175 1448 2208 confirmat.
1475 2175 1581 2208 Simili
1605 2176 1728 2210 ratione
1753 2178 1851 2211 verbo
1875 2181 2038 2213 turbidare
2056 2192 2116 2224 pro

1164 2238 1342 2271 »turbidum
1384 2239 1533 2272 reddere«
1565 2246 1715 2273 monente
1745 2241 1923 2287 Stephanio
1945 2243 2005 2286 (ad
2037 2242 2114 2275 Sax-

1161 2312 1192 2345 p.
1202 2299 1262 2343 54)
1285 2312 1363 2332 usus
1392 2306 1442 2333 est
1461 2300 1551 2333 Saxo
1574 2301 1818 2335 Grammaticus.

1235 2375 1380 2423 sapiens]
1412 2377 1452 2410 In
1483 2378 1676 2411 membranis
1701 2379 1784 2412 clare
1811 2379 1958 2412 scribitur
1986 2382 2111 2424 sapien-

1162 2441 1217 2480 tis,
1259 2441 1348 2485 quod
1378 2453 1437 2483 ego
1470 2442 1510 2474 de
1545 2444 1737 2486 glossemate
1770 2443 1984 2476 introductum
2015 2450 2110 2488 puto,

1161 2509 1193 2538 et
1214 2503 1380 2549 scripsisse
1408 2505 1600 2539 Martianum

1219 2576 1332 2621 nQuocl
1350 2580 1503 2622 pavidum
1516 2581 1656 2625 stupide(
1676 2579 1778 2624 sapidi
1799 2579 1939 2613 sollertia
1958 2580 2102 2626 vulqus.-
