2310 2860
788 192 989 238 Martiani
1026 183 1226 247 Capellae
1262 187 1336 231 lib.
1360 186 1395 230 Ι.
1434 187 1552 240 521.

533 303 664 356 Quod
693 302 838 359 superi
868 300 1068 349 voluere,
1096 295 1214 348 licet3
1248 293 1303 336 de
1333 304 1502 351 pectore
1530 294 1626 337 fixis

532 385 789 440 Pracoptare
820 390 955 435 caret3
992 379 1027 420 si
1058 375 1164 435 quid
1188 376 1344 433 placet,
1377 385 1505 431 atque
1535 391 1703 419 necesse
1733 385 1805 418 est.

534 465 619 507 Sed
648 466 723 507 tibi
754 464 872 522 quod
901 460 1097 505 nondum
1127 459 1243 502 venit
1274 473 1480 501 mansura
1510 458 1727 511 voluntas,

263 609 401 657 pectore]
426 609 476 644 Ita
506 609 781 653 cantabrigiensis
811 609 930 643 codicis
956 608 1145 642 auctoritate

191 677 322 721 reposui
353 688 411 721 pro
436 674 593 708 Grotiano
621 681 760 718 pectora.
803 673 853 706 Dc
883 673 1146 718 interpretatione

192 739 288 781 hujus
311 737 435 782 periodi
454 742 502 769 tot
520 747 634 769 sensus
652 736 810 781 reperies,
832 741 911 779 quot
931 735 1042 779 capita.
1063 734 1146 768 vul-

191 802 301 835 canius
326 814 435 845 quum,
459 807 494 832 ut
514 801 599 845 apud
616 800 765 834 Grotium
785 805 845 840 est,
865 806 994 843 pectora
1014 799 1147 841 legeret,

190 864 287 895 verba
319 863 365 894 sic
397 862 568 904 colligebat
603 867 636 894 et
669 861 864 905 explicabat:
897 861 1008 893 »Licet
1043 866 1148 893 carcat

190 926 298 971 (inane
322 932 418 970 atque
446 926 560 957 inutile
590 925 643 969 sit)
667 930 857 969 praeoptare
879 923 1071 969 (bominum)
1092 936 1146 969 pc-

191 994 279 1021 ctora
304 988 343 1019 de
367 988 438 1019 fixis
462 987 516 1031 (de
537 987 576 1018 iis
602 998 684 1030 quae
707 986 895 1017 immutabili
920 986 1014 1018 modo
1039 986 1146 1030 dispo-

191 1049 251 1081 sita
275 1049 383 1093 simt),
413 1055 518 1080 tamen
543 1048 630 1091 quod
653 1047 741 1091 (diis)
766 1047 872 1092 placet
894 1060 1027 1080 nccesse
1047 1053 1096 1079 est
1113 1053 1148 1079 ut

188 1113 272 1144 fiat.«
323 1112 446 1145 Contra
472 1111 627 1143 Bai-thius
661 1110 707 1154 (in
738 1111 860 1142 advers.
890 1125 921 1155 p.
946 1111 1052 1156 847),
1088 1122 1146 1155 pro

190 1178 262 1209 licet
294 1176 492 1208 substituens
516 1177 635 1222 liquet,
666 1187 796 1206 sensum
820 1176 905 1207 hune
929 1187 1001 1207 esse
1027 1176 1144 1207 voluit:

197 1240 333 1283 „Liquet
357 1240 444 1283 quod
464 1239 594 1270 volucre
627 1238 686 1277 dii,
718 1244 849 1281 pectora
872 1239 911 1269 de
937 1237 1062 1281 placitis
1087 1238 1150 1271 sihi

189 1308 389 1345 praeoptare,
415 1300 512 1332 dubio
535 1299 628 1343 quasi
650 1304 742 1339 voto,
767 1310 833 1331 non
853 1299 1025 1342 indigent«
1057 1299 1148 1333 Von-

190 1365 279 1397 chius
302 1370 408 1396 autem
430 1363 492 1407 (sp.
517 1375 559 1395 cr.
581 1376 612 1407 p.
633 1362 694 1405 80)
719 1362 784 1405 legi
805 1363 921 1404 jussit:

245 1427 361 1469 „Quod
381 1427 491 1469 superi
511 1426 639 1457 volnere
664 1425 753 1456 licet:
771 1425 810 1456 de
830 1431 957 1467 pectore
974 1424 1052 1468 fixis

239 1489 438 1530 Praecplare
456 1493 543 1518 caret
557 1488 587 1517 si
603 1486 688 1531 quod
700 1486 805 1528 placet
819 1492 916 1532 atque
933 1498 1060 1519 necesse
1074 1492 1145 1520 est«

188 1548 385 1580 Arntzcnius
408 1547 545 1590 denique
570 1546 670 1589 (misc.
686 1558 716 1590 p.
738 1545 825 1589 205)
844 1551 948 1578 totum
970 1547 1077 1581 locum
1102 1550 1147 1582 ita

188 1611 447 1653 distinguendum
467 1609 695 1641 arbitrabatur:

238 1690 286 1696 —-
312 1691 359 1696 —
381 1673 452 1704 »vel
474 1683 545 1714 spes
565 1672 689 1702 incerta
708 1669 849 1713 fatique,-

237 1736 283 1769 Λι
307 1736 396 1767 nobis
417 1735 578 1778 praescire
602 1745 740 1765 vacuum
761 1739 818 1766 est.
860 1733 1032 1766 cunetatio
1056 1734 1147 1767 »lulla

589 1802 655 1835 est,

243 1859 337 1901 Quod
358 1859 467 1901 superi
486 1858 634 1896 voluere,
661 1858 732 1889 licet
753 1857 791 1889 de
814 1863 940 1900 pectore
960 1856 1048 1900 fixis.

238 1922 436 1964 Praeoplare
459 1927 564 1960 caree,
587 1923 617 1953 si
637 1922 723 1968 quod
745 1922 868 1965 placet,
899 1928 996 1968 alque
1017 1932 1146 1954 necesse

592 1991 666 2017 esta«

188 2045 376 2082 Sententia,
400 2046 523 2089 inquit,
547 2051 613 2077 est:
635 2045 750 2078 „Nulla
773 2051 823 2078 cst
841 2047 1000 2080 cunetatio
1024 2059 1143 2088 eorum,

189 2120 270 2153 quac
295 2109 418 2152 superis
444 2110 609 2153 placuere.
636 2110 711 2142 lieet
735 2110 799 2142 sint
824 2123 864 2142 cx
886 2111 946 2151 iis,
971 2123 1053 2156 quae
1072 2112 1143 2155 quis

188 2175 318 2214 pectore
337 2182 394 2202 suo
417 2171 503 2212 fixit,
527 2177 622 2215 atquc
637 2172 814 2215 proposuit.
835 2172 910 2204 Non
932 2184 1012 2217 opus
1029 2173 1144 2217 aliquis

189 2231 286 2263 habet
307 2238 511 2275 praeoptare,
544 2233 571 2264 si
596 2233 705 2264 statim
731 2245 863 2265 necesse
895 2234 951 2275 sit,
983 2241 1017 2266 ut
1038 2235 1071 2266 id
1090 2235 1145 2266 fiat

190 2295 277 2339 quod
301 2294 428 2339 placuit.
472 2295 540 2327 Cur
575 2296 659 2328 cuim
689 2296 722 2328 id
750 2302 890 2340 optaret.
924 2298 1010 2341 quod
1035 2310 1074 2328 ex
1098 2298 1145 2331 rei

189 2356 381 2389 necessitate
407 2355 476 2387 ficri
510 2357 683 2389 deberem«
734 2358 825 2390 llaec
858 2358 931 2398 ille,
968 2359 1044 2390 mihi
1068 2371 1145 2393 vero

190 2418 225 2449 in
259 2417 443 2449 universum
473 2418 642 2450 verborum
673 2430 788 2450 sensus
818 2420 869 2453 hie
897 2432 968 2452 esse
1002 2421 1145 2453 videtur.

197 2482 404 2513 ..futurorum
417 2481 544 2523 ignaros
557 2482 700 2515 homines
718 2483 809 2516 anxia
826 2496 924 2527 quum
936 2497 1010 2516 cura
1025 2485 1145 2527 fatigat,

194 2544 213 2574 ii
232 2544 360 2587 quidem
376 2543 575 2584 consultaut3
603 2556 662 2575 nos
686 2551 791 2577 autem
811 2547 1019 2590 praescimus.
1047 2547 1146 2590 Quod

195 2605 303 2648 superi
322 2605 462 2646 voluere,
486 2604 579 2646 licet,
604 2617 708 2651 neque
730 2607 775 2639 eis
793 2619 873 2653 opus
891 2613 940 2641 est
956 2614 1144 2655 praeoptare

1196 607 1236 640 de
1260 606 1299 639 iis
1317 617 1398 652 quac
1420 611 1550 650 pectore
1572 605 1634 637 fixa
1660 608 1744 637 sunt.
1777 602 1815 637 Si
1837 603 1915 648 quid
1942 602 2026 635 enim
2047 602 2152 647 placet

1197 669 1361 716 (superis),
1387 669 1493 701 statim
1515 668 1565 712 (ut
1585 668 1652 712 fiat)
1673 679 1807 701 neeesse
1833 674 1910 702 est.«
1943 666 2152 710 Singulorum

1196 733 1338 765 rationes
1362 732 1428 764 suis
1453 731 1533 763 locis
1555 730 1688 762 reddidi.

1271 800 1461 839 praeoptare
1486 791 1586 837 caret]
1613 791 1794 824 Infinitivus
1817 797 2006 836 praeoptare
2025 790 2151 824 Graeco

1198 870 1286 891 more
1309 865 1359 891 est
1378 869 1436 902 pro
1461 857 1670 889 substantivo.
1704 855 1830 888 Similia
1849 855 1994 900 exempla
2011 860 2085 900 pete
2113 866 2154 886 ex

1198 923 1284 954 notis
1305 922 1344 954 ad
1359 922 1487 953 Livium
1506 920 1581 964 (57,
1596 922 1655 960 55,
1674 921 1695 952 5
1719 925 1751 951 ct
1772 921 1833 959 40,
1862 920 1921 959 47,
1946 917 1999 961 5),
2023 919 2153 963 copiose

1197 982 1388 1015 Vechncrus
1414 982 1596 1027 (Hellenol.
1625 982 1663 1013 L.
1681 983 1713 1015 1.
1741 981 1780 1014 P.
1800 981 1832 1013 2.
1865 993 1893 1013 c.
1917 980 1991 1025 10).
2028 979 2153 1014 Aimrz.

1198 1046 1300 1090 (mise.
1324 1060 1354 1091 p.
1377 1047 1450 1079 205
1477 1046 1511 1090 f.)
1526 1066 1573 1071 —
1592 1045 1706 1078 Addas
1729 1045 1824 1077 velim
1839 1044 2011 1077 Horatium
2034 1044 2101 1088 (od.
2121 1045 2154 1084 1,

1198 1110 1232 1151 2,
1257 1111 1290 1142 8.
1319 1112 1350 1151 1,
1378 1110 1438 1151 25,
1463 1110 1517 1154 9),
1546 1109 1737 1142 Ciceronem
1761 1109 1905 1154 (Tuscul.
1923 1110 1955 1150 1,
1977 1107 2056 1153 26),
2079 1108 2154 1140 Vir-

1198 1174 1309 1217 gilium
1324 1172 1422 1218 (Acn.
1437 1175 1469 1215 1,
1485 1173 1583 1218 527),
1595 1174 1850 1218 Quinctilianum
1866 1170 1914 1218 (9,
1931 1174 1966 1214 5,
1981 1173 2054 1217 9-p.
2066 1170 2154 1215 455)

1198 1243 1232 1270 et
1255 1236 1444 1281 Scioppium
1469 1238 1516 1281 (in
1536 1249 1664 1279 gramm.
1685 1237 1866 1281 philosoph.
1892 1249 1923 1281 p.
1943 1238 1988 1268 15
2007 1235 2129 1278 11e1·z.).

1275 1297 1366 1345 quid]
1393 1298 1443 1330 Ita
1467 1299 1598 1342 reposui
1621 1310 1679 1343 pro
1702 1297 1859 1331 Grotiano
1884 1298 1978 1345 quod.
2003 1296 2079 1330 Non
2103 1308 2153 1328 so-

1198 1358 1265 1392 lum
1293 1360 1377 1392 enim
1398 1360 1569 1401 llugianus
1595 1365 1627 1391 et
1643 1360 1856 1392 Monacenses
1879 1359 2006 1391 codices
2027 1357 2080 1402 (C.
2098 1357 2155 1402 G.)

1198 1421 1363 1454 meliorem
1392 1421 1479 1452 illam
1509 1421 1680 1452 lectionem
1712 1421 1888 1464 praebent,
1930 1420 1987 1451 scd
2019 1420 2053 1452 in
2084 1419 2154 1451 aliis

1198 1484 1293 1516 etiam
1318 1485 1410 1517 libris
1439 1485 1565 1528 scriptis
1589 1484 1634 1517 sic
1659 1483 1740 1526 legi,
1771 1484 1812 1516 ad
1837 1484 2011 1526 marginem
2027 1483 2153 1518 Nurim-

1197 1547 1365 1591 hergensis
1390 1548 1464 1579 libri
1491 1553 1678 1579 annotatum
1702 1547 1776 1578 vidi.

1273 1608 1383 1656 atque]
1411 1609 1485 1641 Hoc
1509 1613 1559 1640 est
1590 1610 1722 1647 statim,
1759 1607 1914 1652 exemplis
1943 1620 1960 1639 a
1986 1608 2094 1641 Nonio
2121 1609 2154 1641 in

1197 1670 1336 1701 medium
1354 1669 1447 1702 datis.
1478 1669 1602 1702 »Simul
1626 1675 1660 1701 ut
1684 1669 1761 1714 quid
1785 1670 1890 1713 placet
1912 1669 1946 1701 id
1966 1670 2038 1702 ficri
2057 1671 2154 1703 etiam

1196 1743 1329 1779 necesse
1356 1738 1433 1764 cst«
1474 1731 1644 1765 Sententia
1671 1731 1783 1763 similis
1807 1732 1892 1776 apud
1916 1731 2106 1765 Ciceronem
2129 1735 2152 1766 5

1197 1793 1236 1824 dc
1259 1799 1323 1825 nat.
1339 1793 1489 1824 deorum:
1519 1793 1624 1825 »Nihil
1648 1798 1697 1826 est
1720 1794 1807 1837 quod
1831 1794 1911 1825 deus
1938 1794 2064 1827 efficere
2087 1807 2153 1827 nou

1196 1857 1300 1901 possit
1315 1864 1348 1889 ct
1365 1858 1494 1901 quidem
1510 1857 1579 1889 sinc
1600 1857 1710 1889 labore
1728 1857 1821 1889 ullo.«
1856 1857 1993 1890 Ovidius
2013 1858 2151 1903 (metam.

1196 1921 1236 1958 8,
1263 1918 1366 1962 822):
1383 1918 1554 1963 »quicquid
1576 1919 1683 1963 superi
1707 1919 1854 1960 volucre,
1884 1926 2046 1965 peractum
2068 1927 2145 1954 cst-0¹

1196 1983 1331 2027 Capella
1356 1994 1432 2015 vero
1466 1982 1532 2013 suis
1561 1982 1721 2027 expressit
1749 1983 1788 2014 de
1813 1984 1943 2016 Venere
1966 1985 2063 2017 rerba
2082 1984 2151 2030 Ap-

1195 2044 1296 2089 puleji
1318 2044 1389 2076 libr.
1406 2045 1447 2077 4:
1478 2044 1583 2077 »Ecce
1605 2044 1672 2086 jam
1690 2045 1841 2088 profundi
1864 2046 1959 2078 maris
1979 2046 2043 2078 udo
2064 2058 2151 2079 rese-

1195 2109 1241 2140 ‹lit
1262 2108 1381 2140 vortice
1399 2112 1431 2139 ct
1447 2107 1552 2151 ipsum
1569 2108 1656 2151 quod
1677 2108 1788 2153 incipit
1807 2109 1888 2141 velle
1910 2112 2034 2149 statim,
2057 2111 2150 2153 quasi

1194 2171 1318 2216 pridem
1346 2171 1565 2215 praeceperit,
1599 2183 1664 2202 non
1697 2178 1839 2204 moratur
1870 2172 2026 2203 marinum
2057 2174 2149 2205 obse-

1195 2233 1332 2277 quiuma«
1385 2232 1436 2263 De
1466 2238 1563 2280 atque
1597 2233 1741 2276 exempla
1775 2233 1872 2264 habes
1897 2234 1982 2277 apud
2007 2234 2149 2268 Gellium

1194 2295 1264 2327 libr.
1288 2295 1343 2327 10.
1369 2305 1395 2325 c.
1417 2294 1484 2334 29,
1519 2294 1716 2326 Palmcrium
1741 2293 1944 2337 Spieilcgiis,
1975 2294 2013 2328 L.
2037 2296 2147 2330 Cario-

1195 2371 1268 2391 uem
1297 2357 1467 2389 Emendat.
1495 2357 1533 2389 L.
1561 2358 1593 2388 2.
1625 2369 1650 2389 c.
1676 2357 1740 2397 123
1773 2369 1854 2400 «luae
1884 2358 2024 2392 indicare
2043 2360 2147 2403 juvat,

1195 2434 1261 2454 non
1285 2432 1469 2464 recoquere.
1494 2420 1621 2452 Barim,
1647 2419 1783 2464 (advers.
1809 2434 1839 2465 p.
1857 2422 1940 2454 848.
1966 2423 2146 2468 1241.)—

1194 2484 1245 2517 De
1261 2482 1416 2527 particula
1426 2488 1522 2529 atque
1531 2482 1623 2525 plura
1639 2481 1727 2513 dabit
1738 2481 1942 2515 Burmannus
1956 2484 1997 2516 ad
2008 2485 2145 2518 Phaedr.

1198 2549 1236 2588 1,
1269 2548 1324 2578 16.
1346 2546 1474 2579 Voxcx.
1503 2546 1601 2590 (spec.
1632 2545 1728 2577 critic.
1760 2559 1791 2590 p.
1818 2547 1889 2592 80).
1907 2568 1955 2573 —
1985 2549 2085 2581 Plura
2113 2555 2145 2581 et

1193 2609 1318 2643 Parcus
1333 2606 1366 2640 iu
1379 2607 1481 2640 lexico
1501 2607 1568 2639 crit.
1582 2619 1612 2652 p.
1626 2607 1708 2649 125,
1729 2613 1760 2640 ct
1775 2608 1871 2641 Drak.
1889 2609 1928 2640 ad
1937 2609 2006 2642 Liv.
2018 2611 2143 2650 27‚21.
