2310 2860
202 140 290 183 582
774 135 972 177 Martiani
1003 133 1202 190 Capellae
1232 133 1304 174 lib.
1324 131 1399 174 IV.
1431 133 1589 185 §.ll-241.

512 244 636 300 Mage
668 258 800 299 quam
837 241 1072 285 crediderat
1103 241 1323 297 vipeream
1353 253 1527 282 noscere
1558 251 1709 298 posset,

515 327 570 368 Et
599 327 710 368 iners
741 325 925 366 Marsica
952 322 1122 364 dudum
1152 319 1272 362 fieret
1301 322 1623 378 praestigiatrix,

471 396 474 400 ’
514 408 668 461 Neque
699 422 770 448 me
801 404 1058 460 conspiceret
1086 401 1353 444 somnificam
1382 403 1452 444 vel
1483 403 1760 445 temulentam

512 489 628 529 Loca
661 488 821 544 passim
850 485 1129 527 blaterantem
1159 485 1394 528 Jovialibus
1423 487 1504 528 sub
1535 486 1631 528 oris.

515 569 685 611 Tamen
713 568 787 610 uni
817 568 1118 610 famulandum
1150 576 1209 608 est
1238 567 1333 619 tibi,
1368 568 1509 623 virgo3
1547 568 1787 609 reticemus.

205 675 320 716 Haec
351 675 491 718 dicens
522 676 640 718 velut
672 690 863 732 repressa
894 675 1114 727 conticuit,
1160 675 1495 731 compluresque
1534 689 1630 716 eam
1664 673 1891 727 divorum,
1939 675 2015 731 qui
2051 674 2158 717 inter

204 756 319 797 initia
347 756 600 808 deriserant,
639 756 912 799 horruerunt.

204 888 335 920 dixerat.
346 888 448 922 Gnor.
462 908 508 913 —
530 890 648 923 Dolere
667 903 726 935 pro
749 891 872 930 dolore,
898 889 986 935 quod
1002 890 1036 923 in
1057 889 1150 924 editis
1203 889 1490 933 manuscriptorum
1513 888 1610 922 lectio
1634 889 1702 922 loca
1730 895 1853 930 tuctur,
1884 889 1970 934 quod
1996 890 2023 921 si
2050 901 2158 923 revera

203 954 284 992 erat,
311 963 351 983 cx
375 952 623 985 Darmstattensi
647 953 756 985 codice
778 952 916 998 reposui.
1203 964 1221 984 a
1237 952 1397 986 Martiano
1422 952 1600 997 profectum
1617 957 1683 993 est,
1707 952 1800 984 metri
1823 952 2014 985 necessitate
2041 953 2158 985 dictum

271 1011 352 1058 loca]
379 1012 489 1047 Malim
506 1016 593 1059 joca.
620 1014 768 1048 Eundem
795 1028 934 1048 errorem
955 1016 989 1048 in
1005 1015 1151 1049 Florido-
1203 1020 1253 1048 est
1277 1027 1335 1059 pro
1353 1016 1445 1047 locos.
1468 1014 1583 1059 Neque
1605 1014 1689 1046 enim
1707 1015 1775 1046 loca
1795 1014 1853 1046 sed
1875 1015 1937 1047 Ioci
1958 1014 2158 1060 appellantur

202 1085 271 1105 rum
289 1074 370 1107 libro
388 1077 410 1108 5
435 1076 654 1109 animadvertit
669 1077 881 1111 stewechius.
892 1078 1052 1111 Gnor.—
1066 1079 1151 1111 Vide
1203 1079 1467 1124 philosophorum
1491 1084 1524 1109 et
1547 1084 1707 1110 oratorum
1726 1083 1922 1119 argumenta.

202 1134 399 1179 Appulcjum
425 1138 488 1181 (op.
509 1138 551 1169 11.
577 1151 607 1182 p.
626 1140 674 1171 65
699 1139 784 1171 Oud.
808 1139 916 1184 ibique
936 1139 1028 1182 noh).
1059 1139 1152 1172 Atta·
1278 1142 1338 1172 sub
1359 1138 1435 1184 oris]
1454 1140 1504 1171 Ita
1518 1139 1625 1172 Grotii
1640 1140 1741 1171 codex
1763 1139 1892 1171 omniuo
1908 1138 2021 1171 melius
2028 1162 2038 1180 ,
2063 1151 2156 1183 quam

202 1209 275 1229 men
291 1199 467 1231 communis
484 1200 624 1241 omnium
639 1200 792 1233 librorum
808 1206 871 1233 tam
887 1201 1043 1234 editorum
1058 1214 1154 1246 quam
1204 1203 1323 1235 editum
1346 1203 1531 1234 »subm-sim
