2310 2860
104 1148 195 1191 (546

216 140 303 182 528

790 135 988 177 Martiani
1028 134 1227 191 Capellae
1256 135 1329 178 lib.
1352 135 1427 177 VI.
1459 137 1488 186 ᾗ.
1512 137 1615 177 645.

218 246 429 295 Sardinia,
476 257 500 284 a
538 241 670 283 Sardo
708 241 792 282 filio
827 242 1021 283 Herculis
1063 242 1293 298 appellata,
1346 241 1474 283 habet
1507 242 1691 284 formam
1723 243 1938 286 humanae
1970 247 2157 302 plantae;

219 329 402 382 denique
441 324 698 366 Sandaliotes
739 334 799 365 est
832 324 1040 380 appellata
1080 333 1120 365 et
1155 324 1369 375 Ichnusa,
1410 323 1526 378 quod
1558 324 1759 380 utrinque
1790 325 1950 380 vestigii
1979 327 2163 368 formam

218 408 361 461 signat.
407 405 572 447 Verum
606 405 657 445 ab
696 406 854 445 oriente
893 415 1061 445 centum
1102 405 1307 459 octoginta
1349 413 1440 444 octo
1473 404 1660 444 millibus
1691 414 1822 460 patet,
1869 405 1921 445 ab
1953 406 2163 448 occidente

220 494 388 525 centum
431 484 689 539 septuaginta
732 485 944 538 quinque,
998 499 1020 525 a
1065 485 1240 525 meridie
1280 486 1540 541 septuaginta
1579 496 1762 541 septem,
1819 502 1842 528 a
1883 487 2161 542 septentrione

220 576 387 608 centum
424 566 568 620 viginti
606 566 798 620 quinque
835 565 966 605 millia
1003 565 1151 617 habet3
1197 580 1218 606 a
1254 566 1487 607 Gorditano
1520 569 1809 622 promontorio
1855 568 2012 608 insulas
2042 567 2162 619 duas,

223 662 333 702 quae
371 646 565 687 Herculis
612 655 925 697 memorantur,
972 661 995 687 a
1034 647 1220 688 Sulcensi
1261 648 1448 699 Enusin,
1493 663 1516 688 a
1558 648 1797 689 Caralitano
1835 648 2045 690 Ficariam
2078 648 2168 688 Ga-

220 728 453 783 latamque.
510 727 696 777 Quidam
737 728 836 768 item
881 743 965 768 non
1003 728 1125 784 longe
1169 729 1383 770 Balaridas
1429 728 1593 780 dicunt,
1647 738 1686 769 et
1717 728 1910 779 Callode,
1957 738 1996 769 et
2033 728 2168 769 Heras

221 808 345 849 lutra.

407 809 561 849 Contra
592 810 844 850 Paestanum
875 810 1079 850 Leucasia
1112 819 1191 861 est,
1236 824 1259 850 a
1291 810 1436 850 Sirene
1471 809 1527 849 ibi
1558 809 1721 864 sepulta
1753 810 1992 861 nominata3
2024 818 2167 850 contra

221 888 390 930 Veliam
426 889 694 944 Oenotride53
731 900 874 932 contra
904 890 1118 933 Vibonem
1149 891 1379 933 Ithacesiae
1411 891 1464 932 ab
1495 890 1661 946 Ulyssis
1692 890 1865 946 specula
1894 890 2041 932 dictae.

1023 1049 1101 1090 DE
1145 1048 1365 1090 SICILIA.

396 1151 505 1192 Hinc
536 1152 673 1194 Sicilia
703 1153 1001 1204 memoranda,
1043 1169 1153 1208 quae
1184 1170 1208 1195 a
1238 1154 1496 1209 Thucydide
1523 1154 1706 1205 Sicania,
1739 1167 1762 1194 a
1782 1153 1926 1194 multis
1950 1153 2173 1194 Trinacria

225 1231 484 1289 perhibetur.
527 1234 691 1275 Sicania
729 1249 753 1275 a
784 1235 932 1275 Sicano
964 1251 1081 1290 rege,
1126 1235 1200 1290 qui
1233 1249 1329 1274 cum
1369 1234 1533 1274 Iberioa
1567 1249 1699 1274 manu
1726 1236 1768 1274 in
1808 1233 1986 1274 eandem
2014 1243 2172 1274 terram

225 1325 320 1357 ante
359 1315 469 1356 bella
510 1316 698 1370 Trojana
737 1316 951 1371 pervenit3
1006 1316 1160 1356 dehine
1200 1313 1366 1354 Siculus
1404 1313 1592 1367 Neptuni
1637 1312 1773 1363 filius,
1827 1327 1850 1353 a
1894 1328 1981 1367 quo
2018 1327 2175 1354 nomen

224 1445 411 1476 Ptolemaeo
429 1456 555 1488 quoquc
575 1443 775 1483 Φίντωνος
790 1443 920 1489 νῆσος.
951 1443 1088 1476 Codices
1106 1443 1174 1474 Mo-

226 1518 379 1538 nacenses
402 1504 456 1550 (Α.
483 1506 524 1548 C)
548 1512 580 1537 et
604 1506 876 1537 Reiclienauensis
900 1507 1037 1538 Pitonis.

305 1569 454 1614 [elimasa]
482 1570 567 1602 Vide
589 1570 729 1600 Plinium
750 1576 781 1600 et
806 1569 962 1601 Solinum.
990 1568 1106 1600 Silius:

274 1631 388 1662 Insula
411 1632 581 1674 fluctisono
606 1632 767 1678 quondam
789 1632 909 1661 vallata
928 1631 1108 1673 profundo,

279 1692 466 1736 Custiyatur
487 1695 601 1739 aquis,
627 1704 865 1739 compressaque
884 1694 1011 1735 anyite
1032 1697 1135 1722 terras

280 1756 436 1788 Enormcs
461 1758 581 1788 cohibet
600 1757 706 1787 nudae
723 1758 781 1787 sub
806 1758 950 1800 nmryinc
977 1756 1010 1800 (l.
1028 1753 1177 1797 imagine)

626 1819 774 1861 plantae,

287 1878 378 1912 Unde
400 1882 541 1913 Ichnusa
568 1884 659 1925 prins
686 1882 796 1925 Grajis
820 1887 995 1913 memorata
1023 1882 1172 1912 coloniis.-

234 1938 436 1973 Sandaliotes
455 1949 558 1974 autem
577 1956 593 1974 a
609 1943 751 1974 sandalio
773 1943 975 1975 calceamenti
997 1955 1113 1985 genere
1134 1942 1179 1974 di-

235 2002 325 2036 citur.
351 2004 425 2037 Ilne
447 2007 520 2036 facit
544 2012 575 2037 ct
597 2007 808 2038 Claudianus:

292 2082 303 2096 υ
313 2067 482 2099 Humanae
505 2073 638 2112 speciem
658 2071 787 2112 plantae
812 2072 943 2101 simzosa
961 2070 1081 2113 fiqurat

284 2132 417 2170 Insula,
447 2131 631 2163 Sardiniam
652 2138 774 2164 veteres
799 2134 909 2164 dixere
933 2135 1063 2164 colonia«

237 2193 397 2226 Gnor.—
423 2196 564 2226 Ichnusa
586 2196 714 2238 reposui
737 2202 864 2227 auctore
881 2197 1013 2236 Grotio,
1037 2196 1091 2239 qni
1113 2208 1182 2228 eam

238 2256 405 2287 lectionem
422 2257 454 2287 in
471 2256 610 2297 margine
634 2257 770 2295 notavit3
800 2259 894 2299 vulgo
916 2259 1072 2301 Siynosn,
1097 2258 1184 2301 quod

237 2317 290 2349 vix
315 2318 450 2349 arbitror
475 2319 542 2349 sore
564 2318 618 2361 qni
642 2330 681 2348 ex
699 2318 852 2349 vocabulo
874 2322 998 2362 siquae,
1022 2320 1108 2363 quod
1136 2331 1183 2350 se-

238 2379 363 2422 quitur,
395 2379 553 2410 defendat.
578 2375 780 2423 ’Ῐχνοῦὄαν
806 2382 943 2424 appellat
960 2388 992 2412 et
1008 2381 1186 2412 Pausanias

238 2441 311 2483 (10,
331 2441 387 2475 17„
405 2441 452 2482 2),
480 2436 556 2474 »ὅτι
572 2437 617 2474 τὸ
639 2440 773 2485 σχῆμα
794 2442 874 2475 καί
889 2443 1002 2487 ἴχνος
1024 2438 1187 2486 μάλιστά

241 2502 343 2536 ἐστιν
372 2498 623 2548 ἀνθρώπουῑα
668 2502 792 2533 Plinius
816 2505 867 2547 (5,
892 2506 966 2547 15)=
989 2505 1187 2537 »Sardiniam

242 2567 343 2610 ipsam
365 2566 514 2599 Timaeus
533 2567 746 2601 sandaliotim
769 2569 939 2612 appellavit
962 2570 1000 2601 ab
1017 2570 1118 2612 effigie
1140 2581 1189 2602 so-

1226 1442 1323 1474 leae«
1359 1441 1533 1474 Sallustius
1555 1442 1599 1485 (in
1617 1443 1725 1483 fragm.
1744 1455 1774 1485 p.
1788 1443 1860 1475 255
1883 1441 1985 1486 Bip.)=
2010 1442 2177 1475 »Sardinia

1227 1506 1260 1538 in
1277 1505 1387 1538 Africo
1407 1506 1484 1537 mari
1507 1506 1585 1537 facie
1606 1506 1731 1547 vestigii
1751 1506 1909 1538 lnnnanL«
1942 1506 2111 1538 Claudiani
2131 1506 2177 1537 lo·

1227 1580 1284 1599 cus
1307 1574 1356 1599 est
1377 1568 1409 1599 in
1434 1568 1571 1599 carmine
1597 1568 1636 1598 dc
1660 1568 1745 1599 bello
1774 1567 1945 1599 Gildonico
1971 1567 2080 1611 (507).
2111 1568 2177 1599 Pro

1227 1633 1380 1677 utrinque
1406 1631 1507 1662 codex
1533 1630 1805 1661 Reielicnauensis
1825 1637 2014 1677 utrumque,
2040 1629 2131 1661 male.

1302 1692 1449 1737 Enusin]
1477 1692 1667 1725 Antei-iores
1688 1695 1832 1732 Εηοείη,
1855 1692 2058 1725 Monacensis
2077 1692 2179 1724 codex

1228 1754 1286 1800 (A)
1311 1756 1472 1786 Ennsina.

1304 1815 1490 1860 Dalm-idas]
1520 1815 1658 1847 Codices
1675 1816 1950 1847 Reiclienanensis
1964 1821 1996 1847 et
2010 1816 2180 1848 Monacen-

1230 1891 1282 1911 ses
1310 1879 1368 1923 (Α.
1397 1879 1444 1922 C)
1476 1881 1661 1918 Liberidas,
1694 1880 1959 1910 Darmstattensis
1995 1879 2181 1917 Leberides,

1230 1953 1339 1983 margo
1367 1941 1521 1973 Grotiana
1546 1942 1745 1980 cheriaelas,
1769 1941 1944 1984 eademque
1973 1941 2106 1973 Gallode
2123 1951 2181 1983 pro

1231 2004 1370 2036 Callode.
1397 2004 1447 2034 De
1466 2002 1549 2033 veris
1575 2003 1738 2034 nominum
1762 2002 1872 2033 formis
1887 2003 2022 2044 judicari
2039 2013 2102 2033 non
2127 2012 2181 2044 po-

1231 2070 1312 2105 1est3
1336 2064 1461 2095 Plinius
1485 2065 1653 2095 Bet-elidas
1678 2070 1710 2094 et
1740 2064 1899 2095 Collodem
1923 2063 2071 2105 appellat.

1305 2125 1483 2170 Iena-asia]
1517 2127 1584 2157 Alii
1610 2127 1799 2157 Leucosiam
1823 2126 1992 2168 appellant.
2024 2124 2183 2156 Cellarius

1233 2189 1284 2233 (T.
1306 2188 1339 2227 Ι,
1364 2200 1393 2230 p.
1409 2188 1499 2229 954)
1514 2188 1645 2218 eandem
1668 2191 1777 2218 censet
1793 2198 1863 2216 cum
1881 2186 2074 2224 Leucothea,
2103 2198 2184 2230 quae

1235 2263 1331 2295 supra
1364 2256 1609 2282 commemorata
1638 2255 1703 2289 cst3
1745 2248 1802 2279 scd
1834 2254 1945 2279 noster
1968 2248 2108 2280 Plinium
2135 2260 2184 2281 se·

1235 2314 1352 2358 quitur.

1308 2375 1453 2421 Sicania]
1481 2376 1572 2408 Haec
1595 2387 1723 2420 qnoque
1746 2388 1785 2407 ex
1801 2376 1908 2407 Plinio
1925 2375 1973 2419 (5,
1994 2375 2071 2419 M);
2098 2377 2185 2408 Thu-

1236 2441 1381 2484 cydidem
1407 2440 1490 2471 enim
1514 2441 1550 2483 (G
1576 2440 1659 2483 init.)
1687 2440 1878 2472 Martianum
1904 2439 2022 2480 legisse
2045 2439 2099 2471 vix
2121 2451 2185 2471 crc-

1239 2504 1335 2535 dibile
1359 2508 1416 2534 est.
1444 2503 1595 2535 Ceterum
1619 2503 1699 2534 adde
1722 2503 1870 2535 Solinum
1893 2503 1946 2545 (5,
1973 2501 2008 2544 7)
2031 2507 2062 2535 ct
2085 2502 2185 2535 Isido-

1240 2580 1310 2600 rum
1336 2568 1443 2611 (etym.
1464 2567 1526 2608 M,
1549 2568 1588 2608 (ι’,
1617 2568 1684 2606 523
1711 2579 1740 2611 p.
1762 2568 1830 2598 178
1853 2564 1973 2607 Areia).
