2310 2860
120 1181 207 1223 915

793 170 995 213 Martiani
1026 167 1228 224 Capellae
1257 165 1329 207 lib.
1358 164 1439 206 IX.
1469 167 1502 218 §.
1525 165 1632 208 914.

637 281 803 322 Natura
834 277 999 317 honoro
1035 273 1210 330 protulit
1239 272 1401 327 fastigio

636 359 835 401 Phoebea
866 372 970 399 vero
1005 354 1249 412 praeferens
1280 352 1512 394 voeabula:

638 440 776 482 Pallas
809 453 986 480 corusca
1020 451 1067 477 ac
1096 435 1249 477 decens
1278 435 1434 478 Lato‘l'a

638 523 814 564 Lunare
847 520 1008 575 quippe
1042 517 1124 558 hac
1154 517 1270 558 venit
1300 517 1583 568 consortium,

637 600 924 644 Phaethontos
955 598 1108 639 ardens
1138 596 1309 638 scandet
1343 611 1467 637 axem
1500 596 1664 637 Delius.‘

639 682 768 724 Nunc
803 695 879 722 vos
910 678 1054 736 pudici
1085 687 1228 719 nostra
1261 679 1411 720 fratres
1444 679 1632 720 culmina

642 763 856 805 Precabor
886 761 999 817 ipsa,
1038 775 1091 801 ne
1122 758 1331 800 verendos
1368 759 1622 800 contrahant

641 844 801 886 Vultus
831 843 1026 898 jugandis
1058 856 1170 897 quae
1203 841 1379 882 serenda
1411 842 1622 893 carmina,

641 925 905 980 Hymenque
935 925 1131 965 nostrum
1162 923 1337 965 invehat
1370 923 1611 976 fastidium3

643 1006 852 1047 Psallente
882 1005 1043 1061 plectro
1076 1006 1351 1046 concinentur
1381 1005 1578 1061 nuptiae,

644 1086 915 1143 Fidibusque
946 1086 1051 1128 luxa
1080 1088 1344 1152 Fescennina
1376 1086 1583 1142 prodient.

815 1182 910 1222 Jam
942 1196 1059 1222 nunc
1088 1179 1245 1221 blanda
1276 1178 1410 1219 melos
1445 1193 1571 1233 carpe
1605 1177 1767 1228 Dione,

815 1263 967 1305 Durus
1000 1263 1162 1318 quippe
1193 1262 1306 1317 rigor
1337 1259 1446 1301 cedit
1476 1259 1623 1300 amori.

697 1357 830 1398 Novit
858 1371 960 1397 nam
991 1365 1187 1397 tenerum
1216 1356 1400 1411 probare
1432 1366 1607 1393 carmen

643 1438 792 1494 Ipsum
825 1438 1109 1493 spumigenue
1139 1437 1279 1477 salum
1312 1436 1542 1492 Cytheres,

642 1519 893 1573 Nerinaque
925 1519 1051 1574 chely
1082 1528 1229 1561 movet
1263 1518 1550 1568 Camoenam,

642 1599 763 1641 Dum
796 1600 967 1641 conchis
999 1600 1178 1641 Galatea
1209 1608 1462 1656 personante

322 1721 411 1768 vero]
429 1723 542 1764 Margo
558 1722 716 1755 Grotiana
731 1728 836 1761 utero,
849 1722 935 1753 haud
950 1722 1016 1754 scio
1031 1734 1071 1753 an
1082 1721 1208 1755 melius.

322 1784 446 1829 Pallas]
474 1785 569 1815 Hane
584 1796 641 1828 pro
661 1784 754 1815 Luna
775 1784 852 1815 olim
875 1789 1036 1828 acceptam
1058 1796 1129 1815 esse
1155 1795 1207 1815 su-

248 1846 355 1891 perius
375 1846 541 1878 docuimus
564 1846 603 1877 ad
627 1846 723 1877 verba
748 1846 860 1877 »tertia
880 1846 990 1877 Luna«
1022 1844 1064 1889 (ξ.
1079 1845 1176 1889 568).

325 1922 408 1956 qnae
418 1908 569 1955 ferenda]
585 1909 658 1942 MS.
675 1922 758 1957 qnae
774 1909 911 1953 ferenda
930 1911 1084 1949 crimina3
1109 1910 1208 1941 sorte:

258 1985 357 2017 „quae
383 1973 512 2005 serenda
535 1974 690 2006 carmina«
718 1979 789 2005 aut:
815 1974 980 2016 »jngandis
1002 1985 1084 2017 quae
1111 1973 1209 2005 seram

251 2035 300 2066 dis
322 2035 510 2067 carminum«
531 2035 693 2067 Gnor.-—
713 2035 802 2067 Olim
823 2035 908 2067 enim
931 2035 1100 2067 edebatur:

309 2112 319 2124 r·
330 2097 448 2128 Vultus
464 2098 622 2140 juglandis
649 2097 798 2128 serendos
826 2098 1008 2137 earmina«,

251 2158 374 2203 inepte,
396 2164 590 2202 quapropter
611 2158 748 2190 libenter
769 2158 884 2191 Grotio
911 2157 1140 2204 obtemperavi.

326 2219 472 2266 invehat]
499 2219 568 2251 Alii
590 2225 672 2251 teste
692 2220 807 2253 Grotio
833 2221 867 2253 in
886 2221 1030 2263 margine
1056 2221 1212 2253 inveniat.

325 2283 425 2329 luxa]
460 2284 570 2316 »Luxa
599 2284 746 2328 copiosa«
784 2285 882 2327 gloss.
903 2285 1010 2319 Gno'r.
1029 2303 1078 2309 --
1118 2283 1212 2316 Alias

254 2347 410 2390 significat
443 2349 559 2380 luxata
591 2360 621 2380 v.
647 2360 673 2380 c.
697 2348 853 2390 membra,
891 2355 927 2381 nt
958 2349 1042 2394 apud
1078 2349 1212 2381 Festum

254 2418 320 2452 est3
346 2424 431 2444 nunc
447 2424 522 2444 vero
545 2418 676 2456 apparet
695 2423 753 2455 pro
769 2412 945 2445 luxuriosis
961 2413 1034 2453 diei,
1057 2417 1093 2444 ut
1108 2412 1212 2456 ipsum

256 2475 492 2507 substantivum
511 2477 609 2508 luxus
628 2488 643 2507 a
660 2475 828 2507 luxaturae
849 2476 1079 2518 significatione
1102 2476 1135 2507 in
1155 2486 1213 2520 po-

256 2544 403 2570 testatem
425 2539 508 2571 vitae
526 2539 747 2584 voluptuariae
765 2544 797 2571 et
821 2539 974 2571 delicatae
993 2539 1129 2574 transiit.
1162 2538 1213 2571 De

257 2600 466 2634 Fescenninis
492 2602 562 2635 vide
588 2603 736 2648 superius
759 2602 812 2647 (ad
834 2601 863 2646 §.
877 2602 974 2646 904).

1332 1719 1493 1765 prodIent]
1521 1719 1578 1752 Sic
1596 1719 1699 1751 codex
1716 1718 1909 1760 Grotianus,
1931 1719 2045 1751 melius
2066 1720 2107 1752 υΙ)
2127 1726 2211 1754 ante-

1259 1782 1378 1815 cedens
1395 1783 1607 1814 concinenlur
1621 1794 1716 1825 quam
1732 1781 1783 1813 vel
1801 1782 1961 1825 prodeunt
1976 1782 2024 1814 vel
2043 1784 2214 1826 prodeant,

1261 1845 1347 1889 quod
1371 1844 1402 1875 in
1426 1844 1568 1885 margine
1589 1842 1724 1875 Grotius
1749 1843 1880 1875 notavit.

1335 1904 1436 1951 rffJor]
1463 1906 1511 1937 Ita
1535 1904 1663 1937 Seneca
1685 1905 1731 1949 (in
1752 1905 1886 1949 Hippol.
1912 1905 2015 1949 685)=

1312 1987 1360 1993 ·—-
1384 1987 1431 1991 --
1447 1969 1522 1999 »hoc
1540 1980 1629 1999 mens
1655 1969 1771 1999 meruit
1793 1967 1906 2009 rigel-,u

1261 2033 1352 2066 Dura
1377 2032 1473 2074 igitur
1493 2032 1661 2063 austeritas
1688 2031 1787 2063 amori
1805 2031 1989 2077 opponitur.

1335 2092 1542 2139 personante]
1569 2094 1684 2125 Forte:

1319 2157 1425 2189 »Dum
1447 2157 1574 2188 com-Itis
1601 2156 1739 2189 Galatea
1758 2160 1969 2199 personantes

1312 2222 1441 2254 Nautes
1458 2221 1654 2266 flueliqenas
1676 2220 1869 2266 chorumque
1886 2219 2007 2250 Phorci

1313 2286 1476 2330 Flayrans
1498 2297 1576 2317 cura
1599 2285 1716 2316 trahit«
1740 2301 1786 2306 —
1806 2301 1853 2306 —-
1898 2282 1905 2287 “

1263 2350 1425 2394 Flayrans
1451 2361 1530 2381 eura
1549 2354 1598 2380 ut:
1625 2359 1732 2379 »meus
1749 2346 1842 2379 ardor
1862 2345 2031 2390 Amyntam
2054 2344 2158 2378 Gno'r.
2170 2363 2216 2369 —

1264 2412 1401 2454 Egregia
1424 2412 1503 2442 hacc
1532 2409 1711 2441 emendatio
1738 2415 1805 2449 cst3
1843 2421 1948 2452 neque
1971 2408 2054 2439 enim
2081 2407 2217 2440 Galatea

1262 2489 1321 2521 pro
1340 2474 1477 2507 ablativo
1498 2473 1597 2518 accipi
1618 2479 1752 2504 metrum
1772 2471 1941 2517 permittit,
1970 2483 2074 2515 neque
2090 2472 2218 2504 conchis

1266 2539 1400 2572 Galatea
1431 2540 1598 2580 personat,
1633 2535 1689 2566 sed
1724 2536 1890 2573 Tritones,
1927 2545 2010 2577 quos
2041 2533 2217 2566 Martianus

1265 2600 1357 2643 fingit
1376 2599 1531 2632 Galatcae
1546 2609 1653 2630 amore
1667 2596 1766 2637 trahi-3.
1785 2596 1842 2628 sed
1856 2595 1982 2629 codices
2000 2595 2075 2628 nihil
2088 2595 2217 2628 variant.
