2310 2860
82 412 169 454 601
200 415 358 469 rologia
397 412 680 454 manifestant.

77 1319 165 1360 {302

205 148 295 191 502

203 256 346 296 sertim
378 250 691 306 aequinoctialis
717 251 917 306 temporis
949 249 1163 290 interstitia
1190 247 1477 301 manifestant3
1507 262 1609 289 nam
1639 261 1761 304 pares
1788 246 1995 290 horarum
2018 258 2150 290 metas

764 142 963 185 Martiani
1001 141 1199 198 Capellae
1235 139 1307 183 lib.
1330 139 1406 183 VI.
1445 142 1476 193 §.
1502 141 1604 182 600.

205 346 288 377 tam
322 331 702 375 antemeridialium
745 346 874 387 quam
909 332 1032 372 etiam
1067 339 1403 386 postremarum,
1449 338 1487 370 et
1516 337 1602 370 tam
1634 329 1717 370 diei
1748 343 1882 384 quam
1911 330 2041 371 noetis
2070 328 2151 370 ho-

759 413 858 462 Quo
902 411 1157 452 documento
1202 411 1366 452 clarum
1409 419 1491 461 est,
1545 408 1793 451 tantundem
1834 408 2150 464 undiquesecus

203 496 254 537 ab
286 495 406 536 terris
433 494 576 535 abesse
602 493 790 545 coelum'3
833 492 948 547 quod
979 492 1090 533 idem
1123 492 1292 532 duobus
1324 491 1490 532 circulis
1522 490 1722 532 edocetur
1746 489 1947 531 solstitiali
1978 498 2018 530 et
2047 481 2151 530 bru-

201 576 315 618 mali.
373 576 486 617 Nam
519 575 668 629 utique
703 584 913 629 quantum
960 574 1163 616 interstitii
1202 573 1290 614 dies
1334 573 1481 623 habet,
1527 587 1667 627 quum
1705 571 1809 612 coeli
1854 570 2039 612 culmina
2081 569 2152 611 Sol

201 657 332 698 elatus
381 656 584 706 illustrat,
624 665 788 696 tantum
827 656 945 711 spatii
987 656 1148 711 longior
1192 669 1298 706 nox,
1350 669 1487 711 quum
1529 654 1600 694 Sol
1639 654 1680 694 in
1722 653 1925 694 brumam
1956 651 2152 693 decidens

200 746 505 792 repraesentem
546 737 733 790 itemque
771 735 982 791 quidquid
1017 735 1180 791 singula
1219 736 1334 791 signa
1368 734 1526 775 zodiaci
1568 731 1890 788 intercapedinis
1928 732 2013 772 luci
2052 746 2153 772 con-

200 818 390 869 tulerint,
436 817 686 859 tantundem
718 817 814 859 Sole
855 833 876 858 e
914 818 1122 858 contrario
1162 816 1360 859 rutilante
1392 815 1560 857 umbris
1595 815 1724 855 noetis
1756 814 1996 869 ignoscunt3
2033 811 2150 868 quod

197 898 346 953 utique
379 898 751 953 undiqueversum
787 898 939 954 probat
968 898 1217 940 tantundem
1253 897 1431 939 circulos
1465 897 1691 953 sideraque
1720 896 1896 946 distare,
1942 894 2153 936 mediam-

198 993 284 1034 que
315 979 510 1020 tellurem
544 995 645 1020 esse.
706 978 836 1030 Quod
866 979 899 1019 si
924 993 1108 1033 congrue
1139 978 1308 1021 videtur
1339 988 1568 1032 assertum,
1598 978 1687 1033 jam
1720 987 1859 1034 partes
1887 977 1999 1032 eju3‚
2042 989 2152 1030 quas

198 1059 285 1115 ipsa
318 1074 545 1115 permensa
566 1074 694 1112 sum,
741 1059 991 1117 perhibebo.

741 1215 821 1257 DE
854 1213 1130 1265 QUINQUE
1163 1213 1333 1254 ZONIS
1365 1212 1616 1254 TERRAE.

365 1318 497 1360 Orbis
527 1327 662 1358 terrae
693 1317 733 1356 in
763 1316 955 1370 quinque
986 1330 1135 1365 zona5‚
1166 1315 1254 1356 sive
1286 1315 1437 1355 melius
1469 1315 1616 1355 fascias
1646 1314 1765 1364 dico,
1796 1329 1875 1370 pro
1907 1328 2054 1355 rerum
2086 1313 2152 1355 di-

199 1399 390 1440 versitate
421 1398 692 1449 discernitur,
737 1411 924 1452 quarum
957 1405 1038 1436 tres
1069 1392 1338 1448 intemperies
1369 1392 1506 1433 multa
1537 1407 1559 1434 a
1591 1393 1905 1434 contrariorum
1934 1393 2149 1434 nimietate

271 1506 429 1552 eulmina]
459 1507 591 1539 Grotius
623 1506 731 1538 nescio
755 1505 840 1537 unde
867 1506 1021 1543 eulmine,
1047 1513 1146 1546 quum

191 1571 257 1610 jaun
279 1570 453 1600 anteriores
476 1569 632 1599 editiones
659 1569 797 1599 culmina
818 1567 986 1605 haberent,
1011 1565 1097 1608 qnod
1114 1569 1146 1595 ct

195 1631 443 1662 Bai-instattcnsi
461 1630 569 1661 codice
590 1634 622 1660 et
644 1629 712 1660 aliis
734 1627 896 1672 (Oudend.
914 1627 953 1657 ad
972 1625 1094 1669 Appul.
1112 1625 1144 1665 Ι,

194 1706 226 1737 p.
245 1694 330 1735 407)
353 1693 565 1724 contii-matur.

271 1756 517 1798 intercapedinis
537 1753 612 1798 luci]
641 1753 696 1786 Sic
723 1753 836 1797 scripsi
860 1765 877 1785 e
902 1753 1011 1785 codice
1033 1752 1144 1784 Mona-

196 1817 285 1849 censi
305 1816 381 1860 (Α),
411 1817 506 1857 vulgo
536 1817 772 1858 intercapedine
795 1816 872 1854 Ioci,
895 1815 980 1859 quod
1003 1814 1063 1846 etsi
1091 1826 1143 1845 ex-

195 1879 306 1924 plicari
329 1886 456 1923 posset,
480 1885 585 1910 tamen
611 1885 719 1910 nostra
740 1879 876 1911 lectione
900 1879 1041 1910 deterius
1059 1878 1144 1909 vide-

196 1950 264 1984 tur,
294 1943 479 1986 praesertim
511 1955 608 1986 quum
636 1955 710 1974 mox
734 1943 842 1973 itidem
871 1942 995 1973 dativus
1026 1942 1145 1973 umbris

196 2012 356 2050 sequatur.
390 2007 550 2038 Construe
573 2006 685 2047 igitur.-
708 2006 878 2049 »quidquid
900 2004 1145 2049 intercapedinis

197 2070 322 2112 singula
347 2069 436 2111 signa
461 2069 653 2101 contulerint
675 2069 755 2100 luci«
779 2075 836 2100 cet.

271 2132 356 2178 quod
382 2133 412 2162 si
440 2129 590 2174 conqrne]
619 2130 675 2162 Sic
706 2130 831 2162 codices
855 2131 1067 2162 Monacenses
1090 2128 1144 2172 (A.

197 2195 239 2237 C)
266 2201 297 2227 ct
331 2194 612 2234 Darmstattensis3
659 2194 752 2235 vulgo
785 2194 890 2238 inepte
929 2196 1040 2241 utique
1072 2198 1146 2237 post

197 2257 283 2303 quod
307 2256 446 2287 iteratur.

272 2322 414 2367 quinque
451 2316 569 2363 zonas]
612 2318 757 2349 »Primus
807 2318 844 2349 de
883 2318 1009 2358 zonis«,
1043 2317 1146 2361 inquit

196 2379 341 2413 Achilles
371 2380 483 2412 Tatius
513 2380 654 2423 (isagog.
684 2391 711 2413 c.
730 2378 807 2420 51),
849 2379 1075 2410 »Parmenides
1100 2378 1145 2409 di-

197 2455 267 2475 cere
296 2442 446 2482 instituit,
476 2441 515 2472 de
540 2453 672 2484 quarum
695 2452 825 2471 numero
852 2453 963 2481 inagna
988 2440 1145 2472 dissensio

197 2512 255 2537 cst.
282 2506 363 2537 Nam
390 2505 442 2536 alii
463 2517 522 2536 sex
548 2508 728 2543 numerant,
762 2509 796 2533 ut
822 2503 977 2546 Polybius
1001 2509 1033 2534 et
1056 2503 1148 2534 Posi-

197 2568 330 2609 donius,
363 2569 417 2612 qui
449 2568 600 2601 torridam
628 2567 662 2600 in
696 2566 776 2600 ditos
811 2566 971 2607 dividunt3
1006 2568 1149 2614 quinque

1196 1501 1319 1532 malunt
1342 1501 1410 1541 alii,
1441 1513 1457 1532 e
1481 1501 1597 1545 quibus
1621 1501 1881 1534 Eratosthenes«
1915 1501 2028 1547 Itaque
2052 1501 2150 1547 pluri-

1197 1565 1254 1604 mi,
1285 1571 1318 1595 ut
1339 1570 1371 1596 et
1393 1564 1549 1605 Virgilius
1574 1565 1694 1607 (georg.
1715 1567 1751 1605 1,
1781 1565 1884 1608 255)=

1253 1628 1425 1671 »Quinque
1459 1633 1569 1659 tenent
1600 1629 1720 1659 coelum
1757 1640 1875 1669 zonae,
1917 1640 2055 1675 quarum
2083 1639 2150 1659 una

1599 1700 1729 1720 corusco

1245 1749 1378 1793 Semper
1395 1752 1433 1782 ab
1449 1753 1523 1795 iyne
1538 1752 1656 1783 rubens
1676 1758 1705 1783 et
1721 1753 1843 1783 torrida
1859 1763 1985 1796 semper
2001 1753 2041 1785 ab
2061 1754 2149 1797 ique,

1248 1813 1352 1856 Quam
1365 1815 1482 1846 circum
1495 1820 1656 1846 extremae
1669 1815 1783 1846 dextra
1796 1816 1950 1863 laevaque
1963 1817 2152 1855 trahuntur,

1247 1876 1403 1908 Caerulea
1426 1878 1528 1921 ⁸qlaeie
1550 1885 1717 1909 corte-retae
1728 1885 1824 1925 atque
1845 1880 1998 1911 imbribus
2014 1882 2113 1911 aeris·-

1196 1939 1345 1971 Tibullus
1375 1940 1427 1983 (4,
1461 1942 1497 1980 1,
1529 1941 1628 1983 151),
1666 1941 1803 1973 Ovidius
1830 1942 1974 1986 (metam.
2003 1944 2039 1983 1,
2065 1942 2151 1985 45),

1196 2003 1266 2043 alii3
1303 2003 1446 2047 inprimis
1480 2009 1585 2035 autem
1617 2005 1802 2036 conserendi
1835 2011 1910 2037 sunt
1942 2005 2060 2038 Strabo
2091 2006 2148 2047 (1,

1196 2077 1228 2108 p.
1246 2065 1311 2103 643
1341 2064 1382 2103 2,
1403 2077 1432 2107 p.
1457 2065 1528 2096 110
1544 2064 1707 2107 casaub),
1726 2066 1852 2097 Plinius
1874 2066 1926 2108 (2,
1950 2065 2029 2108 68),
2053 2065 2148 2097 Cleo-

1196 2127 1305 2158 medcs
1322 2126 1412 2168 (cycl.
1432 2127 1531 2158 tlneor.
1549 2129 1581 2167 1,
1603 2140 1634 2172 p.
1652 2129 1698 2159 55
1717 2133 1749 2159 et
1767 2128 1801 2167 2,
1827 2140 1857 2170 1¹·
1878 2128 1948 2158 189
1965 2139 2054 2171 sequ.
2074 2128 2149 2159 edit.

1196 2189 1294 2221 Antv.
1310 2189 1428 2230 1555),
1446 2188 1601 2220 Geminus
1617 2189 1657 2232 (c.
1680 2189 1726 2220 12
1747 2194 1778 2219 et
1797 2189 1854 2229 15,
1878 2201 1909 2231 p.
1924 2190 1971 2221 55
1991 2189 2024 2221 in
2037 2190 2147 2222 Petav.

1197 2250 1357 2292 Uranol.),
1384 2251 1568 2282 Macrobius
1603 2251 1650 2295 (in
1679 2262 1779 2282 somn.
1803 2250 1891 2295 Scip.
1913 2252 1953 2292 2,
1988 2254 2010 2284 5
2041 2258 2074 2285 et
2095 2254 2148 2296 G),

1196 2313 1333 2347 Proclus
1350 2313 1402 2356 (de
1422 2315 1556 2356 sphaera
1574 2326 1599 2344 e.
1621 2314 1676 2353 M,
1694 2325 1726 2356 p.
1745 2313 1822 2356 27),
1845 2314 1996 2358 Hyginus
2016 2316 2147 2360 (astron.

1200 2379 1231 2418 1,
1248 2378 1286 2417 73
1302 2389 1333 2421 p.
1349 2376 1422 2408 555
1430 2375 1585 2418 munch),
1598 2381 1629 2407 et
1647 2376 1715 2419 ipse
1733 2383 1842 2409 noster
1857 2377 1989 2410 inferius
2003 2378 2148 2424 (§.755).

1269 2437 1403 2484 fascias]
1420 2438 1603 2471 Macrobius
1618 2439 1670 2483 (ad
1689 2451 1790 2472 somn.
1810 2440 1865 2473 Sc.
1883 2441 1923 2482 2,
1948 2442 1997 2485 7)=
2023 2442 2147 2475 »Zonas

1199 2514 1270 2534 esse
1302 2501 1351 2533 vel
1384 2502 1548 2547 cinyulos,
1583 2502 1661 2535 haee
1690 2502 1775 2535 enim
1801 2503 1896 2536 unius
1918 2504 1964 2537 rei
1987 2505 2049 2538 duo
2073 2511 2148 2538 sunt

1199 2563 1336 2597 nomina.
1343 2577 1353 2591 u
