2310 2860
253 188 342 230 230·
820 184 1019 227 Martiani
1057 182 1258 241 Capellae
1293 182 1365 224 lib.
1395 182 1471 224 ΙΙΙ.
1513 185 1543 235 §.
1565 183 1663 225 288.

918 355 1000 398 DE
1043 353 1250 398 INTERJ
1256 353 1478 396 ECTION
1480 353 1530 397 E.

134 480 223 523 288
421 468 732 530 Interjeetiones
772 474 922 530 longae
962 482 1082 525 sunt,
1133 474 1167 514 si
1204 473 1526 529 monosyllabae
1557 474 1736 527 fuerint,
1774 485 1822 517 ut
1851 475 1982 530 heus;
2039 477 2072 517 si
2103 490 2205 518 vero

248 557 483 614 disyllabae
521 568 646 600 erunt
683 558 753 600 vel
795 555 1060 612 trisyllabae‚
1104 555 1311 611 quoniam
1352 556 1535 611 speeiem
1569 556 1749 598 retinent
1778 558 1966 613 partium
1998 551 2207 606 orationis,

252 639 449 695 exemplo
492 654 666 691 earum,
708 653 897 695 quarum
939 637 1096 679 similes
1139 645 1285 686 erunt,
1334 635 1587 690 judicandae
1625 646 1743 690 sunt,
1795 647 1842 679 ut
1886 652 2037 693 papae.
2092 637 2207 678 Haec

250 720 328 770 ita,
367 729 414 761 ut
443 719 554 772 dixi,
597 735 675 777 per
706 735 855 761 omnes
889 728 1030 776 partes
1063 718 1260 759 orationis
1290 718 1333 760 in
1373 717 1531 759 ultimis
1570 717 1742 774 syllabis
1787 717 2053 762 observanda
2091 726 2208 768 sunt,

252 801 436 857 exceptis
468 801 672 858 positione
702 801 835 857 longis
867 810 907 842 et
936 800 1220 857 diphthongis.

130 951 218 995 289
647 957 831 1014 Expleta
865 957 1024 999 cursim
1060 955 1326 1013 syllabarum
1360 957 1512 1013 pagina
1544 967 1622 1008 est,

644 1038 841 1096 Juganda
869 1039 1048 1081 demum
1079 1039 1234 1090 verba,
1273 1053 1374 1080 nam
1407 1038 1636 1094 probabilis

651 1121 732 1163 Hie
767 1120 872 1163 ordo
901 1121 1053 1171 rebus,
1085 1121 1249 1174 quiquo
1279 1119 1587 1173 disgregabitur

650 1203 701 1244 In
733 1202 834 1244 bina
864 1202 1062 1244 demum:
1106 1201 1246 1257 prima
1275 1214 1377 1240 nam
1408 1199 1627 1254 proportio

649 1282 840 1324 Dicenda
850 1315 862 1335 ‚
903 1284 1024 1337 Graji
1061 1282 1298 1337 analogiam
1330 1294 1464 1335 quain
1496 1289 1670 1330 vocant,

647 1362 710 1403 Ac
739 1377 842 1404 mox
872 1363 1044 1418 repulsa
1076 1376 1188 1418 quae
1222 1370 1437 1403 novantur
1468 1360 1618 1416 regula

649 1442 885 1498 Vulgoque
915 1443 1027 1485 docti
1059 1459 1171 1499 quae
1211 1444 1410 1486 anomala
1439 1443 1685 1495 nominant,

646 1523 715 1564 Bis
747 1534 900 1579 quarta
930 1523 1047 1565 fandi
1078 1524 1175 1580 quis
1205 1535 1381 1581 paratur
1413 1525 1569 1581 portio,

646 1603 730 1644 Vel
761 1605 1018 1647 vulneratur
1054 1605 1207 1646 ductus
1239 1607 1321 1647 oris
1355 1607 1540 1661 integer3

651 1684 967 1741 Quantumque
997 1686 1085 1727 solo
1115 1685 1299 1727 inditum
1331 1685 1523 1727 libellulo

651 1765 788 1806 Potest
818 1766 1003 1821 probare
1033 1767 1196 1808 serium
1225 1766 1458 1808 fastidium.

327 1925 378 1957 vel
393 1917 586 1969 trisyllabae]
604 1921 722 1956 Omisit
739 1924 817 1957 haee
833 1924 979 1967 Grotius,
998 1937 1080 1970 quae
1097 1931 1204 1958 tamen
1255 1932 1334 1958 tram
1358 1925 1530 1959 lectionem
1559 1925 1832 1961 Reichenauensis
1859 1927 1953 1960 etiam
1980 1933 2012 1961 et
2035 1927 2211 1961 Darmstat-

252 1991 315 2018 tam
341 1986 373 2018 in
399 1986 507 2027 editis,
532 1998 626 2031 quani
652 1987 685 2019 in
708 1988 932 2033 manuscriptis
956 1994 1093 2021 exstant.
1254 1988 1356 2020 tensis
1381 1989 1543 2032 praebent.

327 2048 465 2096 quique]
493 2050 599 2082 Grotii
630 2050 732 2083 codex
762 2052 917 2098 quisque,
949 2051 1049 2091 male5
1090 2062 1204 2082 sensus
1331 2053 1378 2084 bis
1399 2051 1530 2100 qum-ta]
1566 2052 1605 2085 ld
1634 2059 1684 2085 est
1706 2053 1846 2085 dimidia.
1881 2052 2007 2087 Sensus
2028 2051 2128 2084 totius
2149 2051 2212 2083 loci

252 2116 318 2141 est:
351 2110 428 2156 -qliie
466 2111 545 2144 ordo
584 2118 633 2145 est
672 2112 846 2158 probabilis
883 2119 915 2144 et
951 2112 1006 2156 qui
1045 2111 1204 2154 disgrega-
1256 2113 1309 2146 hie
1330 2125 1402 2147 esse
1425 2115 1564 2147 videtui-2
1596 2115 1747 2147 »referam
1773 2115 1909 2158 primum
1934 2112 2130 2155 analogiam,
2158 2113 2211 2145 de-

251 2172 366 2205 bitur-‘¹
1255 2177 1330 2210 inde
1360 2178 1521 2219 anomala,
1553 2178 1670 2222 quibus
1698 2177 1826 2209 dimidia
1852 2188 1927 2221 pars
1957 2177 2114 2208 sermonis
2138 2188 2211 2209 con-

327 2233 476 2281 dicenda]
503 2234 657 2280 Expunxi
679 2242 747 2279 est,
773 2237 860 2282 quod
879 2237 913 2270 in
934 2237 1028 2271 editis
1050 2238 1204 2282 sequitur,
1257 2245 1330 2281 stat,
1351 2239 1404 2271 vel
1421 2240 1528 2284 potius
1549 2240 1672 2281 integra
1690 2238 1845 2271 sermonis
1861 2238 1984 2282 speeies
2009 2238 2212 2282 deturpatum

251 2299 370 2333 codicis
395 2301 661 2335 Darmstattensis
686 2302 888 2345 auctoritate,
925 2302 1000 2348 quia
1024 2308 1125 2335 metro
1152 2301 1205 2334 ad·
1256 2309 1413 2348 quatenus
1435 2309 1467 2335 et
1485 2303 1579 2334 unius
1600 2302 1674 2334 libri
1694 2301 1858 2344 angustiae
1883 2302 2079 2347 deorumque
2099 2314 2212 2346 aequa-

252 2369 403 2397 versatur.
1257 2365 1384 2398 nimitas
1411 2366 1590 2409 patiuntur,
1623 2375 1705 2407 quos
1736 2364 1817 2396 sei-ia
1842 2364 1938 2396 hodie
1967 2365 2111 2396 fastidire
2138 2376 2212 2396 eon-

324 2425 498 2474 vulqoque]
525 2425 614 2459 Editi
638 2427 757 2459 habent
776 2428 872 2473 vulgo
894 2433 926 2462 et
951 2427 1113 2477 quaeque}
1151 2428 1208 2460 sed
1259 2435 1447 2461 sentaneum
1471 2434 1557 2468 est3«
1593 2428 1674 2459 sient
1699 2434 1730 2459 et
1752 2428 1832 2459 infra
1852 2427 1893 2472 (ἓ.
1913 2428 2001 2472 526)
2025 2429 2130 2461 subita
2153 2428 2212 2459 Mi-

249 2490 316 2529 jam
337 2490 489 2523 Grotius:
511 2490 653 2532 amelius,
681 2491 795 2535 inquit,
824 2493 875 2523 alii
902 2493 1028 2526 codices
1050 2494 1210 2540 vulgoque
1260 2505 1374 2526 nervae
1405 2490 1661 2535 interpellatione
1691 2491 1852 2536 probatur.
1891 2492 2046 2524 Extrema
2071 2491 2117 2524 sie
2137 2501 2211 2523 con-

253 2553 355 2590 docti,
387 2564 470 2599 quae
496 2554 653 2585 anomala.
694 2552 798 2585 Vides
827 2554 1019 2597 aliquotiens
1044 2555 1210 2600 Capellam
1262 2563 1366 2589 struo:
1398 2560 1633 2601 »quantumque
1648 2553 1809 2586 fastidium
1829 2552 1983 2586 seriorum
2004 2553 2138 2598 probare
2157 2565 2211 2596 po-

253 2615 365 2657 longas
389 2616 515 2649 vocales
543 2617 823 2662 diphthongosque
846 2630 910 2649 non
940 2618 1087 2653 elidere«
1127 2618 1209 2653 Nos·
1261 2623 1349 2651 test«
