2310 2860
701 182 902 225 Martiani
940 180 1139 238 Capellae
1177 179 1249 221 lib.
1274 179 1328 222 V.
1368 180 1401 230 ᾗ.
1436 177 1540 220 542.
2027 182 2116 224 ⁴65

149 295 191 335 in
221 293 404 334 similem
446 304 595 333 vocem
634 290 765 346 possis
805 289 969 330 efferre.
1039 288 1105 330 Ad
1144 285 1381 328 curandam
1422 295 1567 327 autem
1602 300 1752 328 vocem
1785 288 1981 344 plerique
2014 305 2111 345 per-

149 376 279 416 tinere
320 374 541 423 dixerunt,
589 381 635 412 ut
671 371 859 412 sedentes
892 370 1169 425 paucissimos
1201 383 1349 410 versus
1381 367 1492 409 lenta
1524 377 1562 409 et
1593 369 1712 423 gravi
1743 369 1960 424 proferant
1992 386 2111 422 vore,

147 454 298 495 deinde
326 469 400 510 per
431 453 587 509 gradus
620 452 824 508 paulatim
858 451 1019 505 erigant
1050 465 1229 501 sonum,
1261 464 1337 505 per
1369 449 1630 505 eosdemque
1655 450 1810 504 gradus
1838 452 2106 507 recolligatur

146 535 301 585 oratio,
333 549 439 589 ,quo
473 534 561 574 sine
591 532 749 573 damno
782 531 834 573 ad
866 546 1070 572 murmur
1110 546 1250 587 usque
1280 531 1511 587 perveniat.

146 615 297 656 tentiae
340 615 537 670 dignitate
583 613 778 655 mutandi
821 622 943 663 sunt,
999 612 1072 654 sed
1112 628 1198 654 non
1238 613 1315 664 ita,
1368 623 1417 654 ut
1452 613 1725 654 histrionibus
1765 629 1856 655 mos
1898 626 1978 666 est,
2031 617 2108 670 qui

145 710 220 737 ora
250 696 490 751 torquendo
522 695 720 737 ridiculos
752 702 891 735 motus
923 694 1208 748 spectantibus
1241 704 1464 750 praestant.
1526 694 1806 750 Signilieanda
1843 697 1981 747 enim,
2022 713 2108 739 non

143 778 370 833 spectanda
404 787 502 819 sunt
532 777 630 828 ista,
679 790 791 831 quae
826 776 930 817 aetio
970 775 1202 829 vultusque
1243 775 1533 828 commendat,
1582 775 1655 815 sed
1695 776 1919 816 oculorum
1951 777 1990 816 in
2025 777 2107 818 hae

143 868 261 913 parte
291 874 445 913 magna
475 858 710 900 moderatio
744 866 822 908 est,
878 856 953 911 qui
993 865 1085 897 tum
1130 855 1359 907 hilaritate,
1401 866 1491 897 tum
1534 856 1782 906 intentione,
1828 865 1917 896 tum
1951 858 2106 898 minaei

143 951 372 982 moventur
404 941 617 997 adspectu.
675 941 766 983 Nec
797 939 980 980 nimium
1015 937 1284 994 gravioribus
1315 936 1549 992 superciliis
1580 935 1823 991 premendi,
1855 946 1927 977 aut
1958 947 2106 993 peten-

1571 531 1729 571 Vultus
1761 547 1862 573 vero
1894 550 1971 590 pro
2007 551 2104 576 sen-
2137 539 2156 577 ἴ

141 1120 201 1151 sibi
232 1122 469 1163 conjunctivum
497 1123 657 1167 postulat,
696 1135 756 1155 nee
793 1123 898 1154 minus
931 1122 1098 1154 commode

140 1184 276 1216 colorari
291 1186 467 1218 orationem
491 1187 595 1219 dicere
615 1197 787 1230 possumus
806 1198 900 1230 quam
922 1187 1093 1218 candidam

139 1259 209 1279 esse
239 1249 290 1280 vel
329 1249 455 1292 fuscam
479 1250 647 1293 (Quinctil.
674 1251 715 1291 5,
744 1251 806 1290 11,
835 1249 904 1292 15).
945 1250 1095 1293 Inprimis

138 1316 243 1342 antem
269 1311 436 1344 Ciceronis
459 1313 566 1345 locum
590 1314 622 1345 in
645 1319 751 1344 mente
777 1313 927 1344 habuisse
950 1319 1095 1345 nostrum

136 1374 270 1405 dixerim
295 1375 348 1418 (de
368 1381 445 1407 orat.
460 1377 499 1416 2,
528 1376 604 1419 14):
627 1382 694 1416 Μή,
721 1389 817 1419 quum
839 1376 871 1406 in
897 1376 965 1407 sole
987 1378 1094 1407 ambu-

135 1435 214 1476 lem,
238 1437 361 1468 etiamsi
381 1437 474 1469 aliam
496 1438 536 1469 ob
557 1449 684 1469 eausam
703 1437 872 1477 ambulem,
895 1437 963 1467 ficri
982 1443 1094 1469 natura

135 1504 241 1529 tamen
260 1504 295 1529 nt
317 1499 457 1539 colorer,
495 1499 540 1530 sie
560 1511 657 1542 quum
685 1499 766 1530 istos
793 1498 893 1530 libros
917 1499 1093 1530 studiosius

135 1559 283 1601 legerim,
311 1561 415 1592 sentio
436 1561 612 1592 orationem
630 1573 732 1592 meam
750 1561 878 1592 illorum
898 1565 982 1592 tactu
1001 1562 1093 1604 quasi

134 1624 297 1654 colorari«
331 1623 452 1656 Curius
472 1624 724 1655 Fortunatianus
745 1624 788 1667 (p.
804 1623 865 1666 78)
886 1635 1018 1666 prorsus
1037 1624 1091 1654 ali-

132 1689 195 1715 ter:
225 1691 275 1716 »et
298 1685 483 1729 priusquam
507 1687 646 1717 scribere
670 1685 876 1729 incipiamuS,
907 1690 943 1716 ut
966 1685 1091 1716 animus

133 1746 270 1787 legendo
303 1748 459 1787 calescat,
492 1748 636 1790 legemus
668 1747 789 1791 aliquid
820 1746 915 1779 tacite
942 1747 994 1779 vel
1018 1759 1090 1779 cum

133 1808 220 1839 tenui
241 1821 419 1841 murmure«
440 1815 501 1842 cet.

201 1883 366 1903 min-mure
388 1871 614 1917 inchoandum]
642 1872 756 1905 Simile
778 1878 983 1916 praeceptum
1001 1870 1089 1904 Auc-

131 1934 209 1964 toris
234 1934 273 1966 ad
297 1935 498 1967 Herennium
528 1937 587 1980 (5,
618 1935 699 1978 12)=
730 1936 824 1966 »utile
850 1941 900 1966 est
926 1935 966 1966 ad
994 1936 1090 1966 firmi-

130 1996 273 2028 tudinem
310 1997 421 2029 sedata
452 2009 516 2029 vox
546 1997 580 2028 iu
611 1997 806 2041 principio«,
847 1997 944 2040 inque
977 1997 1097 2040 primis-

130 2058 298 2092 Cieeronis
330 2060 389 2104 (de
419 2066 498 2093 orat.
521 2062 562 2101 5,
592 2060 669 2103 61)=
697 2059 884 2092 »Gradatim
916 2060 1088 2092 ascendere

129 2133 239 2154 vocem
262 2123 340 2154 utile
366 2128 398 2154 et
421 2135 518 2154 suave
541 2128 608 2163 est,
635 2134 708 2153 nam
731 2134 749 2153 a
772 2122 928 2166 principio
951 2122 1087 2153 clamare

129 2191 254 2227 agreste
283 2186 434 2229 quiddam
465 2192 530 2227 cst,
561 2191 594 2218 et
626 2186 710 2217 idem
737 2185 817 2216 illud
841 2186 880 2217 ad
902 2186 1085 2217 firmandam

130 2251 179 2277 est
205 2258 317 2278 vocem
351 2248 517 2280 salutare.«
564 2247 661 2279 Adde
687 2247 845 2279 Senecam
870 2248 981 2292 (epist.
1001 2248 1083 2291 15)=

137 2307 243 2349 »Quid
263 2309 361 2349 ergo‘?
389 2321 406 2340 a
428 2310 566 2341 clamore
585 2309 744 2353 ,protinus
769 2315 801 2340 et
824 2322 842 2341 a
866 2322 986 2341 summa
1008 2322 1083 2342 con-

128 2370 271 2402 tentione
305 2383 368 2402 vox
403 2376 458 2403 tua
487 2372 637 2416 incipiet?
668 2385 771 2417 usque
795 2374 875 2405 adeo
897 2380 1009 2405 natura
1033 2381 1083 2406 est

125 2432 278 2476 paulatim
304 2432 444 2473 incitari,
478 2438 514 2463 ut
544 2433 706 2476 litigantes
735 2447 863 2479 quoque
895 2448 911 2467 a
934 2448 1080 2468 sermone

126 2495 295 2538 incipiant,
328 2495 368 2526 ad
398 2495 657 2528 vociferationem
682 2504 858 2533 transeant.
891 2498 994 2531 Nemo
1016 2505 1078 2532 sta-

125 2556 182 2589 tim
208 2556 497 2601 Quiritium'fidem
520 2557 684 2601 implorat«
710 2565 769 2592 cet,

199 2632 262 2668 quo
284 2623 354 2654 sine
379 2619 514 2667 damno]
541 2621 682 2654 Restitui
709 2636 771 2670 quo
795 2636 835 2657 ex
861 2624 1075 2657 anterioribus

1150 1120 1355 1162 editionibus,
1381 1121 1474 1153 ctiam
1491 1121 1654 1153 codicibus
1671 1121 1748 1152 meis
1768 1122 2003 1155 addicentibus:
2022 1122 2104 1154 Gro—

1149 1184 1212 1216 tius
1237 1185 1320 1217 enim
1345 1185 1455 1217 nescio
1476 1186 1560 1216 uude
1586 1197 1667 1233 quae
1688 1185 1837 1217 ediderat.

1228 1274 1455 1320 histrionibus]
1484 1275 1599 1307 Cicero
1622 1276 1674 1318 (de
1701 1281 1777 1307 orat.
1796 1277 1836 1316 5,
1864 1275 1938 1318 59):
1963 1274 2104 1307 »Omnes

1147 1342 1252 1368 autem
1281 1339 1340 1368 lios
1372 1343 1479 1368 motus
1507 1337 1659 1380 subsequi
1690 1338 1785 1369 debet
1808 1343 1933 1379 gestus,
1963 1349 2027 1369 non
2054 1338 2105 1369 hie

1145 1399 1242 1429 verba
1274 1398 1454 1441 exprimens
1489 1401 1651 1437 scenicus,
1685 1399 1741 1430 sed
1771 1400 1950 1431 universam
1979 1412 2045 1431 reni
2072 1406 2106 1431 et:

1146 1461 1335 1492 sententiam
1378 1473 1442 1492 non
1477 1461 1747 1493 demonstratione
1780 1463 1836 1493 sed
1872 1463 2104 1504 significatione

1145 1524 1321 1565 declarans,
1346 1525 1482 1556 laterum
1501 1525 1671 1557 inflexione
1696 1527 1754 1558 hac
1772 1525 1849 1557 forti
1867 1532 1898 1557 et
1915 1526 2010 1566 virili,
2035 1538 2103 1558 non

1144 1589 1183 1619 ab
1205 1601 1301 1620 scena
1323 1595 1354 1620 ct
1377 1591 1605 1621 histrionibus«
1629 1596 1689 1622 cet.

1218 1697 1276 1716 ora
1294 1683 1484 1732 torquendo]
1511 1685 1585 1716 Non
1609 1685 1738 1717 omnino
1764 1685 1860 1727 igitur
1880 1688 2025 1729 personis
2054 1688 2099 1718 lii-

1142 1748 1280 1780 striones
1310 1749 1496 1789 utebantur,
1544 1749 1630 1793 quod
1667 1755 1699 1781 et
1737 1750 1851 1780 Cicero
1877 1750 1962 1793 (loco
1989 1750 2101 1789 citato)

1142 1810 1319 1853 significare
1343 1811 1484 1851 videtur,
1508 1811 1582 1842 dum
1610 1811 1660 1842 »in
1683 1823 1738 1842 ore
1764 1811 1868 1842 omnia
1895 1823 1982 1851 esse,
2010 1812 2042 1843 in
2061 1824 2102 1843 eo

1141 1880 1245 1906 autem
1273 1875 1345 1918 ipso
1370 1875 1564 1906 dominatum
1590 1886 1662 1906 esse
1686 1875 1869 1907 oculorum«
1892 1875 1935 1906 ait
1960 1876 2103 1919 ideoque

1140 1941 1226 1967 recte
1254 1937 1369 1968 fecisse
1398 1948 1525 1977 menes,
1567 1937 1621 1980 qui
1646 1942 1851 1980 personatum
1875 1949 1916 1969 ne
1941 1937 2099 1969 Roscium

1141 2000 1268 2043 quidem
1287 2012 1401 2042 magno
1424 2013 1519 2044 opere
1540 2001 1735 2041 laudarint«,
1762 2001 1847 2032 unde
1864 2007 1993 2045 apparet
2012 2002 2097 2033 Ros-

1140 2063 1222 2095 cium
1263 2064 1359 2095 modo
1394 2070 1599 2107 personatum
1640 2065 1735 2096 modo
1773 2065 1860 2096 nudo
1894 2077 1948 2097 ore
1982 2065 2097 2107 egisse.

1136 2125 1180 2156 Et
1207 2125 1298 2168 primi
1327 2126 1455 2169 quidem
1480 2127 1642 2170 personati
1669 2127 1772 2169 egisse
1802 2127 1950 2158 dicuntur
1969 2140 2094 2160 comoe-

1137 2186 1219 2217 diam
1245 2187 1378 2219 Cincius
1403 2193 1434 2219 et
1457 2188 1621 2228 Faliscus,
1657 2189 1851 2230 tragoediam
1875 2189 2035 2221 Minucius
2061 2196 2093 2221 et

1136 2249 1334 2292 Protbymus
1353 2249 1504 2293 (Evantli.
1521 2250 1560 2281 de
1580 2256 1658 2292 trag.
1670 2256 1702 2281 et
1726 2262 1804 2281 eom.
1820 2252 1904 2294 p.51
1923 2251 1973 2294 Z.)
1991 2250 2090 2282 Adel-

1133 2312 1280 2354 pliosque
1296 2310 1440 2343 Terentii
1463 2317 1574 2344 auctor
1596 2318 1645 2344 est
1662 2313 1810 2343 Donatus
1830 2312 1885 2343 »L.
1901 2311 2088 2343 Ambivium

1134 2379 1165 2405 et
1184 2373 1222 2404 L.
1246 2373 1441 2416 Turpionem
1467 2374 1562 2405 etiam
1586 2379 1652 2405 tnm
1677 2379 1867 2418 personatos
1887 2373 1990 2415 egisse
2016 2385 2087 2405 eum

1133 2437 1199 2469 suis
1228 2437 1414 2479 gregibus«,
1452 2438 1507 2469 sed
1540 2438 1621 2470 alius
1652 2437 1793 2469 Terentii
1824 2437 1914 2469 locus
1939 2437 2084 2479 (Phorm.

1134 2501 1171 2539 1,
1196 2500 1236 2540 4,
1262 2500 1325 2542 52)
1355 2500 1529 2532 clarissime
1564 2501 1678 2544 probat
1707 2499 1859 2531 nonnulla
1893 2499 1985 2530 etiam
2011 2499 2084 2543 ipso

1130 2575 1184 2595 ore
1206 2563 1358 2607 vultuque
1379 2564 1554 2606 significata
1579 2564 1618 2596 ab
1638 2563 1845 2595 histrionibus
1863 2562 1971 2594 fuisse.
1997 2562 2082 2595 Vide

1129 2625 1257 2658 omnino
1274 2626 1457 2658 *Wolffiinm
1478 2627 1532 2671 (dc
1546 2624 1688 2665 canticis,
1708 2624 1813 2656 Halae
1835 2624 1941 2665 1825,
1968 2624 2081 2668 1225).
