2310 2860
632 199 830 242 Martiani
863 199 1062 256 Capellae
1092 201 1165 244 lib.
1192 201 1308 243 VIII.
1340 204 1368 253 §.
1391 203 1490 244 863.
1959 201 2046 243 67·

84 306 335 361 diquesecus
367 306 472 348 Solis
503 307 634 358 nitor,
665 315 705 347 et
736 306 773 346 ei
803 306 937 362 parti,
970 320 1100 361 quam
1133 315 1262 347 totam
1294 316 1396 347 tunc
1428 307 1621 363 adspicit,
1658 309 1806 351 lumen
1835 310 2040 367 indulget,

84 386 205 439 cujus
240 387 414 427 luminis
448 387 555 428 radii
594 388 636 428 iu
673 397 806 428 terras
841 400 1016 442 quoque
1054 386 1355 429 luculentiores
1394 390 1667 443 perveniunt,
1709 400 1756 431 ut
1785 391 1819 431 si
1853 391 1948 446 quis
1982 407 2033 433 ex

80 466 255 520 speculo
288 467 451 507 lumine
482 482 731 521 repercusso
759 467 938 522 effigiem
972 467 1077 507 lucis
1104 468 1296 522 excipiat.
1356 468 1481 518 Quae
1512 469 1687 523 quidem
1718 472 1855 519 Luna,
1892 485 2037 524 quum

83 560 181 587 eum
218 547 261 588 in
297 548 463 588 orientis
496 548 685 602 partibus
718 547 1108 602 comprehenderit,
1145 549 1419 601 obscuratur,
1458 560 1497 591 et
1527 565 1664 605 quum
1706 551 1748 592 in
1779 566 1929 593 occasu
1958 551 2035 593 de-

80 628 284 677 seruerit,
341 628 526 669 lucescit.-

81 706 282 747 circulata
320 710 525 758 μηνοειδής
569 707 744 759 dicitur3
799 722 938 762 quum
979 724 1081 749 vero
1123 711 1348 764 nonaginta
1389 712 1580 766 partibus
1616 727 1639 753 a
1681 712 1777 752 Sole
1817 712 2034 754 discedens

80 786 230 828 orbem
263 789 352 841 ejus
384 788 647 829 mediatenus
678 788 790 829 idem
822 788 968 829 radius
999 789 1241 840 luminarit,
1282 792 1464 839 ὃιάτομος
1492 792 1763 846 perhibetur,
1806 792 1877 832 sed
1909 806 2036 847 prae—

79 867 196 908 dictis
223 869 412 924 partibus
437 884 573 923 quum
599 870 700 911 alias
726 869 1006 924 quadraginta
1031 870 1224 924 quinque
1249 871 1465 925 adjecerit,
1497 873 1745 927 perhibetur
1776 875 2032 924 ἀμφίκυρτος,

77 947 121 988 id
160 957 219 989 est
256 951 393 1003 major
436 950 630 1002 dimidia,
682 952 822 993 minor
861 952 1010 1007 plena3
1064 966 1205 1006 quum
1252 968 1354 994 vero
1394 963 1564 994 centum
1606 955 1812 1009 octoginta
1843 954 2035 1008 partibus

81 1041 106 1069 a
134 1028 230 1068 Sole
269 1029 501 1070 discesserit
541 1032 749 1071 contrario
780 1031 913 1086 posita
951 1040 1171 1086 totamque
1211 1044 1375 1088 partem
1411 1049 1497 1088 qua
1529 1036 1647 1076 terris
1678 1036 1906 1090 opponitur
1934 1034 2034 1075 illu-

76 1110 224 1161 minat,
254 1115 502 1161 πανσέληνος
532 1111 802 1166 perhibetur3
833 1127 880 1152 ac
903 1112 1055 1153 dehinc
1086 1113 1283 1154 deficiens
1308 1125 1448 1156 servat
1472 1130 1568 1155 cum
1597 1116 1817 1171 praedictis
1844 1116 2035 1170 partibus

74 1192 253 1234 nomina.
281 1201 530 1232 memorata.
593 1192 718 1240 Quae
744 1190 920 1246 quidem
945 1190 1147 1232 tredecim
1171 1193 1283 1234 orbis
1308 1194 1374 1233 sui
1406 1203 1544 1248 partes
1568 1194 1635 1235 die
1659 1204 1875 1248 noctuque
1896 1204 2035 1235 trans-

77 1272 228 1322 currit,
270 1287 408 1326 quum
448 1287 525 1327 pro
570 1272 789 1312 latitudine
821 1273 1103 1324 circulorum,
1158 1289 1265 1328 quos
1304 1275 1483 1325 obeunt,
1535 1275 1684 1316 codem
1716 1276 1930 1316 interstitio
1963 1275 2033 1316 Sol

76 1364 208 1391 unam
238 1351 467 1406 integram,
510 1351 626 1391 Mars
657 1351 901 1402 dimidiam,
944 1352 1108 1407 Jupiter
1138 1353 1440 1395 duodecimam
1473 1356 1599 1396 unius
1633 1357 1781 1411 partiS,
1822 1359 2031 1398 Saturnus

597 628 733 682 Cujus
783 629 911 684 primi
960 630 1132 671 luminis
1177 630 1331 685 effigies
1374 632 1632 686 quibusdam
1673 633 1791 673 velut
1830 633 2028 674 cornibus
2065 629 2155 674 861

77 1431 324 1471 vicesimam
346 1440 539 1471 octavam
566 1431 692 1471 unius
721 1431 918 1486 portionis
949 1442 1160 1473 excurrat.
1195 1433 1359 1474 Verum
1386 1435 1510 1475 Luna
1531 1435 1680 1475 circuit
1708 1445 1842 1476 totum
1867 1435 2036 1490 signise-
2065 1436 2152 1478 865

75 1525 176 1552 rum
201 1511 354 1551 diebus
382 1510 524 1565 viginti
547 1520 705 1565 septem
733 1519 771 1550 et
794 1510 933 1562 besse3
973 1511 1046 1552 sed
1070 1512 1209 1553 Solem
1230 1513 1510 1568 undetriginta
1542 1513 1692 1554 diebus
1717 1524 1756 1555 ct
1778 1514 1920 1556 media
1948 1515 2032 1560 diei

150 1618 398 1664 luculentiores]
435 1618 518 1660 Alii,
559 1625 639 1650 teste
669 1619 784 1652 Grotio
811 1620 844 1650 in
879 1618 1031 1661 margine,

75 1683 356 1722 lucubrandiores,
386 1689 563 1715 monstrum
590 1683 750 1714 vocabuli!

151 1757 193 1777 ex
220 1743 366 1789 speculo]
394 1745 516 1776 Eadem
553 1745 789 1788 comparatione
821 1744 922 1775 utitur
950 1743 1030 1776 Plu-

75 1809 202 1841 tarchus
225 1808 279 1852 (de
298 1809 377 1840 facie
397 1809 430 1839 in
451 1809 526 1840 orbe
552 1809 664 1840 Lunae
691 1810 748 1848 17,
775 1821 806 1851 p.
824 1809 896 1840 926
914 1806 1028 1851 sequ),

74 1882 169 1914 quem
193 1870 276 1902 vide.
302 1869 397 1901 Adde
420 1870 626 1901 Cleomedem
649 1869 770 1912 (κυκλ.
793 1870 911 1915 θεωρ.
929 1869 969 1908 2,
990 1868 1028 1911 4)

74 1940 106 1966 et
129 1933 290 1966 Achillem
310 1933 436 1963 Tatium
462 1933 551 1975 (isag.
576 1933 640 1971 21,
668 1945 698 1975 p.
720 1932 815 1974 142).

149 1991 376 2040 μηνοειδής]
405 1993 537 2037 Septem
559 1994 671 2024 Lunae
694 1989 831 2039 φάσεις
845 1992 913 2034 jam
931 2003 1028 2035 supra

74 2056 118 2101 (ἓ.
138 2057 224 2099 758)
243 2056 419 2087 Martianus
443 2055 561 2095 attigit,
586 2054 641 2085 ubi
661 2055 732 2085 vide
753 2060 861 2085 notam
876 2058 1027 2084 nostram.

73 2118 212 2150 Easdem
233 2122 481 2149 commemorant
499 2115 691 2147 Cleomedes
716 2115 770 2159 (2,
796 2116 850 2158 5),
870 2114 1027 2147 Geminus

74 2179 185 2222 (elem.
210 2184 330 2213 asti-on,
363 2180 395 2218 7,
424 2190 454 2221 p.
477 2178 526 2209 59
554 2176 701 2219 Petam),
739 2176 885 2208 Achilles
914 2176 1026 2207 Tatius

75 2240 166 2285 (isag.
186 2240 230 2270 21
244 2263 253 2279 ,
280 2252 310 2283 p.
329 2240 429 2281 141),
455 2237 645 2270 Ammianus
664 2238 871 2270 Marcellinus
889 2238 961 2282 (20,
985 2239 1027 2278 53

75 2318 106 2349 p.
122 2304 195 2335 257
220 2302 392 2343 Gronov),
414 2302 598 2334 Macrobius
617 2301 663 2346 (iu
688 2314 789 2334 somn.
811 2301 899 2346 Scip.
922 2303 954 2342 1,
978 2300 1027 2346 G),

74 2366 268 2399 Laurentius
299 2365 411 2407 Lydus
444 2365 503 2407 (de
532 2365 665 2397 mensib.
697 2378 727 2409 p.
748 2367 818 2397 108
848 2365 1028 2408 Roetheri),

75 2431 219 2463 Isidorus
247 2429 293 2472 (in
316 2428 395 2469 orig.
412 2429 452 2468 5,
481 2429 546 2469 55,
576 2441 608 2472 p.
628 2430 697 2461 155
718 2428 846 2472 Arev.),
875 2429 949 2470 alii,
975 2440 1027 2460 res

76 2495 160 2528 enim
180 2494 213 2528 in
229 2492 344 2534 vulgus
365 2497 441 2523 nota
463 2497 528 2531 est,
554 2493 731 2524 accuratius
747 2499 853 2525 tamen
866 2492 1028 2525 Aristides

77 2554 314 2599 Quinctilianus
333 2553 386 2597 (de
403 2551 523 2584 musica
538 2553 579 2592 5,
596 2565 626 2597 p.
646 2555 716 2587 156
732 2555 897 2600 Meibom.)
918 2554 1029 2597 viginti

78 2622 149 2650 octo
177 2616 391 2661 apparitiones
417 2614 593 2657 distinguit.

1157 1627 1318 1668 totumque
1333 1622 1469 1667 partem]
1497 1623 1535 1654 In
1552 1623 1646 1654 editis
1665 1629 1747 1655 erat:
1772 1629 1887 1655 »totam
1908 1629 2030 1667 partem

1082 1693 1176 1725 quam
1202 1683 1295 1714 terris
1318 1684 1487 1726 0PP⁰¹¹it⁴‘3·
1513 1690 1545 1714 at
1565 1684 1597 1714 iu
1624 1685 1733 1716 codice
1755 1685 2030 1716 Ettenheiinmiin-

1081 1745 1244 1777 steriensi:
1266 1752 1448 1789 »totamque
1467 1752 1588 1790 partem
1610 1760 1672 1790 qua
1687 1747 1801 1779 ceteris
1823 1748 2030 1792 opponitur-«3

1081 1807 1164 1838 unde
1188 1808 1274 1851 quod
1297 1807 1412 1838 melius
1438 1819 1509 1839 esse
1532 1809 1715 1849 videbatur,
1744 1809 1889 1840 assumsi.

1155 1882 1226 1902 cum
1238 1869 1424 1915 praedictis]
1445 1870 1500 1903 Sic
1520 1872 1622 1903 codex
1635 1872 2029 1904 Ettenheimmansterien-

1080 1932 1133 1963 sis.
1160 1933 1248 1964 Editi
1272 1934 1390 1966 habent
1415 1940 1500 1973 tum,
1527 1935 1628 1968 codex
1649 1936 1914 1968 Darmstattcnsis
1939 1942 2029 1974 time,

1078 1994 1161 2026 male
1186 2000 1364 2038 utrumque.

1154 2056 1237 2098 orbis
1265 2054 1337 2100 sui]
1378 2055 1492 2088 Codex
1522 2056 1948 2090 Ettenheimmsmsteriensis
1975 2060 2027 2091 sui

1080 2119 1208 2158 circuli,-
1233 2120 1290 2150 sed
1312 2119 1471 2160 vulgatam
1498 2120 1646 2153 deserere
1670 2123 1739 2154 sine
1764 2135 1859 2154 causa
1877 2122 1977 2154 nolui.

1151 2181 1210 2214 Sol
1225 2194 1324 2213 unam
1344 2181 1514 2228 inteqram]
1542 2184 1699 2229 supplevi
1721 2198 1762 2218 ex
1782 2186 1892 2218 codice
1913 2186 2025 2216 Etten-

1079 2244 1406 2286 lieimmi'instcriensi,
1444 2246 1521 2279 licet
1545 2248 1641 2279 etiam
1666 2260 1725 2292 pro
1753 2249 1964 2281 additamento
1986 2247 2023 2279 li-

1078 2306 1176 2339 brarii
1203 2306 1312 2338 haberi
1333 2307 1447 2350 possit.

1153 2368 1335 2398 vicesimam
1362 2367 1525 2415 octavam]
1561 2370 1646 2403 Vide
1673 2381 1754 2414 quae
1780 2369 1927 2414 superius
1960 2368 2026 2400 dixi

1079 2427 1132 2471 (ad
1154 2426 1181 2471 §.
1204 2427 1299 2470 856).
2026 2471 2028 2474 v

1156 2496 1188 2522 et
1211 2489 1312 2536 besse]
1348 2490 1481 2523 Grotius
1504 2503 1562 2536 per
1590 2504 1730 2524 errorem
1753 2494 1852 2532 bisse,
1877 2494 1963 2538 quod
1987 2505 2027 2526 ex

1081 2552 1293 2584 anterioribus
1328 2553 1468 2594 correxi3
1502 2553 1628 2595 gravius
1660 2553 1762 2586 videri
1789 2554 1909 2599 possit,
1942 2556 2029 2599 quod

1086 2615 1165 2649 alios
1192 2616 1300 2660 legere
1324 2616 1409 2652 idem
1424 2617 1458 2651 in
1477 2617 1618 2660 margine
1637 2617 1813 2661 annotavit,
1843 2624 1911 2653 octo
1931 2620 2032 2660 horis,

1588 2681 1635 2711 83
