2310 2860
730 147 928 189 Martiani
960 144 1158 203 Capellae
1189 145 1259 186 lib.
1287 144 1362 187 VJ.
1393 146 1423 196 §-
1447 143 1548 186 642.
2018 145 2107 187 525

158 254 313 296 Sirenis
343 255 538 309 sepulcro
572 253 654 295 hoc
690 255 862 295 nomine
896 254 1120 303 vocitatae,
1153 267 1263 308 quae
1293 266 1407 293 nune
1439 251 1637 307 Neapolis
1670 251 1928 307 appellatur,
1980 253 2107 293 Prae-

155 344 270 376 neste
293 335 346 376 ab
371 336 536 390 Ulyssis
565 345 716 391 nepote
736 337 978 386 Praeneste,
1009 335 1104 376 lieet
1134 334 1201 375 alii
1234 335 1362 375 velint
1393 333 1625 374 Caeculum
1659 333 1939 383 conditorem,
1971 347 2102 387 quem

155 418 307 471 pignus
333 427 525 458 asserunt
554 417 679 458 fuisse
706 417 996 458 flammarum.
1056 417 1192 472 Arpos
1218 427 1256 458 et
1281 418 1570 458 Beneventum
1601 415 1847 466 Diomedes,
1878 416 2103 457 Patavium

155 496 365 547 Antenor,
411 497 518 552 Pylii
556 497 850 553 Metapontum
885 495 1132 549 condidere3
1184 497 1258 539 sed.
1288 498 1346 538 nil
1375 512 1473 539 mea
1506 497 1674 538 interest
1714 497 1889 552 origines
1926 497 2102 538 urbium

156 580 426 634 perscrutari.

661 736 740 776 DE
783 735 1010 777 INSULIS
1056 735 1367 776 TYRRHENI
1409 735 1602 780 MARIS.

323 843 452 884 Nune
489 843 693 898 quoniam
732 842 976 882 continentis
1008 851 1142 883 terrae
1172 841 1292 882 limes
1324 840 1599 882 interfluentis
1631 841 1724 882 freti
1760 841 2006 881 coercitione
2037 841 2102 881 di-
2131 837 2225 879 645

152 925 396 980 stinguitur,
428 941 512 965 non
545 925 731 965 alienum
764 933 823 963 est
853 924 959 963 inter
991 922 1150 962 fluenta
1183 932 1442 977 emergentes
1473 931 1626 973 terras,
1658 936 1768 977 quae
1800 921 1916 975 quod
1945 921 1984 961 in
2015 921 2102 961 salo

151 1006 231 1046 sint
269 1007 430 1047 insulae
471 1007 728 1054 vocitantur,
778 1004 1111 1059 praesertimque
1143 1003 1302 1043 nobiles
1335 1019 1621 1044 commonere.
1677 1004 1832 1058 Neque
1864 1004 1976 1043 enim
2010 1017 2103 1043 mo-

150 1100 245 1126 rosa
279 1085 404 1126 debet
443 1100 530 1125 esse
570 1085 797 1139 percursio.
859 1085 1049 1124 Transeo
1082 1085 1226 1138 itaque
1257 1085 1448 1138 Pityusas
1480 1099 1504 1125 a
1533 1085 1638 1125 silva
1670 1086 1793 1140 pinea
1825 1094 2102 1134 meinorataS‚

148 1179 261 1220 quae
294 1180 410 1206 nune
439 1165 610 1205 Ebusus
643 1165 899 1220 appellatur,
943 1166 983 1205 in
1016 1163 1199 1204 confinio
1232 1163 1496 1219 Carthaginis
1535 1180 1694 1216 novae,
1748 1165 1942 1205 Baleares
1976 1165 2102 1204 etiam

148 1244 274 1296 duas,
320 1244 644 1296 Colubrariam,
689 1255 728 1286 et
766 1259 872 1299 quas
918 1246 1173 1299 Gymnasias
1209 1245 1361 1285 Graeci
1392 1245 1556 1296 diCunt,
1606 1246 1674 1287 vel
1707 1245 1957 1301 Caprariam
1992 1260 2102 1286 nau—

148 1324 376 1380 fragalem3
407 1325 449 1364 in
472 1325 635 1365 Galliae
661 1339 835 1378 quoque
861 1340 933 1365 ora
959 1326 1000 1365 in
1023 1324 1222 1366 Rhodani
1246 1326 1351 1366 ostio
1375 1325 1554 1377 Metina,
1587 1341 1687 1368 mox
1713 1341 1825 1382 quae
1852 1326 2101 1367 Blascorum

146 1452 296 1495 Explicat
324 1457 357 1483 et
382 1453 466 1484 1111110
492 1452 598 1483 10011111
631 1451 781 1491 Solinus,
811 1452 866 1495 qni
890 1452 928 1483 de
956 1451 1098 1484 Caceulo
1222 1451 1317 1497 silva]
1344 1452 1469 1483 Plinius
1492 1453 1544 1496 (5,
1573 1451 1633 1495 11)
1662 1465 1699 1484 »a
1721 1452 1840 1494 frutice
1869 1453 2002 1496 pineo«,
2043 1454 2101 1485 sed

146 1515 282 1559 loquens
304 1515 362 1546 ait.-
379 1528 493 1559 »quem
508 1515 601 1556 juxta
626 1516 714 1557 ignes
738 1515 886 1546 fortuitos
910 1515 1099 1547 invenerunt
1150 1517 1232 1547 silva
1253 1528 1481 1558 nonnunquam
1513 1528 1571 1560 pro
1595 1516 1713 1559 frulioe
1737 1515 1867 1560 ponitur
1891 1516 2040 1560 (Salmas.
2059 1517 2100 1548 ad

145 1579 338 1620 Digitiornm
353 1590 518 1619 sororesu3
546 1591 585 1609 m.
600 1578 745 1621 fortuito.
772 1578 884 1619 Digitii
902 1584 1007 1609 antem
1024 1584 1098 1610 sunt

145 1637 330 1676 δάκτυλοι
353 1640 479 1676 wacon.
525 1641 597 1674 Nisi
620 1643 712 1685 digiti
734 1642 826 1672 malis
853 1641 940 1684 qnod
965 1641 1096 1684 propius

145 1703 183 1734 ad
207 1704 367 1736 Graecum
393 1703 524 1735 accedit.
550 1703 606 1735 Sie
630 1703 746 1735 Cicero
769 1703 808 1733 de
829 1703 870 1735 N.
892 1703 932 1733 D.
951 1703 990 1733 de
1014 1703 1097 1734 Iler-

144 1765 231 1797 cule:
260 1765 408 1797 »Tertius
430 1771 479 1796 est
497 1777 537 1796 ex
554 1765 659 1796 Idaeis
683 1765 848 1808 Daetylis«
868 1764 942 1796 MS.
965 1764 1095 1796 Cicero-

144 1827 193 1857 nis
215 1827 311 1858 habet
334 1827 640 1870 Diyitis.Gnor.——-
668 1826 754 1858 Vide
778 1826 923 1870 inprimis
947 1826 1096 1858 Servium

144 1888 184 1920 ad
212 1888 340 1929 Virgilii
365 1888 472 1919 locum
497 1887 598 1931 (Aen.
620 1889 652 1927 7,
679 1888 766 1930 678)
789 1893 821 1918 et
842 1888 1095 1931 Mythograplios

143 1951 319 1985 Vaticanus
343 1951 385 1995 (p.
402 1952 450 1982 29
470 1957 503 1982 et
528 1952 597 1982 15ss
622 1950 737 1992 Rode).

215 2013 451 2059 Beneventum]
475 2014 539 2046 vel
559 2014 666 2057 potius
681 2014 913 2052 BIaleventzma,
928 2013 1094 2058 Stephano

142 2088 270 2121 qnoque
286 2082 367 2108 teste
383 2076 427 2120 (p.
444 2078 489 2107 76
508 2075 675 2119 Xyland.)2
691 2073 928 2115 Βενὲβειντος
941 2075 1094 2121 χωρίον

141 2134 366 2183 Διομήδους
398 2138 439 2172 ἐν
463 2134 619 2183 Ἰταλίᾳ·
648 2138 685 2171 οἱ
707 2134 747 2171 δὲ
777 2134 836 2170 ὅτι
857 2136 982 2181 κτῆμα
1007 2138 1093 2171 Λιο-

139 2194 307 2243 ’μήὸους,
333 2191 357 2244 ᾗ
385 2196 450 2233 καὶ
474 2195 707 2237 ΛΙιιλοεντὸς
726 2196 891 2243 ἐλέγετο.
920 2199 1041 2230 Confer
1061 2204 1094 2230 et

140 2262 283 2293 Plinium
309 2262 363 2305 (5,
392 2262 466 2304 16):
494 2262 723 2305 »Hirpinorum
748 2262 875 2293 colonia
901 2274 962 2293 una
986 2263 1090 2294 Bene-

141 2330 286 2365 ventum,
313 2325 506 2368 auspicatius
525 2331 646 2357 mutato
666 2325 806 2366 nomine,
830 2337 910 2370 quae
932 2326 1092 2370 quondam

142 2387 300 2431 appellata
327 2387 569 2419 Maleventum«

214 2449 300 2495 quod
320 2449 355 2479 in
371 2446 452 2492 salo]
478 2448 595 2479 Festus
619 2459 748 2492 quoque
766 2448 811 2493 (p.
830 2449 900 2480 192
917 2448 1010 2492 Dae.)
1031 2450 1092 2480 hoc

140 2518 269 2556 etymon
298 2512 413 2555 prodit.
453 2510 548 2544 Adde
578 2511 737 2545 Isidorum
763 2512 869 2557 (etym.
897 2513 959 2554 14,
984 2515 1023 2554 6,
1050 2514 1088 2554 13

139 2587 172 2619 p.
194 2575 263 2607 ¹70
285 2572 407 2616 Areu).

1150 1577 1254 1609 Solin.
1278 1591 1308 1621 p.
1327 1577 1422 1619 279).

1225 1636 1436 1682 Gymnesios]
1473 1637 1557 1669 Vide
1594 1636 1787 1670 Strabonem
1822 1643 1854 1669 et
1888 1638 2097 1683 Stephanum.

1149 1701 1317 1734 GnoT.—
1348 1701 1488 1732 Easdem
1512 1712 1583 1732 esse
1613 1713 1683 1733 011111
1715 1701 1905 1733 Balearibus
1937 1703 1987 1733 vel
2013 1703 2097 1734 Livii

1148 1763 1286 1807 epitome
1318 1763 1385 1806 (lib.
1409 1762 1470 1805 (30)
1495 1763 1602 1794 docet:
1642 1775 1739 1806 »quas
1768 1763 1885 1796 Graeci
1910 1764 2101 1806 Gymnesios

1147 1825 1325 1868 appellant,
1363 1824 1437 1867 quia
1468 1830 1619 1856 aestatem
1655 1824 1733 1856 nudi
1768 1826 1915 1867 exigunt.
1946 1826 2101 1857 Baleares

1147 1893 1252 1918 autem
1271 1898 1288 1918 a
1311 1886 1366 1917 teli
1390 1885 1489 1916 missu
1507 1892 1561 1916 aut
1581 1898 1598 1917 a
1619 1886 1721 1918 Baleo
1745 1887 1896 1919 Herculis
1921 1888 2032 1919 comite
2056 1887 2101 1919 ihi

1145 1947 1257 1979 relicto
1283 1952 1359 1979 tunc
1384 1959 1481 1990 quum
1505 1947 1664 1979 Hercules
1695 1948 1734 1979 ad
1760 1948 1941 1992 Geryonem
1972 1949 2098 1990 naviga-

1144 2016 1204 2044 ret.
1214 2025 1224 2038 u
1256 2010 1328 2041 Nisi
1347 2010 1443 2051 igitur
1464 2011 1560 2043 lectio
1578 2011 1680 2042 nostri
1702 2017 1849 2055 corrupta
1868 2018 1932 2052 est,
1955 2012 2099 2044 Plinium

1145 2074 1226 2105 male
1255 2073 1428 2114 intellexit,
1463 2074 1553 2116 cnjus
1582 2076 1659 2106 haee
1693 2075 1789 2106 verba
1814 2081 1903 2106 sunt:
1925 2076 2097 2107 »Baleares

1144 2136 1224 2166 duae
1241 2140 1274 2166 et
1290 2135 1469 2167 Sucronem
1484 2148 1595 2167 versus
1614 2136 1812 2169 Colubraria.
1829 2136 1982 2168 Baleares
1998 2137 2096 2168 sunda

1143 2199 1315 2231 bellicosas
1339 2199 1455 2231 Graeci
1479 2199 1670 2242 Gymnasias
1702 2200 1839 2232 dixere.«

1216 2259 1462 2306 naufragalem]
1505 2261 1711 2293 »Insidiosam
1749 2261 1938 2302 naufragiis«
1967 2258 2093 2292 Plinius

1144 2322 1290 2367 appellat.

1215 2398 1290 2417 mox
1312 2363 1570 2435 qzzae]·Afldidi
1603 2398 1678 2417 mox
1707 2397 1746 2417 ex
1774 2384 1882 2416 Plinio
1919 2388 1951 2415 et
1978 2383 2091 2416 codici-

1140 2451 1202 2482 bus
1228 2449 1385 2481 Grotiano
1407 2454 1439 2480 et
1461 2449 1718 2481 Darmstattensi.

1215 2508 1421 2554 Blascorum]
1447 2510 1514 2541 Alii
1536 2512 1694 2548 Blascon,
1723 2507 1943 2547 Ptolemaeus,
1972 2506 2089 2539 Strabo

1140 2574 1163 2608 Ι.
1187 2575 1247 2615 10,
1281 2579 1313 2607 et
1346 2574 1473 2618 quidam
1508 2574 1606 2606 Plinii
1637 2572 1771 2605 codices.
1789 2571 1891 2603 Gnor.
1912 2589 1958 2594 —
1990 2569 2089 2615 Apud
