<?xml version="1.0" encoding="UTF-8"?>
<!DOCTYPE html PUBLIC "-//W3C//DTD XHTML 1.0 Transitional//EN"
    "http://www.w3.org/TR/xhtml1/DTD/xhtml1-transitional.dtd">
<html xmlns="http://www.w3.org/1999/xhtml" xml:lang="en" lang="en">
 <head>
  <title>
</title>
<meta http-equiv="Content-Type" content="text/html;charset=utf-8" />
  <meta name='ocr-system' content='tesseract 3.04.00' />
  <meta name='ocr-capabilities' content='ocr_page ocr_carea ocr_par ocr_line ocrx_word'/>
</head>
<body>
  <div class='ocr_page' id='page_1' title='image "./denuptiisphilolo00martuoft/denuptiisphilolo00martuoft_0658.png"; bbox 0 0 2310 2860; ppageno 0'>
   <div class='ocr_carea' id='block_1_1' title="bbox 221 163 1624 221">
    <p class='ocr_par' dir='ltr' id='par_1_1' title="bbox 221 163 1624 221">
     <span class='ocr_line' id='line_1_1' title="bbox 221 163 1624 221; baseline -0.005 -8"><span class='ocrx_word' id='word_1_1' title='bbox 221 171 312 213; x_wconf 76' lang='lat'><strong>622</strong></span> <span class='ocrx_word' id='word_1_2' title='bbox 789 166 988 208; x_wconf 86' lang='lat' dir='ltr'><strong>Martiani</strong></span> <span class='ocrx_word' id='word_1_3' title='bbox 1021 164 1220 221; x_wconf 78' lang='lat' dir='ltr'>Capellae</span> <span class='ocrx_word' id='word_1_4' title='bbox 1250 164 1323 206; x_wconf 88' lang='lat' dir='ltr'><strong>lib.</strong></span> <span class='ocrx_word' id='word_1_5' title='bbox 1343 163 1441 207; x_wconf 84' lang='lat' dir='ltr'><strong>VII.</strong></span> <span class='ocrx_word' id='word_1_6' title='bbox 1471 166 1502 217; x_wconf 85' lang='lat'><strong>§.</strong></span> <span class='ocrx_word' id='word_1_7' title='bbox 1524 165 1624 206; x_wconf 78' lang='lat'><strong>784.</strong></span> 
     </span>
    </p>
   </div>
   <div class='ocr_carea' id='block_1_2' title="bbox 224 271 2189 1138">
    <p class='ocr_par' dir='ltr' id='par_1_2' title="bbox 224 271 2189 1138">
     <span class='ocr_line' id='line_1_2' title="bbox 226 271 2183 332; baseline -0.001 -14"><span class='ocrx_word' id='word_1_8' title='bbox 226 287 297 318; x_wconf 85' lang='lat' dir='ltr'><strong>aut</strong></span> <span class='ocrx_word' id='word_1_9' title='bbox 335 291 408 332; x_wconf 84' lang='lat' dir='ltr'><strong>per</strong></span> <span class='ocrx_word' id='word_1_10' title='bbox 447 291 489 315; x_wconf 88' lang='lat' dir='ltr'><strong>se</strong></span> <span class='ocrx_word' id='word_1_11' title='bbox 528 275 831 330; x_wconf 87' lang='lat' dir='ltr'><strong>incompositus</strong></span> <span class='ocrx_word' id='word_1_12' title='bbox 868 283 948 324; x_wconf 89' lang='lat' dir='ltr'><strong>est,</strong></span> <span class='ocrx_word' id='word_1_13' title='bbox 990 282 1062 313; x_wconf 90' lang='lat' dir='ltr'><strong>aut</strong></span> <span class='ocrx_word' id='word_1_14' title='bbox 1098 271 1133 312; x_wconf 88' lang='lat' dir='ltr'><strong>si</strong></span> <span class='ocrx_word' id='word_1_15' title='bbox 1164 286 1240 327; x_wconf 86' lang='lat' dir='ltr'><strong>per</strong></span> <span class='ocrx_word' id='word_1_16' title='bbox 1277 285 1321 311; x_wconf 88' lang='lat' dir='ltr'><strong>se</strong></span> <span class='ocrx_word' id='word_1_17' title='bbox 1362 271 1620 327; x_wconf 87' lang='lat' dir='ltr'><strong>compositu-s</strong></span> <span class='ocrx_word' id='word_1_18' title='bbox 1662 281 1721 313; x_wconf 85' lang='lat' dir='ltr'><strong>est</strong></span> <span class='ocrx_word' id='word_1_19' title='bbox 1762 271 1805 313; x_wconf 92' lang='lat' dir='ltr'><strong>in</strong></span> <span class='ocrx_word' id='word_1_20' title='bbox 1844 273 1985 328; x_wconf 89' lang='lat' dir='ltr'><strong>aliquo</strong></span> <span class='ocrx_word' id='word_1_21' title='bbox 2023 289 2099 330; x_wconf 84' lang='lat' dir='ltr'><strong>per</strong></span> <span class='ocrx_word' id='word_1_22' title='bbox 2139 288 2183 315; x_wconf 87' lang='lat' dir='ltr'><strong>se</strong></span> 
     </span>
     <span class='ocr_line' id='line_1_3' title="bbox 226 351 2184 412; baseline -0.002 -14"><span class='ocrx_word' id='word_1_23' title='bbox 226 357 500 412; x_wconf 79' lang='lat' dir='ltr'><strong>incomposito</strong></span> <span class='ocrx_word' id='word_1_24' title='bbox 534 370 785 397; x_wconf 87' lang='lat' dir='ltr'><strong>mensuram</strong></span> <span class='ocrx_word' id='word_1_25' title='bbox 818 355 967 406; x_wconf 89' lang='lat' dir='ltr'><strong>habet,</strong></span> <span class='ocrx_word' id='word_1_26' title='bbox 1014 363 1060 394; x_wconf 91' lang='lat' dir='ltr'><strong>ut</strong></span> <span class='ocrx_word' id='word_1_27' title='bbox 1097 362 1203 403; x_wconf 80' lang='lat' dir='ltr'><strong>treS,</strong></span> <span class='ocrx_word' id='word_1_28' title='bbox 1246 352 1410 407; x_wconf 87' lang='lat' dir='ltr'><strong>quique</strong></span> <span class='ocrx_word' id='word_1_29' title='bbox 1453 352 1505 393; x_wconf 87' lang='lat' dir='ltr'><strong>ab</strong></span> <span class='ocrx_word' id='word_1_30' title='bbox 1547 367 1596 393; x_wconf 91' lang='lat' dir='ltr'><strong>eo</strong></span> <span class='ocrx_word' id='word_1_31' title='bbox 1642 366 1719 408; x_wconf 90' lang='lat' dir='ltr'><strong>per</strong></span> <span class='ocrx_word' id='word_1_32' title='bbox 1757 351 2078 406; x_wconf 89' lang='lat' dir='ltr'><strong>triplicationem</strong></span> <span class='ocrx_word' id='word_1_33' title='bbox 2118 354 2184 395; x_wconf 87' lang='lat' dir='ltr'><strong>in-</strong></span> 
     </span>
     <span class='ocr_line' id='line_1_4' title="bbox 226 435 2184 495; baseline -0.001 -17"><span class='ocrx_word' id='word_1_34' title='bbox 226 447 431 495; x_wconf 74' lang='lat' dir='ltr'><strong>crescunt,</strong></span> <span class='ocrx_word' id='word_1_35' title='bbox 456 451 612 478; x_wconf 80' lang='lat' dir='ltr'><strong>novem</strong></span> <span class='ocrx_word' id='word_1_36' title='bbox 644 437 687 478; x_wconf 91' lang='lat' dir='ltr'><strong>in</strong></span> <span class='ocrx_word' id='word_1_37' title='bbox 718 436 876 486; x_wconf 86' lang='lat' dir='ltr'><strong>tribus,</strong></span> <span class='ocrx_word' id='word_1_38' title='bbox 908 436 1005 476; x_wconf 87' lang='lat' dir='ltr'><strong>item</strong></span> <span class='ocrx_word' id='word_1_39' title='bbox 1034 435 1279 490; x_wconf 85' lang='lat' dir='ltr'><strong>quindecim</strong></span> <span class='ocrx_word' id='word_1_40' title='bbox 1316 435 1356 475; x_wconf 92' lang='lat' dir='ltr'><strong>in</strong></span> <span class='ocrx_word' id='word_1_41' title='bbox 1383 435 1589 491; x_wconf 87' lang='lat' dir='ltr'><strong>quinque.</strong></span> <span class='ocrx_word' id='word_1_42' title='bbox 1649 435 1731 476; x_wconf 87' lang='lat' dir='ltr'><strong>Sed</strong></span> <span class='ocrx_word' id='word_1_43' title='bbox 1755 449 1928 486; x_wconf 90' lang='lat' dir='ltr'><strong>eorum,</strong></span> <span class='ocrx_word' id='word_1_44' title='bbox 1961 435 2036 489; x_wconf 88' lang='lat' dir='ltr'><strong>qui</strong></span> <span class='ocrx_word' id='word_1_45' title='bbox 2063 450 2184 491; x_wconf 90' lang='lat' dir='ltr'><strong>pares</strong></span> 
     </span>
     <span class='ocr_line' id='line_1_5' title="bbox 224 514 2185 573; baseline 0.001 -15"><span class='ocrx_word' id='word_1_46' title='bbox 224 534 276 558; x_wconf 77' lang='lat' dir='ltr'><strong>ex</strong></span> <span class='ocrx_word' id='word_1_47' title='bbox 311 518 486 573; x_wconf 87' lang='lat' dir='ltr'><strong>paribus</strong></span> <span class='ocrx_word' id='word_1_48' title='bbox 525 527 644 568; x_wconf 86' lang='lat' dir='ltr'><strong>sunt,</strong></span> <span class='ocrx_word' id='word_1_49' title='bbox 690 516 868 557; x_wconf 87' lang='lat' dir='ltr'><strong>minima</strong></span> <span class='ocrx_word' id='word_1_50' title='bbox 909 530 1109 555; x_wconf 86' lang='lat' dir='ltr'><strong>mensura</strong></span> <span class='ocrx_word' id='word_1_51' title='bbox 1145 515 1187 554; x_wconf 94' lang='lat' dir='ltr'><strong>in</strong></span> <span class='ocrx_word' id='word_1_52' title='bbox 1219 514 1389 554; x_wconf 90' lang='lat' dir='ltr'><strong>duobus</strong></span> <span class='ocrx_word' id='word_1_53' title='bbox 1425 524 1507 567; x_wconf 80' lang='lat' dir='ltr'><strong>est3</strong></span> <span class='ocrx_word' id='word_1_54' title='bbox 1554 530 1704 557; x_wconf 86' lang='lat' dir='ltr'><strong>eorum</strong></span> <span class='ocrx_word' id='word_1_55' title='bbox 1747 525 1915 567; x_wconf 88' lang='lat' dir='ltr'><strong>autem,</strong></span> <span class='ocrx_word' id='word_1_56' title='bbox 1958 517 2034 571; x_wconf 92' lang='lat' dir='ltr'><strong>qui</strong></span> <span class='ocrx_word' id='word_1_57' title='bbox 2063 531 2185 572; x_wconf 84' lang='lat' dir='ltr'><strong>pares</strong></span> 
     </span>
     <span class='ocr_line' id='line_1_6' title="bbox 225 588 2185 652; baseline -0.001 -15"><span class='ocrx_word' id='word_1_58' title='bbox 225 612 276 637; x_wconf 81' lang='lat' dir='ltr'><strong>ex</strong></span> <span class='ocrx_word' id='word_1_59' title='bbox 308 597 544 652; x_wconf 78' lang='lat' dir='ltr'><strong>imparibus</strong></span> <span class='ocrx_word' id='word_1_60' title='bbox 585 606 658 637; x_wconf 90' lang='lat' dir='ltr'><strong>aut</strong></span> <span class='ocrx_word' id='word_1_61' title='bbox 698 596 824 636; x_wconf 89' lang='lat' dir='ltr'><strong>etiam</strong></span> <span class='ocrx_word' id='word_1_62' title='bbox 871 588 1056 650; x_wconf 86' lang='lat' dir='ltr'><strong>impares</strong></span> <span class='ocrx_word' id='word_1_63' title='bbox 1087 604 1204 645; x_wconf 87' lang='lat' dir='ltr'><strong>sunt,</strong></span> <span class='ocrx_word' id='word_1_64' title='bbox 1251 604 1384 649; x_wconf 81' lang='lat' dir='ltr'><strong>potest</strong></span> <span class='ocrx_word' id='word_1_65' title='bbox 1416 595 1593 636; x_wconf 90' lang='lat' dir='ltr'><strong>minima</strong></span> <span class='ocrx_word' id='word_1_66' title='bbox 1625 610 1827 637; x_wconf 88' lang='lat' dir='ltr'><strong>mensura</strong></span> <span class='ocrx_word' id='word_1_67' title='bbox 1858 596 1983 636; x_wconf 83' lang='lat' dir='ltr'><strong>etiam</strong></span> <span class='ocrx_word' id='word_1_68' title='bbox 2019 597 2062 636; x_wconf 91' lang='lat' dir='ltr'><strong>in</strong></span> <span class='ocrx_word' id='word_1_69' title='bbox 2094 610 2185 636; x_wconf 89' lang='lat' dir='ltr'><strong>ma—</strong></span> 
     </span>
     <span class='ocr_line' id='line_1_7' title="bbox 224 675 2186 733; baseline 0.002 -18"><span class='ocrx_word' id='word_1_70' title='bbox 224 677 384 731; x_wconf 77' lang='lat' dir='ltr'><strong>joribus</strong></span> <span class='ocrx_word' id='word_1_71' title='bbox 429 676 619 716; x_wconf 87' lang='lat' dir='ltr'><strong>numeris</strong></span> <span class='ocrx_word' id='word_1_72' title='bbox 666 691 778 727; x_wconf 88' lang='lat' dir='ltr'><strong>esse,</strong></span> <span class='ocrx_word' id='word_1_73' title='bbox 840 676 1039 716; x_wconf 88' lang='lat' dir='ltr'><strong>omnibus</strong></span> <span class='ocrx_word' id='word_1_74' title='bbox 1083 684 1226 716; x_wconf 85' lang='lat' dir='ltr'><strong>tamen</strong></span> <span class='ocrx_word' id='word_1_75' title='bbox 1273 675 1525 730; x_wconf 74' lang='lat' dir='ltr'>imparibus.</span> <span class='ocrx_word' id='word_1_76' title='bbox 1597 676 1736 716; x_wconf 85' lang='lat' dir='ltr'><strong>Unius</strong></span> <span class='ocrx_word' id='word_1_77' title='bbox 1777 686 1921 717; x_wconf 89' lang='lat' dir='ltr'><strong>autem</strong></span> <span class='ocrx_word' id='word_1_78' title='bbox 1968 677 2186 733; x_wconf 84' lang='lat' dir='ltr'><strong>compositi</strong></span> 
     </span>
     <span class='ocr_line' id='line_1_8' title="bbox 229 755 2188 812; baseline 0 -14"><span class='ocrx_word' id='word_1_79' title='bbox 229 773 429 799; x_wconf 81' lang='lat' dir='ltr'><strong>mensura</strong></span> <span class='ocrx_word' id='word_1_80' title='bbox 469 759 536 799; x_wconf 87' lang='lat' dir='ltr'><strong>vel</strong></span> <span class='ocrx_word' id='word_1_81' title='bbox 577 759 754 798; x_wconf 87' lang='lat' dir='ltr'><strong>minima</strong></span> <span class='ocrx_word' id='word_1_82' title='bbox 794 758 861 798; x_wconf 90' lang='lat' dir='ltr'><strong>vel</strong></span> <span class='ocrx_word' id='word_1_83' title='bbox 901 758 1090 797; x_wconf 78' lang='lat' dir='ltr'><strong>maxima</strong></span> <span class='ocrx_word' id='word_1_84' title='bbox 1134 755 1256 796; x_wconf 84' lang='lat' dir='ltr'><strong>facile</strong></span> <span class='ocrx_word' id='word_1_85' title='bbox 1287 756 1527 811; x_wconf 81' lang='lat' dir='ltr'><strong>reperitur3</strong></span> <span class='ocrx_word' id='word_1_86' title='bbox 1590 757 1806 812; x_wconf 79' lang='lat' dir='ltr'><strong>replicatio</strong></span> <span class='ocrx_word' id='word_1_87' title='bbox 1847 757 1958 797; x_wconf 82' lang='lat' dir='ltr'><strong>enin]</strong></span> <span class='ocrx_word' id='word_1_88' title='bbox 2006 772 2188 798; x_wconf 89' lang='lat' dir='ltr'><strong>numero</strong></span> 
     </span>
     <span class='ocr_line' id='line_1_9' title="bbox 225 836 2188 896; baseline -0.002 -16"><span class='ocrx_word' id='word_1_89' title='bbox 225 840 422 896; x_wconf 84' lang='lat' dir='ltr'><strong>proxima</strong></span> <span class='ocrx_word' id='word_1_90' title='bbox 467 854 669 880; x_wconf 88' lang='lat' dir='ltr'><strong>mensura</strong></span> <span class='ocrx_word' id='word_1_91' title='bbox 713 839 922 888; x_wconf 74' lang='lat' dir='ltr'><strong>maxima,</strong></span> <span class='ocrx_word' id='word_1_92' title='bbox 968 837 1117 877; x_wconf 84' lang='lat' dir='ltr'><strong>ultima</strong></span> <span class='ocrx_word' id='word_1_93' title='bbox 1164 836 1343 876; x_wconf 83' lang='lat' dir='ltr'><strong>minima</strong></span> <span class='ocrx_word' id='word_1_94' title='bbox 1384 845 1454 876; x_wconf 85' lang='lat' dir='ltr'><strong>est.</strong></span> <span class='ocrx_word' id='word_1_95' title='bbox 1516 836 1576 877; x_wconf 89' lang='lat' dir='ltr'><strong>Ut</strong></span> <span class='ocrx_word' id='word_1_96' title='bbox 1611 847 1712 892; x_wconf 86' lang='lat' dir='ltr'><strong>puta</strong></span> <span class='ocrx_word' id='word_1_97' title='bbox 1751 838 1831 878; x_wconf 84' lang='lat' dir='ltr'><strong>sint</strong></span> <span class='ocrx_word' id='word_1_98' title='bbox 1860 838 2188 893; x_wconf 78' lang='lat' dir='ltr'><strong>quinquaginta,</strong></span> 
     </span>
     <span class='ocr_line' id='line_1_10' title="bbox 224 915 2188 976; baseline -0.002 -14"><span class='ocrx_word' id='word_1_99' title='bbox 224 922 272 962; x_wconf 86' lang='lat' dir='ltr'><strong>hi</strong></span> <span class='ocrx_word' id='word_1_100' title='bbox 300 921 578 976; x_wconf 78' lang='lat' dir='ltr'><strong>replicentur3</strong></span> <span class='ocrx_word' id='word_1_101' title='bbox 636 918 812 960; x_wconf 85' lang='lat' dir='ltr'><strong>dimidia</strong></span> <span class='ocrx_word' id='word_1_102' title='bbox 844 933 940 973; x_wconf 89' lang='lat' dir='ltr'><strong>pars</strong></span> <span class='ocrx_word' id='word_1_103' title='bbox 973 931 1124 958; x_wconf 88' lang='lat' dir='ltr'><strong>eorum</strong></span> <span class='ocrx_word' id='word_1_104' title='bbox 1173 915 1314 969; x_wconf 88' lang='lat' dir='ltr'><strong>viginti</strong></span> <span class='ocrx_word' id='word_1_105' title='bbox 1348 915 1565 971; x_wconf 89' lang='lat' dir='ltr'><strong>quinque,</strong></span> <span class='ocrx_word' id='word_1_106' title='bbox 1596 917 1637 957; x_wconf 89' lang='lat' dir='ltr'><strong>in</strong></span> <span class='ocrx_word' id='word_1_107' title='bbox 1671 918 1733 958; x_wconf 85' lang='lat' dir='ltr'><strong>his</strong></span> <span class='ocrx_word' id='word_1_108' title='bbox 1766 933 1967 960; x_wconf 88' lang='lat' dir='ltr'><strong>mensura</strong></span> <span class='ocrx_word' id='word_1_109' title='bbox 1999 919 2188 959; x_wconf 85' lang='lat' dir='ltr'><strong>maxima</strong></span> 
     </span>
     <span class='ocr_line' id='line_1_11' title="bbox 228 997 2186 1053; baseline -0.001 -11"><span class='ocrx_word' id='word_1_110' title='bbox 228 1012 298 1042; x_wconf 70' lang='lat' dir='ltr'><strong>est.</strong></span> <span class='ocrx_word' id='word_1_111' title='bbox 356 1003 522 1042; x_wconf 77' lang='lat' dir='ltr'>Rursus</span> <span class='ocrx_word' id='word_1_112' title='bbox 556 1000 972 1050; x_wconf 82' lang='lat' dir='ltr'><strong>animadvertamus,</strong></span> <span class='ocrx_word' id='word_1_113' title='bbox 1014 1013 1120 1053; x_wconf 86' lang='lat' dir='ltr'><strong>quas</strong></span> <span class='ocrx_word' id='word_1_114' title='bbox 1159 997 1379 1038; x_wconf 85' lang='lat' dir='ltr'><strong>inferiores</strong></span> <span class='ocrx_word' id='word_1_115' title='bbox 1412 1012 1634 1039; x_wconf 82' lang='lat' dir='ltr'><strong>mensuras</strong></span> <span class='ocrx_word' id='word_1_116' title='bbox 1675 999 1842 1040; x_wconf 89' lang='lat' dir='ltr'><strong>habeat.</strong></span> <span class='ocrx_word' id='word_1_117' title='bbox 1903 1002 2010 1041; x_wconf 87' lang='lat' dir='ltr'><strong>Sunt</strong></span> <span class='ocrx_word' id='word_1_118' title='bbox 2046 1010 2186 1041; x_wconf 87' lang='lat' dir='ltr'><strong>autem</strong></span> 
     </span>
     <span class='ocr_line' id='line_1_12' title="bbox 227 1078 2189 1138; baseline -0.001 -14"><span class='ocrx_word' id='word_1_119' title='bbox 227 1083 364 1124; x_wconf 88' lang='lat' dir='ltr'><strong>decies</strong></span> <span class='ocrx_word' id='word_1_120' title='bbox 397 1084 526 1138; x_wconf 88' lang='lat' dir='ltr'><strong>quina</strong></span> <span class='ocrx_word' id='word_1_121' title='bbox 560 1084 891 1138; x_wconf 74' lang='lat' dir='ltr'><strong>quinquaginta,</strong></span> <span class='ocrx_word' id='word_1_122' title='bbox 935 1082 1033 1122; x_wconf 87' lang='lat' dir='ltr'><strong>item</strong></span> <span class='ocrx_word' id='word_1_123' title='bbox 1068 1080 1296 1135; x_wconf 86' lang='lat' dir='ltr'><strong>quinquies</strong></span> <span class='ocrx_word' id='word_1_124' title='bbox 1327 1078 1458 1129; x_wconf 88' lang='lat' dir='ltr'><strong>dena,</strong></span> <span class='ocrx_word' id='word_1_125' title='bbox 1509 1079 1608 1119; x_wconf 86' lang='lat' dir='ltr'><strong>item</strong></span> <span class='ocrx_word' id='word_1_126' title='bbox 1642 1080 1703 1120; x_wconf 90' lang='lat' dir='ltr'><strong>bis</strong></span> <span class='ocrx_word' id='word_1_127' title='bbox 1735 1081 1865 1135; x_wconf 88' lang='lat' dir='ltr'><strong>quina</strong></span> <span class='ocrx_word' id='word_1_128' title='bbox 1899 1082 2068 1133; x_wconf 83' lang='lat' dir='ltr'><strong>vicena,</strong></span> <span class='ocrx_word' id='word_1_129' title='bbox 2112 1098 2189 1123; x_wconf 83' lang='lat' dir='ltr'><strong>nee</strong></span> 
     </span>
    </p>
   </div>
   <div class='ocr_carea' id='block_1_3' title="bbox 228 1158 2189 1216">
    <p class='ocr_par' dir='ltr' id='par_1_3' title="bbox 228 1158 2189 1216">
     <span class='ocr_line' id='line_1_13' title="bbox 228 1158 2189 1216; baseline 0 -14"><span class='ocrx_word' id='word_1_130' title='bbox 228 1163 317 1203; x_wconf 86' lang='lat' dir='ltr'><strong>ulla</strong></span> <span class='ocrx_word' id='word_1_131' title='bbox 354 1178 405 1202; x_wconf 79' lang='lat' dir='ltr'><strong>ex</strong></span> <span class='ocrx_word' id='word_1_132' title='bbox 446 1163 511 1202; x_wconf 89' lang='lat' dir='ltr'><strong>his</strong></span> <span class='ocrx_word' id='word_1_133' title='bbox 551 1163 691 1203; x_wconf 84' lang='lat' dir='ltr'><strong>minor</strong></span> <span class='ocrx_word' id='word_1_134' title='bbox 732 1172 791 1202; x_wconf 91' lang='lat' dir='ltr'><strong>est</strong></span> <span class='ocrx_word' id='word_1_135' title='bbox 822 1177 871 1202; x_wconf 90' lang='lat' dir='ltr'><strong>ea</strong></span> <span class='ocrx_word' id='word_1_136' title='bbox 904 1177 1015 1216; x_wconf 88' lang='lat' dir='ltr'><strong>quae</strong></span> <span class='ocrx_word' id='word_1_137' title='bbox 1046 1176 1098 1201; x_wconf 84' lang='lat' dir='ltr'><strong>ex</strong></span> <span class='ocrx_word' id='word_1_138' title='bbox 1130 1159 1301 1200; x_wconf 89' lang='lat' dir='ltr'><strong>duobus</strong></span> <span class='ocrx_word' id='word_1_139' title='bbox 1342 1167 1422 1209; x_wconf 87' lang='lat' dir='ltr'><strong>est;</strong></span> <span class='ocrx_word' id='word_1_140' title='bbox 1483 1158 1589 1198; x_wconf 85' lang='lat' dir='ltr'><strong>haec</strong></span> <span class='ocrx_word' id='word_1_141' title='bbox 1618 1159 1744 1213; x_wconf 88' lang='lat' dir='ltr'><strong>igitur</strong></span> <span class='ocrx_word' id='word_1_142' title='bbox 1777 1161 1952 1201; x_wconf 87' lang='lat' dir='ltr'><strong>minima</strong></span> <span class='ocrx_word' id='word_1_143' title='bbox 1987 1176 2189 1202; x_wconf 82' lang='lat' dir='ltr'><strong>mensura</strong></span> 
     </span>
    </p>
   </div>
   <div class='ocr_carea' id='block_1_4' title="bbox 173 1239 2189 1300">
    <p class='ocr_par' dir='ltr' id='par_1_4' title="bbox 173 1239 2189 1300">
     <span class='ocr_line' id='line_1_14' title="bbox 173 1239 2189 1300; baseline -0.001 -15"><span class='ocrx_word' id='word_1_144' title='bbox 173 1247 199 1285; x_wconf 69' lang='grc'><strong>«’</strong></span> <span class='ocrx_word' id='word_1_145' title='bbox 233 1244 586 1300; x_wconf 73' lang='lat' dir='ltr'><strong>quinquagenarii</strong></span> <span class='ocrx_word' id='word_1_146' title='bbox 620 1254 691 1284; x_wconf 87' lang='lat' dir='ltr'><strong>est.</strong></span> <span class='ocrx_word' id='word_1_147' title='bbox 736 1244 791 1285; x_wconf 83' lang='lat' dir='ltr'><strong>At</strong></span> <span class='ocrx_word' id='word_1_148' title='bbox 822 1244 853 1283; x_wconf 83' lang='lat' dir='ltr'><strong>si</strong></span> <span class='ocrx_word' id='word_1_149' title='bbox 879 1243 965 1284; x_wconf 90' lang='lat' dir='ltr'><strong>duo</strong></span> <span class='ocrx_word' id='word_1_150' title='bbox 997 1241 1168 1283; x_wconf 87' lang='lat' dir='ltr'><strong>numeri</strong></span> <span class='ocrx_word' id='word_1_151' title='bbox 1197 1241 1304 1281; x_wconf 89' lang='lat' dir='ltr'><strong>inter</strong></span> <span class='ocrx_word' id='word_1_152' title='bbox 1327 1254 1370 1279; x_wconf 85' lang='lat' dir='ltr'><strong>se</strong></span> <span class='ocrx_word' id='word_1_153' title='bbox 1403 1239 1621 1294; x_wconf 84' lang='lat' dir='ltr'><strong>compositi</strong></span> <span class='ocrx_word' id='word_1_154' title='bbox 1651 1249 1769 1291; x_wconf 89' lang='lat' dir='ltr'><strong>sunt,</strong></span> <span class='ocrx_word' id='word_1_155' title='bbox 1800 1242 1937 1295; x_wconf 80' lang='lat' dir='ltr'><strong>major</strong></span> <span class='ocrx_word' id='word_1_156' title='bbox 1967 1251 2006 1282; x_wconf 88' lang='lat' dir='ltr'><strong>et</strong></span> <span class='ocrx_word' id='word_1_157' title='bbox 2038 1242 2189 1292; x_wconf 86' lang='lat' dir='ltr'><strong>minor,</strong></span> 
     </span>
    </p>
   </div>
   <div class='ocr_carea' id='block_1_5' title="bbox 229 1320 2193 2106">
    <p class='ocr_par' dir='ltr' id='par_1_5' title="bbox 229 1320 2193 2106">
     <span class='ocr_line' id='line_1_15' title="bbox 232 1320 2191 1381; baseline -0.001 -16"><span class='ocrx_word' id='word_1_158' title='bbox 232 1325 452 1381; x_wconf 87' lang='lat' dir='ltr'><strong>quomodo</strong></span> <span class='ocrx_word' id='word_1_159' title='bbox 481 1324 717 1379; x_wconf 79' lang='lat' dir='ltr'><strong>reperiatur</strong></span> <span class='ocrx_word' id='word_1_160' title='bbox 750 1325 989 1364; x_wconf 84' lang='lat' dir='ltr'><strong>eommunis</strong></span> <span class='ocrx_word' id='word_1_161' title='bbox 1022 1323 1086 1363; x_wconf 89' lang='lat' dir='ltr'><strong>his</strong></span> <span class='ocrx_word' id='word_1_162' title='bbox 1111 1321 1302 1362; x_wconf 76' lang='lat' dir='ltr'><strong>maxima</strong></span> <span class='ocrx_word' id='word_1_163' title='bbox 1332 1320 1599 1373; x_wconf 88' lang='lat' dir='ltr'><strong>minimaque</strong></span> <span class='ocrx_word' id='word_1_164' title='bbox 1629 1335 1833 1362; x_wconf 84' lang='lat' dir='ltr'><strong>mensura</strong></span> <span class='ocrx_word' id='word_1_165' title='bbox 1864 1323 2015 1376; x_wconf 88' lang='lat' dir='ltr'><strong>quaeri</strong></span> <span class='ocrx_word' id='word_1_166' title='bbox 2047 1332 2191 1377; x_wconf 87' lang='lat' dir='ltr'><strong>potest.</strong></span> 
     </span>
     <span class='ocr_line' id='line_1_16' title="bbox 232 1399 2192 1462; baseline -0.003 -14"><span class='ocrx_word' id='word_1_167' title='bbox 232 1408 411 1462; x_wconf 76' lang='lat' dir='ltr'><strong>Oportet</strong></span> <span class='ocrx_word' id='word_1_168' title='bbox 444 1415 586 1446; x_wconf 90' lang='lat' dir='ltr'><strong>autem</strong></span> <span class='ocrx_word' id='word_1_169' title='bbox 616 1405 767 1458; x_wconf 81' lang='lat' dir='ltr'><strong>majori</strong></span> <span class='ocrx_word' id='word_1_170' title='bbox 788 1420 970 1446; x_wconf 86' lang='lat' dir='ltr'><strong>numero</strong></span> <span class='ocrx_word' id='word_1_171' title='bbox 994 1405 1203 1445; x_wconf 83' lang='lat' dir='ltr'><strong>minorem</strong></span> <span class='ocrx_word' id='word_1_172' title='bbox 1233 1399 1471 1450; x_wconf 83' lang='lat' dir='ltr'><strong>detrahere,</strong></span> <span class='ocrx_word' id='word_1_173' title='bbox 1508 1400 1671 1454; x_wconf 89' lang='lat' dir='ltr'><strong>quoties</strong></span> <span class='ocrx_word' id='word_1_174' title='bbox 1698 1410 1851 1456; x_wconf 86' lang='lat' dir='ltr'><strong>potest;</strong></span> <span class='ocrx_word' id='word_1_175' title='bbox 1881 1401 2034 1442; x_wconf 85' lang='lat' dir='ltr'><strong>deinde</strong></span> <span class='ocrx_word' id='word_1_176' title='bbox 2053 1417 2192 1456; x_wconf 89' lang='lat' dir='ltr'><strong>quan-</strong></span> 
     </span>
     <span class='ocr_line' id='line_1_17' title="bbox 229 1482 2192 1542; baseline -0.001 -14"><span class='ocrx_word' id='word_1_177' title='bbox 229 1499 321 1529; x_wconf 89' lang='lat' dir='ltr'><strong>tum</strong></span> <span class='ocrx_word' id='word_1_178' title='bbox 368 1503 419 1528; x_wconf 76' lang='lat' dir='ltr'><strong>ex</strong></span> <span class='ocrx_word' id='word_1_179' title='bbox 448 1487 589 1542; x_wconf 89' lang='lat' dir='ltr'><strong>priore</strong></span> <span class='ocrx_word' id='word_1_180' title='bbox 623 1495 836 1541; x_wconf 76' lang='lat' dir='ltr'><strong>superest,</strong></span> <span class='ocrx_word' id='word_1_181' title='bbox 867 1485 1117 1526; x_wconf 84' lang='lat' dir='ltr'><strong>tantundem</strong></span> <span class='ocrx_word' id='word_1_182' title='bbox 1147 1485 1322 1525; x_wconf 86' lang='lat' dir='ltr'><strong>demere</strong></span> <span class='ocrx_word' id='word_1_183' title='bbox 1351 1498 1403 1523; x_wconf 82' lang='lat' dir='ltr'><strong>ex</strong></span> <span class='ocrx_word' id='word_1_184' title='bbox 1432 1482 1620 1533; x_wconf 88' lang='lat' dir='ltr'><strong>minore,</strong></span> <span class='ocrx_word' id='word_1_185' title='bbox 1651 1483 1815 1536; x_wconf 89' lang='lat' dir='ltr'><strong>quoties</strong></span> <span class='ocrx_word' id='word_1_186' title='bbox 1849 1493 2005 1539; x_wconf 76' lang='lat' dir='ltr'><strong>potest3</strong></span> <span class='ocrx_word' id='word_1_187' title='bbox 2037 1485 2112 1539; x_wconf 90' lang='lat' dir='ltr'><strong>qui</strong></span> <span class='ocrx_word' id='word_1_188' title='bbox 2134 1485 2192 1526; x_wconf 91' lang='lat' dir='ltr'><strong>sic</strong></span> 
     </span>
     <span class='ocr_line' id='line_1_18' title="bbox 231 1564 2189 1618; baseline -0.002 -8"><span class='ocrx_word' id='word_1_189' title='bbox 231 1570 418 1610; x_wconf 88' lang='lat' dir='ltr'><strong>intererit</strong></span> <span class='ocrx_word' id='word_1_190' title='bbox 456 1583 686 1618; x_wconf 88' lang='lat' dir='ltr'><strong>numerus,</strong></span> <span class='ocrx_word' id='word_1_191' title='bbox 726 1569 759 1608; x_wconf 90' lang='lat' dir='ltr'><strong>is</strong></span> <span class='ocrx_word' id='word_1_192' title='bbox 799 1583 947 1609; x_wconf 84' lang='lat' dir='ltr'><strong>eorum</strong></span> <span class='ocrx_word' id='word_1_193' title='bbox 991 1569 1069 1609; x_wconf 89' lang='lat' dir='ltr'><strong>erit</strong></span> <span class='ocrx_word' id='word_1_194' title='bbox 1099 1580 1385 1609; x_wconf 87' lang='lat' dir='ltr'><strong>numerorum</strong></span> <span class='ocrx_word' id='word_1_195' title='bbox 1429 1579 1633 1604; x_wconf 85' lang='lat' dir='ltr'><strong>mensura</strong></span> <span class='ocrx_word' id='word_1_196' title='bbox 1675 1564 1879 1605; x_wconf 79' lang='lat' dir='ltr'><strong>maxima.</strong></span> <span class='ocrx_word' id='word_1_197' title='bbox 1948 1565 2038 1606; x_wconf 87' lang='lat' dir='ltr'><strong>Sint</strong></span> <span class='ocrx_word' id='word_1_198' title='bbox 2078 1566 2189 1606; x_wconf 88' lang='lat' dir='ltr'><strong>enim</strong></span> 
     </span>
     <span class='ocr_line' id='line_1_19' title="bbox 232 1645 2191 1702; baseline -0.001 -13"><span class='ocrx_word' id='word_1_199' title='bbox 232 1649 318 1690; x_wconf 86' lang='lat' dir='ltr'><strong>duo</strong></span> <span class='ocrx_word' id='word_1_200' title='bbox 367 1649 537 1690; x_wconf 84' lang='lat' dir='ltr'><strong>numeri</strong></span> <span class='ocrx_word' id='word_1_201' title='bbox 582 1647 754 1688; x_wconf 83' lang='lat' dir='ltr'><strong>trecenti</strong></span> <span class='ocrx_word' id='word_1_202' title='bbox 800 1648 1109 1702; x_wconf 87' lang='lat' dir='ltr'><strong>quinquaginta</strong></span> <span class='ocrx_word' id='word_1_203' title='bbox 1154 1657 1194 1688; x_wconf 89' lang='lat' dir='ltr'><strong>et</strong></span> <span class='ocrx_word' id='word_1_204' title='bbox 1232 1656 1425 1698; x_wconf 82' lang='lat' dir='ltr'><strong>centum3</strong></span> <span class='ocrx_word' id='word_1_205' title='bbox 1481 1645 1710 1686; x_wconf 84' lang='lat' dir='ltr'><strong>demantur</strong></span> <span class='ocrx_word' id='word_1_206' title='bbox 1753 1660 1809 1685; x_wconf 79' lang='lat' dir='ltr'><strong>ex</strong></span> <span class='ocrx_word' id='word_1_207' title='bbox 1839 1646 2031 1686; x_wconf 86' lang='lat' dir='ltr'><strong>trecentis</strong></span> <span class='ocrx_word' id='word_1_208' title='bbox 2063 1646 2191 1700; x_wconf 91' lang='lat' dir='ltr'><strong>quin-</strong></span> 
     </span>
     <span class='ocr_line' id='line_1_20' title="bbox 235 1725 2192 1784; baseline -0.001 -16"><span class='ocrx_word' id='word_1_209' title='bbox 235 1730 435 1784; x_wconf 74' lang='lat' dir='ltr'><strong>quaginta</strong></span> <span class='ocrx_word' id='word_1_210' title='bbox 495 1728 658 1782; x_wconf 90' lang='lat' dir='ltr'><strong>quoties</strong></span> <span class='ocrx_word' id='word_1_211' title='bbox 714 1737 889 1783; x_wconf 87' lang='lat' dir='ltr'><strong>possunt</strong></span> <span class='ocrx_word' id='word_1_212' title='bbox 945 1728 1129 1779; x_wconf 84' lang='lat' dir='ltr'><strong>centeni,</strong></span> <span class='ocrx_word' id='word_1_213' title='bbox 1175 1727 1214 1768; x_wconf 89' lang='lat' dir='ltr'><strong>id</strong></span> <span class='ocrx_word' id='word_1_214' title='bbox 1260 1737 1322 1768; x_wconf 88' lang='lat' dir='ltr'><strong>est</strong></span> <span class='ocrx_word' id='word_1_215' title='bbox 1379 1736 1464 1778; x_wconf 86' lang='lat' dir='ltr'><strong>ter,</strong></span> <span class='ocrx_word' id='word_1_216' title='bbox 1515 1726 1671 1780; x_wconf 88' lang='lat' dir='ltr'><strong>reliqui</strong></span> <span class='ocrx_word' id='word_1_217' title='bbox 1718 1735 1815 1766; x_wconf 87' lang='lat' dir='ltr'><strong>sunt</strong></span> <span class='ocrx_word' id='word_1_218' title='bbox 1861 1725 2192 1780; x_wconf 80' lang='lat' dir='ltr'><strong>quinquaginta3</strong></span> 
     </span>
     <span class='ocr_line' id='line_1_21' title="bbox 235 1806 2193 1862; baseline 0.001 -15"><span class='ocrx_word' id='word_1_219' title='bbox 235 1822 287 1848; x_wconf 78' lang='lat' dir='ltr'><strong>ex</strong></span> <span class='ocrx_word' id='word_1_220' title='bbox 321 1808 450 1848; x_wconf 87' lang='lat' dir='ltr'><strong>altero</strong></span> <span class='ocrx_word' id='word_1_221' title='bbox 477 1808 714 1848; x_wconf 83' lang='lat' dir='ltr'><strong>centenario</strong></span> <span class='ocrx_word' id='word_1_222' title='bbox 746 1823 928 1848; x_wconf 88' lang='lat' dir='ltr'><strong>numero</strong></span> <span class='ocrx_word' id='word_1_223' title='bbox 959 1807 1238 1849; x_wconf 87' lang='lat' dir='ltr'><strong>detrahantur</strong></span> <span class='ocrx_word' id='word_1_224' title='bbox 1265 1806 1594 1862; x_wconf 77' lang='lat' dir='ltr'><strong>quinquaginta,</strong></span> <span class='ocrx_word' id='word_1_225' title='bbox 1623 1816 1881 1861; x_wconf 87' lang='lat' dir='ltr'><strong>supererunt</strong></span> <span class='ocrx_word' id='word_1_226' title='bbox 1912 1822 1963 1847; x_wconf 80' lang='lat' dir='ltr'><strong>ex·</strong></span> <span class='ocrx_word' id='word_1_227' title='bbox 1987 1822 2036 1847; x_wconf 92' lang='lat' dir='ltr'><strong>eo</strong></span> <span class='ocrx_word' id='word_1_228' title='bbox 2065 1807 2193 1862; x_wconf 89' lang='lat' dir='ltr'><strong>quin-</strong></span> 
     </span>
     <span class='ocr_line' id='line_1_22' title="bbox 238 1885 2193 1945; baseline -0.002 -15"><span class='ocrx_word' id='word_1_229' title='bbox 238 1890 460 1945; x_wconf 81' lang='lat' dir='ltr'><strong>quaginta3</strong></span> <span class='ocrx_word' id='word_1_230' title='bbox 508 1889 576 1930; x_wconf 80' lang='lat' dir='ltr'><strong>hic</strong></span> <span class='ocrx_word' id='word_1_231' title='bbox 618 1905 826 1931; x_wconf 87' lang='lat' dir='ltr'><strong>numerus</strong></span> <span class='ocrx_word' id='word_1_232' title='bbox 866 1891 1058 1931; x_wconf 84' lang='lat' dir='ltr'><strong>trecentis</strong></span> <span class='ocrx_word' id='word_1_233' title='bbox 1091 1888 1399 1944; x_wconf 83' lang='lat' dir='ltr'><strong>quinquaginta</strong></span> <span class='ocrx_word' id='word_1_234' title='bbox 1432 1895 1471 1926; x_wconf 88' lang='lat' dir='ltr'><strong>et</strong></span> <span class='ocrx_word' id='word_1_235' title='bbox 1501 1885 1684 1926; x_wconf 87' lang='lat' dir='ltr'><strong>centenis</strong></span> <span class='ocrx_word' id='word_1_236' title='bbox 1719 1886 1960 1926; x_wconf 85' lang='lat' dir='ltr'><strong>communis</strong></span> <span class='ocrx_word' id='word_1_237' title='bbox 1993 1901 2193 1927; x_wconf 86' lang='lat' dir='ltr'><strong>mensura</strong></span> 
     </span>
     <span class='ocr_line' id='line_1_23' title="bbox 237 1966 2193 2026; baseline -0.002 -15"><span class='ocrx_word' id='word_1_238' title='bbox 237 1971 429 2011; x_wconf 79' lang='lat' dir='ltr'><strong>maxima</strong></span> <span class='ocrx_word' id='word_1_239' title='bbox 469 1981 540 2012; x_wconf 88' lang='lat' dir='ltr'><strong>est.</strong></span> <span class='ocrx_word' id='word_1_240' title='bbox 608 1973 720 2013; x_wconf 87' lang='lat' dir='ltr'><strong>Nam</strong></span> <span class='ocrx_word' id='word_1_241' title='bbox 762 1972 1043 2026; x_wconf 80' lang='lat' dir='ltr'><strong>quinquagies</strong></span> <span class='ocrx_word' id='word_1_242' title='bbox 1088 1972 1186 2012; x_wconf 84' lang='lat' dir='ltr'><strong>bina</strong></span> <span class='ocrx_word' id='word_1_243' title='bbox 1243 1979 1434 2018; x_wconf 86' lang='lat' dir='ltr'><strong>centum,</strong></span> <span class='ocrx_word' id='word_1_244' title='bbox 1488 1967 1769 2022; x_wconf 84' lang='lat' dir='ltr'><strong>quinquagies</strong></span> <span class='ocrx_word' id='word_1_245' title='bbox 1810 1976 1981 2022; x_wconf 87' lang='lat' dir='ltr'><strong>septena</strong></span> <span class='ocrx_word' id='word_1_246' title='bbox 2023 1966 2193 2007; x_wconf 87' lang='lat' dir='ltr'><strong>trecenti</strong></span> 
     </span>
     <span class='ocr_line' id='line_1_24' title="bbox 240 2045 2192 2106; baseline -0.004 -15"><span class='ocrx_word' id='word_1_247' title='bbox 240 2051 547 2106; x_wconf 86' lang='lat' dir='ltr'><strong>quinquaginta</strong></span> <span class='ocrx_word' id='word_1_248' title='bbox 593 2062 702 2093; x_wconf 89' lang='lat' dir='ltr'><strong>sunt.</strong></span> <span class='ocrx_word' id='word_1_249' title='bbox 770 2054 837 2094; x_wconf 77' lang='lat' dir='ltr'><strong>Ex</strong></span> <span class='ocrx_word' id='word_1_250' title='bbox 882 2054 965 2094; x_wconf 91' lang='lat' dir='ltr'><strong>hoc</strong></span> <span class='ocrx_word' id='word_1_251' title='bbox 1003 2053 1129 2094; x_wconf 84' lang='lat' dir='ltr'><strong>etiam</strong></span> <span class='ocrx_word' id='word_1_252' title='bbox 1174 2050 1279 2091; x_wconf 89' lang='lat' dir='ltr'><strong>illud</strong></span> <span class='ocrx_word' id='word_1_253' title='bbox 1324 2056 1520 2104; x_wconf 86' lang='lat' dir='ltr'><strong>apparet,</strong></span> <span class='ocrx_word' id='word_1_254' title='bbox 1577 2045 1695 2101; x_wconf 90' lang='lat' dir='ltr'><strong>quod</strong></span> <span class='ocrx_word' id='word_1_255' title='bbox 1739 2045 1938 2101; x_wconf 88' lang='lat' dir='ltr'><strong>quisquis</strong></span> <span class='ocrx_word' id='word_1_256' title='bbox 1985 2059 2192 2085; x_wconf 86' lang='lat' dir='ltr'><strong>numerus</strong></span> 
     </span>
    </p>
   </div>
   <div class='ocr_carea' id='block_1_6' title="bbox 240 2128 2192 2190">
    <p class='ocr_par' dir='ltr' id='par_1_6' title="bbox 240 2128 2192 2190">
     <span class='ocr_line' id='line_1_25' title="bbox 240 2128 2192 2190; baseline -0.004 -16"><span class='ocrx_word' id='word_1_257' title='bbox 240 2134 380 2174; x_wconf 86' lang='lat' dir='ltr'><strong>minor</strong></span> <span class='ocrx_word' id='word_1_258' title='bbox 424 2133 665 2173; x_wconf 83' lang='lat' dir='ltr'><strong>maximum</strong></span> <span class='ocrx_word' id='word_1_259' title='bbox 710 2134 752 2174; x_wconf 89' lang='lat' dir='ltr'><strong>in</strong></span> <span class='ocrx_word' id='word_1_260' title='bbox 791 2134 1041 2190; x_wconf 85' lang='lat' dir='ltr'><strong>supradictis</strong></span> <span class='ocrx_word' id='word_1_261' title='bbox 1082 2131 1272 2174; x_wconf 87' lang='lat' dir='ltr'><strong>numeris</strong></span> <span class='ocrx_word' id='word_1_262' title='bbox 1318 2131 1512 2179; x_wconf 86' lang='lat' dir='ltr'><strong>metitur,</strong></span> <span class='ocrx_word' id='word_1_263' title='bbox 1558 2128 1781 2169; x_wconf 87' lang='lat' dir='ltr'><strong>minimam</strong></span> <span class='ocrx_word' id='word_1_264' title='bbox 1822 2140 1999 2182; x_wconf 88' lang='lat' dir='ltr'><strong>quoque</strong></span> <span class='ocrx_word' id='word_1_265' title='bbox 2039 2141 2192 2167; x_wconf 84' lang='lat' dir='ltr'><strong>eorum</strong></span> 
     </span>
    </p>
   </div>
   <div class='ocr_carea' id='block_1_7' title="bbox 241 2283 2196 2585">
    <p class='ocr_par' dir='ltr' id='par_1_7' title="bbox 242 2283 2194 2335">
     <span class='ocr_line' id='line_1_26' title="bbox 242 2283 2194 2335; baseline -0.004 -13"><span class='ocrx_word' id='word_1_266' title='bbox 242 2291 320 2322; x_wconf 81' lang='lat' dir='ltr'><strong>alter</strong></span> <span class='ocrx_word' id='word_1_267' title='bbox 346 2290 403 2334; x_wconf 53' lang='lat'><strong>(⁴2)</strong></span> <span class='ocrx_word' id='word_1_268' title='bbox 427 2295 534 2321; x_wconf 77' lang='lat' dir='ltr'><strong>lamen</strong></span> <span class='ocrx_word' id='word_1_269' title='bbox 555 2290 602 2328; x_wconf 76' lang='lat' dir='ltr'><strong>is,</strong></span> <span class='ocrx_word' id='word_1_270' title='bbox 630 2289 709 2320; x_wconf 80' lang='lat' dir='ltr'><strong>alter</strong></span> <span class='ocrx_word' id='word_1_271' title='bbox 734 2289 788 2333; x_wconf 85' lang='lat' dir='ltr'><strong>(C)</strong></span> <span class='ocrx_word' id='word_1_272' title='bbox 814 2297 920 2322; x_wconf 76' lang='lat' dir='ltr'><strong>tamen</strong></span> <span class='ocrx_word' id='word_1_273' title='bbox 952 2291 1001 2323; x_wconf 83' lang='lat' dir='ltr'><strong>his</strong></span> <span class='ocrx_word' id='word_1_274' title='bbox 1026 2291 1189 2335; x_wconf 74' lang='lat' dir='ltr'><strong>praebent,</strong></span> <span class='ocrx_word' id='word_1_275' title='bbox 1313 2287 1419 2317; x_wconf 80' lang='lat' dir='ltr'><strong>minor</strong></span> <span class='ocrx_word' id='word_1_276' title='bbox 1440 2292 1487 2317; x_wconf 75' lang='lat' dir='ltr'><strong>est</strong></span> <span class='ocrx_word' id='word_1_277' title='bbox 1512 2284 1569 2330; x_wconf 80' lang='lat' dir='ltr'><strong>ea]</strong></span> <span class='ocrx_word' id='word_1_278' title='bbox 1608 2283 1703 2316; x_wconf 83' lang='lat' dir='ltr'><strong>Alios</strong></span> <span class='ocrx_word' id='word_1_279' title='bbox 1732 2284 1839 2325; x_wconf 82' lang='lat' dir='ltr'><strong>legere</strong></span> <span class='ocrx_word' id='word_1_280' title='bbox 1868 2296 1964 2331; x_wconf 80' lang='lat' dir='ltr'><strong>quam</strong></span> <span class='ocrx_word' id='word_1_281' title='bbox 1996 2296 2034 2316; x_wconf 77' lang='lat' dir='ltr'><strong>ea</strong></span> <span class='ocrx_word' id='word_1_282' title='bbox 2060 2284 2194 2318; x_wconf 80' lang='lat' dir='ltr'><strong>Grotius</strong></span> 
     </span>
    </p>

    <p class='ocr_par' dir='ltr' id='par_1_8' title="bbox 241 2348 2192 2395">
     <span class='ocr_line' id='line_1_27' title="bbox 241 2348 2192 2395; baseline -0.002 -11"><span class='ocrx_word' id='word_1_283' title='bbox 241 2352 506 2384; x_wconf 74' lang='lat' dir='ltr'><strong>Darmsiauensis</strong></span> <span class='ocrx_word' id='word_1_284' title='bbox 541 2364 609 2383; x_wconf 86' lang='lat' dir='ltr'><strong>eam</strong></span> <span class='ocrx_word' id='word_1_285' title='bbox 639 2364 769 2395; x_wconf 77' lang='lat' dir='ltr'><strong>prorsus</strong></span> <span class='ocrx_word' id='word_1_286' title='bbox 798 2353 930 2393; x_wconf 68' lang='lat' dir='ltr'><strong>omittit,</strong></span> <span class='ocrx_word' id='word_1_287' title='bbox 965 2353 1021 2384; x_wconf 82' lang='lat' dir='ltr'><strong>sed</strong></span> <span class='ocrx_word' id='word_1_288' title='bbox 1050 2353 1192 2384; x_wconf 81' lang='lat' dir='ltr'><strong>mutandi</strong></span> <span class='ocrx_word' id='word_1_289' title='bbox 1243 2350 1275 2381; x_wconf 87' lang='lat' dir='ltr'><strong>in</strong></span> <span class='ocrx_word' id='word_1_290' title='bbox 1298 2349 1439 2391; x_wconf 75' lang='lat' dir='ltr'><strong>margine</strong></span> <span class='ocrx_word' id='word_1_291' title='bbox 1462 2349 1599 2388; x_wconf 62' lang='lat' dir='ltr'><strong>notavit,</strong></span> <span class='ocrx_word' id='word_1_292' title='bbox 1638 2348 1692 2379; x_wconf 87' lang='lat' dir='ltr'><strong>sed</strong></span> <span class='ocrx_word' id='word_1_293' title='bbox 1724 2360 1790 2379; x_wconf 90' lang='lat' dir='ltr'><strong>non</strong></span> <span class='ocrx_word' id='word_1_294' title='bbox 1811 2359 1943 2380; x_wconf 85' lang='lat' dir='ltr'><strong>neeesse</strong></span> <span class='ocrx_word' id='word_1_295' title='bbox 1965 2354 2015 2380; x_wconf 85' lang='lat' dir='ltr'><strong>est</strong></span> <span class='ocrx_word' id='word_1_296' title='bbox 2034 2349 2097 2380; x_wconf 86' lang='lat' dir='ltr'><strong>nisi</strong></span> <span class='ocrx_word' id='word_1_297' title='bbox 2123 2361 2192 2393; x_wconf 79' lang='lat' dir='ltr'><strong>per-</strong></span> 
     </span>
    </p>

    <p class='ocr_par' dir='ltr' id='par_1_9' title="bbox 243 2410 1808 2460">
     <span class='ocr_line' id='line_1_28' title="bbox 243 2410 1808 2460; baseline -0.002 -14"><span class='ocrx_word' id='word_1_298' title='bbox 243 2426 337 2447; x_wconf 83' lang='lat' dir='ltr'><strong>causa</strong></span> <span class='ocrx_word' id='word_1_299' title='bbox 362 2415 413 2446; x_wconf 77' lang='lat' dir='ltr'><strong>vix</strong></span> <span class='ocrx_word' id='word_1_300' title='bbox 440 2419 588 2458; x_wconf 77' lang='lat' dir='ltr'><strong>apparet,</strong></span> <span class='ocrx_word' id='word_1_301' title='bbox 621 2414 682 2445; x_wconf 76' lang='lat' dir='ltr'><strong>nisi</strong></span> <span class='ocrx_word' id='word_1_302' title='bbox 708 2414 894 2446; x_wconf 70' lang='lat' dir='ltr'><strong>documenta</strong></span> <span class='ocrx_word' id='word_1_303' title='bbox 921 2416 970 2447; x_wconf 78' lang='lat' dir='ltr'><strong>his</strong></span> <span class='ocrx_word' id='word_1_304' title='bbox 995 2415 1102 2456; x_wconf 82' lang='lat' dir='ltr'><strong>legere</strong></span> <span class='ocrx_word' id='word_1_305' title='bbox 1126 2415 1193 2460; x_wconf 86' lang='lat' dir='ltr'><strong>pla·</strong></span> <span class='ocrx_word' id='word_1_306' title='bbox 1245 2412 1405 2458; x_wconf 77' lang='lat' dir='ltr'><strong>spieuitati</strong></span> <span class='ocrx_word' id='word_1_307' title='bbox 1429 2412 1596 2444; x_wconf 79' lang='lat' dir='ltr'><strong>consulere</strong></span> <span class='ocrx_word' id='word_1_308' title='bbox 1621 2411 1693 2454; x_wconf 89' lang='lat' dir='ltr'><strong>quis</strong></span> <span class='ocrx_word' id='word_1_309' title='bbox 1722 2410 1808 2443; x_wconf 79' lang='lat' dir='ltr'><strong>velit.</strong></span> 
     </span>
    </p>

    <p class='ocr_par' dir='ltr' id='par_1_10' title="bbox 244 2473 2196 2585">
     <span class='ocr_line' id='line_1_29' title="bbox 244 2473 2196 2520; baseline -0.001 -12"><span class='ocrx_word' id='word_1_310' title='bbox 244 2477 353 2510; x_wconf 86' lang='lat' dir='ltr'><strong>cuerit.</strong></span> <span class='ocrx_word' id='word_1_311' title='bbox 1320 2473 1482 2520; x_wconf 77' lang='lat' dir='ltr'><strong>intererit]</strong></span> <span class='ocrx_word' id='word_1_312' title='bbox 1514 2475 1604 2507; x_wconf 78' lang='lat' dir='ltr'><strong>Haec</strong></span> <span class='ocrx_word' id='word_1_313' title='bbox 1636 2474 1841 2506; x_wconf 83' lang='lat' dir='ltr'><strong>Monacensis</strong></span> <span class='ocrx_word' id='word_1_314' title='bbox 1870 2474 1935 2520; x_wconf 89' lang='lat' dir='ltr'><strong>(C)</strong></span> <span class='ocrx_word' id='word_1_315' title='bbox 1960 2474 2056 2507; x_wconf 87' lang='lat' dir='ltr'><strong>lectio</strong></span> <span class='ocrx_word' id='word_1_316' title='bbox 2083 2475 2196 2508; x_wconf 80' lang='lat' dir='ltr'><strong>melior</strong></span> 
     </span>
     <span class='ocr_line' id='line_1_30' title="bbox 318 2536 2194 2585; baseline 0.001 -16"><span class='ocrx_word' id='word_1_317' title='bbox 318 2544 382 2569; x_wconf 74' lang='lat' dir='ltr'><strong>tres</strong></span> <span class='ocrx_word' id='word_1_318' title='bbox 400 2536 554 2585; x_wconf 70' lang='lat' dir='ltr'><strong>quinque]</strong></span> <span class='ocrx_word' id='word_1_319' title='bbox 582 2536 676 2568; x_wconf 80' lang='lat' dir='ltr'><strong>Alios</strong></span> <span class='ocrx_word' id='word_1_320' title='bbox 700 2542 837 2584; x_wconf 73' lang='lat' dir='ltr'><strong>quatuor</strong></span> <span class='ocrx_word' id='word_1_321' title='bbox 857 2537 974 2579; x_wconf 77' lang='lat' dir='ltr'><strong>legere,</strong></span> <span class='ocrx_word' id='word_1_322' title='bbox 998 2538 1079 2570; x_wconf 81' lang='lat' dir='ltr'><strong>alios</strong></span> <span class='ocrx_word' id='word_1_323' title='bbox 1104 2538 1194 2570; x_wconf 88' lang='lat' dir='ltr'><strong>omit·</strong></span> <span class='ocrx_word' id='word_1_324' title='bbox 1246 2539 1390 2584; x_wconf 88' lang='lat' dir='ltr'><strong>quidem,</strong></span> <span class='ocrx_word' id='word_1_325' title='bbox 1417 2551 1510 2583; x_wconf 85' lang='lat' dir='ltr'><strong>quam</strong></span> <span class='ocrx_word' id='word_1_326' title='bbox 1544 2540 1702 2570; x_wconf 73' lang='lat' dir='ltr'><strong>interierit</strong></span> <span class='ocrx_word' id='word_1_327' title='bbox 1727 2538 1761 2570; x_wconf 87' lang='lat' dir='ltr'><strong>in</strong></span> <span class='ocrx_word' id='word_1_328' title='bbox 1791 2537 1902 2579; x_wconf 77' lang='lat' dir='ltr'><strong>editi53</strong></span> <span class='ocrx_word' id='word_1_329' title='bbox 1938 2539 1995 2570; x_wconf 89' lang='lat' dir='ltr'><strong>sed</strong></span> <span class='ocrx_word' id='word_1_330' title='bbox 2018 2538 2194 2582; x_wconf 78' lang='lat' dir='ltr'><strong>intelligen-</strong></span> 
     </span>
    </p>
   </div>
   <div class='ocr_carea' id='block_1_8' title="bbox 247 2599 1857 2646">
    <p class='ocr_par' dir='ltr' id='par_1_11' title="bbox 247 2599 1857 2646">
     <span class='ocr_line' id='line_1_31' title="bbox 247 2599 1857 2646; baseline -0.002 -13"><span class='ocrx_word' id='word_1_331' title='bbox 247 2608 312 2633; x_wconf 81' lang='lat' dir='ltr'><strong>tere</strong></span> <span class='ocrx_word' id='word_1_332' title='bbox 337 2601 369 2633; x_wconf 91' lang='lat' dir='ltr'><strong>in</strong></span> <span class='ocrx_word' id='word_1_333' title='bbox 393 2601 533 2644; x_wconf 83' lang='lat' dir='ltr'><strong>margine</strong></span> <span class='ocrx_word' id='word_1_334' title='bbox 559 2601 710 2642; x_wconf 68' lang='lat' dir='ltr'><strong>traditur,</strong></span> <span class='ocrx_word' id='word_1_335' title='bbox 737 2601 818 2632; x_wconf 85' lang='lat' dir='ltr'><strong>male</strong></span> <span class='ocrx_word' id='word_1_336' title='bbox 844 2601 982 2645; x_wconf 81' lang='lat' dir='ltr'><strong>utrique.</strong></span> <span class='ocrx_word' id='word_1_337' title='bbox 1252 2602 1328 2633; x_wconf 86' lang='lat' dir='ltr'><strong>dum</strong></span> <span class='ocrx_word' id='word_1_338' title='bbox 1351 2602 1509 2644; x_wconf 71' lang='lat' dir='ltr'><strong>supererit</strong></span> <span class='ocrx_word' id='word_1_339' title='bbox 1531 2599 1581 2632; x_wconf 68' lang='lat' dir='ltr'><strong>vel</strong></span> <span class='ocrx_word' id='word_1_340' title='bbox 1605 2601 1764 2646; x_wconf 77' lang='lat' dir='ltr'><strong>reliquum</strong></span> <span class='ocrx_word' id='word_1_341' title='bbox 1787 2600 1857 2631; x_wconf 76' lang='lat' dir='ltr'><strong>erit.</strong></span> 
     </span>
    </p>
   </div>
  </div>
 </body>
</html>
