2310 2860
144 269 232 311 795

141 668 230 710 794

266 158 356 200 626
822 154 1022 196 Martiani
1053 153 1253 211 Capellae
1282 151 1354 193 lib.
1384 151 1482 195 VII.
1512 156 1544 206 ᾗ.
1569 154 1669 195 795.

264 266 436 307 metitur
474 276 542 302 eos
595 262 670 315 qui
714 261 880 316 triginta
919 269 1028 302 sunt.
1104 260 1147 300 Si
1192 259 1279 300 duo
1327 260 1497 300 numeri
1549 260 1653 301 alter
1693 259 1874 301 alterum
1916 261 2217 318 multiplicant,

265 360 364 387 eum
397 358 498 386 vero
530 357 763 383 numerum
798 343 872 397 qui
910 343 968 382 sie
1009 340 1181 382 effectus
1220 350 1279 382 est
1317 340 1470 396 aliquis
1509 341 1584 395 qui
1624 355 1701 396 per
1742 355 1785 380 se
1824 340 2124 396 incompoSitus
2159 350 2218 382 est

262 426 459 475 metitur,
500 423 613 464 idem
645 437 812 464 necesse
844 431 903 463 est
933 422 1058 463 etiam
1091 432 1330 477 utrumque
1361 436 1413 463 ex
1451 422 1665 477 prioribus
1696 421 1908 462 metiatur.
1970 423 2219 479 Multiplicet

262 502 386 546 decas
413 505 679 545 octonarium
710 519 969 555 numerum,
1001 503 1109 544 fiunt
1139 502 1366 557 octogint33
1395 502 1473 543 hos
1496 502 1583 543 duo
1609 503 1865 554 metiuntur,
1894 518 1994 543 nam
2022 503 2085 543 bis
2109 519 2218 559 qua-

267 586 452 641 dragena
482 587 687 641 octoginta
718 595 835 637 sunt;
871 586 1017 639 atquin
1054 584 1181 625 iidem
1213 593 1305 624 octo
1335 597 1512 638 quoque
1544 593 1582 623 et
1610 583 1758 624 decem
1792 584 2046 634 metiuntur,
2079 599 2216 638 quum

261 668 323 708 bis
354 677 561 722 quaterna
591 676 706 717 octo,
738 667 800 706 bis
833 669 964 719 quina
994 665 1142 706 decem
1174 665 1287 706 fiant.
1350 664 1701 717 Quotiescunque
1731 665 1902 704 numeri
1934 665 2215 720 proportionis

262 747 475 801 ejusdem,
530 762 662 801 quam
701 746 919 793 ἀναλογίαν
960 748 1115 788 Graeci
1154 756 1331 797 vocant,
1376 746 1419 785 in
1458 745 1650 786 ordinem
1689 756 1932 800 ponuntur,
1983 747 2149 801 primus
2185 748 2217 788 si

259 829 461 869 ultimum
488 829 681 879 metitur,
718 828 954 868 seeundum
980 841 1154 881 quoque
1180 838 1218 868 et
1249 829 1445 883 deinceps
1471 843 1618 868 omnes
1649 828 1868 880 metietur3
1914 829 1947 868 si
1977 828 2215 870 secundum

259 912 453 962 metitur,
484 911 686 951 ultimum
720 924 893 964 quoque
925 919 963 949 et
995 909 1155 950 medios
1186 910 1405 959 metietur3
1435 908 1469 947 si
1495 907 1730 962 quemlibet
1751 908 1937 962 denique
1966 922 2099 949 unum
2125 924 2216 950 me-

259 992 407 1042 tietur,
443 1006 590 1032 omnes
619 991 829 1032 metietur.
868 990 1023 1030 Contra
1051 991 1084 1030 si
1114 972 1315 1030 ultimum
1343 1003 1427 1030 non
1459 989 1652 1039 metitur,
1686 1004 1739 1028 ne
1764 989 1999 1029 secundnm
2028 989 2216 1043 quidem,

257 1089 400 1129 neque
419 1088 686 1129 quemquam
707 1073 862 1123 alium3
892 1072 924 1111 si
946 1070 1182 1111 secundum
1208 1085 1291 1110 non
1316 1070 1503 1120 metitur,
1527 1084 1579 1110 ne
1599 1069 1796 1109 ultimum
1821 1069 1994 1123 quidem
2012 1071 2215 1123 aliumve3

258 1153 291 1193 si
325 1167 457 1206 quem
485 1153 676 1193 medium
706 1166 787 1191 non
820 1150 1014 1200 metitur,
1048 1165 1101 1189 ne
1128 1149 1255 1189 alium
1291 1149 1480 1202 quidem.
1525 1149 1614 1188 Sint
1636 1157 1717 1188 tres
1742 1157 1780 1187 et
1805 1163 1962 1188 novem
2003 1158 2041 1188 et
2070 1150 2215 1203 viginti

257 1241 417 1287 septem
443 1241 483 1271 et
505 1231 710 1284 octoginta
736 1243 847 1269 unus
871 1238 910 1268 et
933 1228 1102 1268 ducenti
1127 1227 1405 1282 quadraginta
1430 1238 1534 1279 tres3
1565 1229 1672 1268 inter
1700 1227 1776 1267 hos
1801 1243 1948 1267 omnes
1971 1228 2083 1282 tripli
2107 1229 2212 1269 ratio

257 1324 328 1354 cst.
370 1313 530 1354 Ternio
565 1321 707 1352 autem
739 1310 911 1350 metitur
943 1324 1031 1359 eos,
1063 1309 1137 1362 qui
1168 1308 1336 1348 ducenti
1367 1307 1646 1361 quadraginta
1676 1316 1758 1346 tres
1783 1315 1900 1357 sunt3
1928 1315 1991 1346 ter
2013 1316 2213 1361 octogena

255 1395 419 1449 singula
445 1393 615 1434 ducenti
642 1391 922 1446 quadraginta
945 1399 1027 1430 tres
1055 1397 1174 1438 sunt3
1206 1386 1317 1426 idem
1347 1401 1444 1441 ergo
1465 1386 1635 1426 metitur
1658 1386 1940 1426 novenarium
1965 1400 2213 1438 numerum,

255 1489 393 1529 quum
423 1483 486 1514 ter
517 1482 636 1513 terna
666 1485 822 1512 novem
856 1478 974 1520 sunt,
1019 1478 1059 1509 et
1090 1468 1190 1522 quia
1222 1466 1337 1506 hunc
1369 1467 1567 1517 metitur,
1607 1467 1731 1507 etiam
1769 1467 1993 1517 ultimum,
2038 1476 2077 1507 et
2110 1467 2212 1521 quia

252 1555 525 1604 utrumlibet,
557 1555 682 1593 etiam
707 1562 886 1601 ceteros,
919 1560 959 1590 et
988 1550 1089 1604 quia
1121 1548 1312 1589 medium
1346 1550 1544 1603 quemvis
1570 1565 1621 1590 ex
1647 1549 1747 1600 illis,
1780 1559 1819 1589 ct
1847 1549 2005 1604 priores
2035 1563 2211 1605 quoque

255 1645 295 1675 et
326 1635 558 1675 ulteriores.
617 1633 672 1672 At
701 1631 788 1671 duo
820 1629 922 1682 quia
945 1643 1029 1668 non
1053 1627 1288 1668 metiuntur
1309 1627 1511 1670 ducentos
1542 1628 1819 1683 quadraginta
1845 1639 1948 1679 tres,
1977 1644 2028 1668 ne
2052 1644 2207 1670 novem

256 1716 432 1769 quidem
466 1723 538 1754 aut
568 1712 752 1762 medios3
784 1710 885 1763 quia
915 1722 1071 1748 novem
1104 1723 1188 1748 non
1219 1709 1475 1759 metiuntur,
1508 1724 1561 1748 ne
1591 1709 1792 1749 ducentos
1824 1709 2102 1763 quadraginta
2126 1719 2208 1751 tres

254 1795 429 1848 quidem
469 1802 541 1834 aut
571 1791 753 1842 1nedios;
799 1790 900 1844 quia
930 1788 1101 1829 nullum
1128 1804 1179 1829 ex
1211 1789 1359 1829 mediis
1386 1789 1649 1839 metiuntur,
1680 1803 1732 1829 ne
1765 1788 1985 1829 ulteriores
2017 1788 2206 1843 quidem.

250 1875 293 1916 Si
336 1873 542 1929 quotlibet
580 1872 632 1913 ab
667 1886 752 1911 uno
792 1885 974 1910 numero
1023 1872 1280 1910 conveniunt
1328 1868 1610 1923 proportionis
1653 1867 1869 1920 ejusdem,
1918 1877 2021 1921 quot
2055 1883 2131 1923 per
2162 1883 2205 1908 se

250 1952 514 2007 incompositi
560 1951 730 1991 numeri
778 1951 977 1991 ultimum
1033 1955 1292 2001 numerum‘,
1347 1949 1520 1990 totidem
1567 1949 1708 1989 ettiam
1753 1964 1853 1990 euin
1900 1950 1974 2004 qui
2021 1950 2073 1990 ab
2118 1964 2203 1990 uno

252 2034 475 2090 protimus
520 2041 579 2072 est
623 2032 863 2072 metientur.
939 2031 1028 2071 Sint
1065 2032 1259 2080 numeri,
1306 2031 1381 2084 qui
1428 2029 1561 2085 duplo
1604 2030 1863 2081 increscunt,
1902 2044 2062 2080 unum,
2093 2029 2201 2080 duo,

253 2124 457 2170 quatuor,
489 2122 601 2164 octo,
631 2112 834 2164 sedecim3
869 2127 920 2152 ex
942 2111 1007 2152 his
1028 2126 1096 2151 eos
1124 2111 1198 2165 qui
1221 2110 1403 2151 sedecim
1427 2119 1524 2151 sunt
1545 2109 1655 2159 duo,
1688 2119 1727 2150 et
1752 2109 1879 2149 iidem
1902 2123 1945 2148 se
1974 2109 2084 2162 ipsos
2108 2122 2201 2149 me-

324 2256 550 2303 proportionis]
578 2256 633 2288 Sie
653 2255 745 2287 ethic
760 2261 791 2286 et
806 2255 886 2286 infra
901 2254 1024 2286 correxi
1042 2254 1202 2295 vulgatam
1328 2255 1404 2300 qnia
1430 2252 1528 2298 Ιιηηο]
1555 2253 1612 2285 Sic
1638 2252 1740 2284 codex
1758 2251 1962 2284 Monacensis
1987 2251 2070 2294 (C):,
2103 2251 2199 2293 vulgo

250 2325 405 2367 portionis
426 2334 443 2354 e
460 2321 623 2354 codicibus
643 2319 889 2352 Monacensibns
908 2324 939 2349 et
959 2318 1099 2358 margine
1119 2317 1200 2349 Gro-
1253 2318 1310 2363 qui
1337 2317 1431 2347 hune.

252 2387 354 2425 tiana3
383 2398 421 2418 eo
439 2385 556 2426 magis,
574 2383 660 2427 quod
676 2382 744 2426 ipse
759 2382 933 2414 Martianus
953 2393 1048 2424 supra
1064 2379 1202 2425 (§.283)
1328 2374 1491 2424 quotlibet]
1520 2375 1575 2407 Sic
1597 2374 1771 2406 anteriores
1792 2374 1949 2405 editiones
1969 2375 2019 2406 hie
2039 2379 2070 2405 et
2093 2374 2126 2406 in
2149 2387 2196 2406 se-

253 2445 468 2494 ἆυαλογιῖαν
491 2448 604 2479 Latine
619 2446 852 2490 proportionem
878 2445 1069 2476 reddiderat.
1250 2440 1420 2484 quentibus
1439 2438 1481 2483 (ξ.
1497 2440 1578 2471 796.
1605 2438 1706 2480 797),
1734 2437 1788 2469 ubi
1811 2437 1944 2470 Grotius
1969 2438 2050 2469 male
2072 2449 2198 2482 semper

325 2523 426 2542 unum
450 2507 610 2554 metietur]
643 2507 756 2541 Codex
780 2506 984 2540 Monacensis
1014 2504 1074 2550 (Α)
1104 2517 1199 2546 unus,
1251 2504 1420 2551 quodlibet.

251 2576 342 2608 male.
