2310 2860
197 260 285 303 252

767 258 966 301 Martiani
1004 256 1205 315 Capellae
1242 257 1314 300 lib.
1345 257 1400 299 II.
1439 260 1472 311 ᾗ.
1495 257 1598 300 220.

593 369 714 411 Artes
745 367 878 410 libelli
909 366 985 422 qui
1014 375 1239 422 sequentes
1273 374 1471 406 asserent,

593 451 708 494 Nam
743 450 869 505 fruge
900 463 1004 491 vera
1038 461 1166 489 omne
1197 443 1347 486 fictum
1376 444 1621 498 dimovent,

592 530 653 572 Et
681 529 923 585 disciplinas
954 527 1219 569 annotabunt
1248 526 1408 569 sobrias

594 611 675 651 Pro
707 619 825 665 parte
858 609 1015 660 multa,
1056 624 1136 651 nec
1166 609 1371 652 vetabunt
1400 608 1597 651 ludicra:

594 692 737 733 Habes
770 692 875 748 quid
905 693 1051 744 instet,
1094 692 1130 733 si
1159 701 1341 748 potestas
1373 691 1575 732 coelitum

590 774 871 830 Faveantque
903 774 1057 816 Musae
1088 782 1128 815 et
1159 773 1305 830 chelys
1335 773 1500 817 Lato'l'a.

197 902 214 920 a
236 887 345 921 codiee
371 885 642 928 Guelferbytano⁹
666 896 725 916 nec
749 884 876 925 mirum,
903 896 1002 928 quum
1030 895 1069 917 eo
1095 895 1147 917 co-

195 951 266 983 dice
286 960 352 981 non
371 948 434 980 nisi
456 946 585 990 nuptiae
605 946 843 986 contineantur,
869 947 997 978 minime
1025 952 1149 990 septem

194 1012 266 1044 libri
298 1010 502 1056 posteriores.
550 1007 725 1040 Adduntur
760 1013 866 1039 autem
903 1008 997 1040 haec:
1035 1007 1148 1040 »Maru

193 1076 273 1109 Min.
289 1075 357 1107 Fel.
374 1074 484 1107 Carth.
501 1072 540 1103 de
562 1071 682 1115 nuptiis
701 1070 820 1102 Philol.
839 1070 939 1101 finis«
973 1070 1147 1102 Praeterea

194 1151 276 1184 quae
294 1138 419 1170 duobus
443 1137 476 1168 in
497 1135 567 1167 aliis
591 1134 754 1167 codicibus
778 1133 982 1166 continentur
1005 1131 1146 1176 nuptiae,

193 1205 252 1236 has
277 1203 331 1235 ille
358 1212 422 1233 uno
447 1204 570 1232 tantum
592 1197 822 1242 complectitur.
854 1195 894 1228 In
917 1195 1070 1238 Hugiano
1093 1206 1144 1228 co-

193 1266 264 1299 dice
292 1263 419 1309 spurius
441 1262 573 1305 insuper
592 1260 643 1292 hie
665 1270 777 1292 versus
802 1257 947 1290 additur:

249 1327 381 1360 »Gloria
399 1324 541 1368 fulgenti
569 1322 698 1355 Christo
718 1323 761 1352 sit
786 1320 1026 1363 cunctipotenti.
1034 1331 1046 1347 ιι

263 1384 467 1430 taminatus]
494 1383 567 1418 MS.
591 1384 781 1416 terminatis.
817 1382 906 1423 Ergo
927 1382 998 1423 lege
1024 1385 1057 1412 et
1079 1379 1144 1412 dis-

365 1450 481 1483 »IVunc
501 1460 576 1492 ergJo
595 1448 711 1490 mythis
737 1447 918 1478 terminatis
939 1444 1056 1487 inflant

360 1514 460 1548 Artes
481 1512 582 1545 libelli
603 1512 660 1558 qui
680 1515 851 1557 sequentes
871 1514 1025 1540 asserent.
1034 1522 1045 1535 α

190 1581 316 1616 Sensus
350 1578 471 1612 clarus:
503 1576 547 1608 ait
579 1574 730 1618 imposito
759 1572 875 1604 fabulis
906 1572 969 1603 fine
1001 1570 1142 1614 incipere

189 1642 290 1676 libros
307 1640 347 1672 de
369 1644 491 1682 septem
508 1636 628 1668 artibus
647 1635 687 1666 ad
710 1645 792 1677 quos
810 1638 1018 1664 transeamus.
1037 1630 1142 1663 Gno‘r.

191 1724 239 1731 —
255 1703 324 1740 Sed
339 1702 463 1747 mythos
485 1701 519 1733 in
543 1698 690 1731 omnibus
711 1696 829 1740 legitur
849 1701 915 1729 tam
934 1695 1027 1728 editis
1047 1706 1142 1740 quam

190 1454 316 1496 tingue:

1199 884 1441 929 manuscriptis,
1474 883 1611 929 ipsoque
1644 883 1823 924 Grotiano3
1857 889 2053 928 quapropter
2076 883 2159 916 male

1199 947 1321 990 recepit
1338 946 1472 979 Grotius
1495 948 1686 978 terminatis.
1712 945 1873 989 Equidem
1900 947 2091 977 terminatus
2109 957 2157 977 re-

1198 1006 1292 1050 posui
1324 1008 1469 1039 codicum
1502 1007 1793 1047 Reiclienauensis,
1832 1007 2036 1039 Monacensis
2069 1006 2158 1050 (C),

1198 1066 1492 1108 Cantabrigiensis,
1523 1067 1720 1108 Britannici,
1749 1068 1934 1109 Bodlejani,
1958 1073 1990 1099 et
2013 1068 2157 1109 Hugiani

1198 1130 1395 1162 auctoritate.
1421 1128 1491 1162 Alii
1519 1130 1647 1172 quidem
1674 1132 1868 1162 iemninatur
1888 1131 2060 1176 praebent,
2099 1131 2156 1163 sed

1195 1193 1277 1225 illud
1297 1192 1429 1233 melius,
1460 1192 1535 1235 quia
1554 1192 1621 1234 jam
1648 1194 1766 1225 factum
1790 1199 1847 1226 est.

1271 1254 1403 1301 inflant]
1430 1256 1508 1299 Infit
1528 1267 1640 1300 saepe,
1672 1257 1808 1300 infizmt,
1832 1255 1918 1300 quod
1942 1256 2057 1297 sciam,
2090 1269 2155 1288 non

1195 1317 1259 1351 nisi
1283 1318 1368 1363 apud
1386 1323 1539 1369 xnostrum
1563 1317 1696 1360 legitur,
1729 1318 1872 1362 quamvis
1901 1317 2080 1350 Varronem
2109 1318 2154 1349 di-

1194 1382 1282 1415 xisse
1307 1381 1384 1424 insio
1406 1386 1543 1413 testatur
1563 1381 1750 1414 Priscianus
1767 1382 1803 1426 (8
1822 1380 1925 1425 extu).

1264 1443 1363 1488 fraqe
1382 1441 1473 1488 vera]
1507 1443 1547 1475 Id
1579 1448 1630 1475 est
1654 1455 1731 1475 vero
1762 1448 1794 1475 et
1821 1442 1958 1487 simplici
1977 1442 2152 1477 intellectu.

1193 1504 1340 1538 vorem.
1363 1524 1411 1529 —-
1452 1506 1630 1538 Utilitatem
1669 1517 1780 1537 veram
1813 1504 1918 1538 dicere
1952 1507 2150 1549 praestabat,

1193 1581 1257 1612 qua
1279 1573 1452 1613 sequentes
1475 1567 1714 1612 disciplinarum
1737 1568 1838 1600 libros
1860 1568 2041 1611 nuptiarum
2065 1580 2148 1601 com-

1192 1635 1300 1662 menta
1329 1641 1480 1673 superare
1507 1628 1684 1662 Martianus
1717 1628 1770 1660 ait.
1807 1628 1939 1662 Sobrius
1964 1629 2148 1663 Macrobius

1193 1702 1322 1736 quoque
1345 1689 1490 1735 (Saturn.
1510 1691 1541 1723 1.
1569 1689 1605 1734 5)
1629 1689 1754 1724 fabulas
1780 1702 1856 1724 suas
1881 1690 2030 1737 appellat.
