2310 2860
751 175 950 219 Martiani
987 173 1186 231 Capellae
1225 173 1297 214 lib.
1321 172 1375 214 V.
1414 172 1570 224 §.5112

2051 170 2148 211 1145

188 288 420 331 verborum
469 285 708 340 conjunctio
743 284 791 325 M
831 284 977 325 literae
1008 281 1247 323 assiduitate
1278 279 1510 330 colliditur,
1564 287 1611 319 ut
1646 278 1679 319 si
1708 277 1840 319 dicas:
1877 276 2148 329 „Mammam

184 371 322 426 ipsam
356 383 452 410 amo
484 368 606 423 quasi
638 381 779 407 meam
813 365 1046 406 animam.“
1076 363 1384 406 Labdacismus
1417 369 1496 411 est,
1528 360 1603 400 ubi
1627 361 1662 401 L
1688 359 1924 414 plurimum
1951 357 2148 408 dissonat,

186 461 236 492 ut
273 452 307 492 si
345 451 478 491 dicas:
511 449 609 500 „Sol
650 457 690 489 et
727 447 852 489 Luna
880 446 976 486 luce
1009 445 1151 485 lucent
1187 445 1282 486 alba
1314 443 1398 483 leni
1430 442 1605 482 lactea.“
1663 441 1910 481 Iotacismus
1948 449 2007 480 cst
2040 448 2088 480 ut
2116 440 2151 480 si

187 531 320 573 dicas:
350 530 503 581 „Junio
533 530 644 583 Juno
675 529 790 570 Jovis
820 529 914 582 jure
945 526 1168 567 irascitur.‘

1246 522 1506 577 Polysigma,
1551 521 1624 561 ubi
1656 522 1683 561 S
1708 521 1825 562 litera
1859 521 2050 562 crebrius
2080 535 2152 576 ge-

187 611 397 652 minatur:
422 610 569 661 „Sosia
592 610 634 650 in
662 610 814 650 solario
844 608 978 649 soleas
1008 607 1215 649 sarciebat
1237 607 1379 645 suaS.“
1418 603 1862 658 Homocoprophoron
1896 612 1976 654 cst,
2011 616 2148 657 quum

188 691 364 732 dieitur:
397 691 466 742 „O
508 692 604 732 Tite
644 700 731 731 tute
777 691 874 730 Tati
909 690 983 730 tibi
1028 698 1140 730 tanta
1174 696 1354 742 tyranne
1394 684 1566 725 tulisti.“

190 772 286 828 quis
310 772 791 827 dicat„persuasitrices,
817 772 1199 827 praestrigiatrices,
1227 778 1352 823 atque
1390 766 1642 807 inductrices
1667 766 1804 821 tigres.
1837 765 2024 819 Asperae
2049 763 2156 804 inter
2186 758 2274 799 515

1627 683 1990 739 DyspropImron,
2043 692 2092 723 ut
2121 681 2154 722 si

189 853 471 908 penultimam
510 853 797 908 ultimamque
839 854 1075 895 verborum
1114 853 1304 894 maxime
1349 849 1573 900 vitandae,
1625 849 1746 903 cujus
1788 846 2037 903 exemplum
2077 853 2156 895 est,

191 986 311 1017 nostris
329 991 377 1017 est
392 987 605 1017 metacismus.
630 985 668 1016 In
685 985 812 1016 excusis
831 987 1034 1017 metacismus
1052 985 1151 1026 legas.

192 1049 292 1092 Quod
315 1062 379 1080 non
402 1049 556 1092 improbo.
584 1049 653 1080 Iino
676 1049 782 1092 possis
806 1049 951 1080 similiter
975 1049 1152 1080 rescribere

193 1111 278 1154 apud
312 1111 478 1154 Capellam
512 1116 544 1141 et
573 1109 771 1141 Diomedem.
813 1110 894 1141 Nam
923 1111 1045 1141 literam
1071 1112 1153 1142 hane

192 1176 316 1203 veteres
345 1183 411 1202 non
447 1169 499 1214 μῦ
534 1176 673 1211 tantum,
701 1171 758 1202 sed
787 1170 847 1213 μώ
874 1184 1002 1216 quoqne
1030 1172 1152 1206 dixere.

191 1234 292 1267 Voss
310 1235 397 1279 (inst.
420 1240 499 1266 orat.
521 1235 562 1275 4,
597 1235 628 1265 2.
654 1234 718 1278 Op.
743 1234 802 1265 ΙΙΙ.
823 1247 855 1278 p.
876 1236 1028 1279 155).—
1052 1235 1153 1279 Equi-

194 1297 266 1328 dem
284 1297 335 1328 hic
354 1302 389 1328 ut
408 1309 504 1340 supra
529 1295 569 1341 (ἓ.
585 1296 673 1339 279)
700 1296 859 1337 vulgatam
881 1297 1040 1329 scribendi
1058 1298 1153 1329 ratio-

195 1370 268 1389 ncm
296 1358 435 1397 servavi,
463 1358 538 1389 licet
573 1357 606 1388 in
639 1357 803 1388 codicibus
840 1359 1098 1391 Reichcuauensi
1125 1364 1157 1390 et

196 1420 445 1453 Darmstattensi
472 1421 694 1451 ”metacismus
725 1420 858 1461 legatur.

270 1482 466 1528 fflammam]
492 1482 561 1514 Aut
589 1483 779 1514 ΔΠαηιηιίαηι,
805 1483 976 1524 legendum
1005 1493 1063 1526 pro
1084 1480 1155 1513 ‘mu-

197 1547 284 1579 lieris
307 1548 447 1587 nomine,
471 1552 524 1578 aut
540 1547 715 1577 Mammam
736 1547 924 1577 sumendum
942 1558 1000 1591 pro
1023 1545 1157 1586 nutrice,

197 1616 234 1642 ut
250 1611 281 1642 in
297 1611 359 1643 ista
375 1610 585 1655 inscriptione
610 1609 755 1653 antiqua:

594 1672 637 1704 D.
714 1673 758 1704 M.

479 1732 744 1766 CAECILIAE.
770 1732 887 1764 LITE.

429 1794 625 1828 0F1LL1A.
670 1792 929 1827 ARESCUSA.

490 1857 705 1891 MAMMAE.
734 1856 867 1890 SUAE.

567 1920 607 1950 B.
632 1920 677 1952 M.
703 1919 803 1951 FEC.

278 1981 357 2028 leni]
384 1981 441 2015 Sic
465 1982 578 2026 scripsi
598 1995 616 2014 e
641 1982 805 2016 codicibus
829 1980 1005 2020 Grotiano,
1025 1980 1162 2012 Reiclie-

205 2045 356 2086 naucnsi,
384 2044 651 2084 Darinstattcnsi,
685 2049 717 2075 et
746 2042 934 2075 Monacensi
959 2054 1018 2086 pro
1046 2043 1110 2074 levi
1129 2042 1163 2074 in

204 2108 316 2149 editis,
345 2108 433 2151 quod
457 2108 524 2150 jam
559 2107 693 2140 Grotius
725 2107 928 2138 intellexerat
959 2111 1060 2138 metro
1098 2111 1162 2138 tro-

206 2170 316 2202 chaico
347 2170 489 2209 officere,
520 2175 750 2213 praetereaque
776 2168 902 2200 restitui
931 2168 1074 2212 priorum
1099 2168 1163 2199 cdi-

206 2233 330 2265 tionum
353 2233 524 2265 lectionem
545 2234 653 2266 lucent
669 2245 728 2278 pro
752 2234 917 2273 lucebant,
943 2232 1031 2277 quod
1054 2232 1163 2263 neseio

208 2296 294 2328 unde
318 2295 451 2328 Grotius
473 2297 611 2340 petierit.

284 2356 488 2402 iotacismus]
515 2358 637 2390 Confer
663 2357 919 2401 Quinctilianum
945 2356 1000 2403 (1,
1034 2359 1074 2398 5,
1101 2357 1164 2401 52)

213 2431 284 2452 eum
311 2426 386 2451 nota
412 2419 591 2464 Spaldingii
618 2423 661 2466 (p.
688 2422 781 2466 112).

284 2482 478 2528 polysiyma]
504 2483 559 2515 Ab
589 2485 658 2516 aliis
688 2486 796 2518 vocari
818 2487 880 2518 hoc
903 2484 1014 2518 vitium
1036 2486 1165 2531 ὄιγμα·

216 2542 350 2590 τισμόν
362 2547 502 2580 vossius
530 2540 616 2592 (uzst.
633 2560 679 2581 or.
694 2549 734 2590 4,
757 2550 798 2590 2,
820 2551 853 2582 5.
873 2550 936 2593 op.
955 2549 1022 2590 111,
1042 2546 1172 2593 p.134)

217 2611 381 2652 observat,
414 2616 510 2653 negat
539 2617 646 2644 tamen
679 2612 788 2645 Julius
813 2613 935 2647 Caesar
958 2612 1105 2655 Scaliger
1128 2610 1172 2643 vi-

1204 984 1282 1015 tium
1296 984 1357 1015 hoc
1376 994 1448 1014 esse
1470 982 1570 1026 (pos-t.
1590 981 1629 1021 2,
1655 980 1721 1014 ’ὀξὶς
1753 992 1784 1023 p.
1802 978 1902 1021 172),
1931 989 1966 1010 ac
1995 989 2070 1009 sanc
2094 982 2157 1007 tam

1204 1050 1392 1092 frequenter
1421 1046 1506 1090 apud
1532 1045 1679 1089 antiquos
1700 1043 1875 1082 invenitur,
1903 1047 1938 1072 ut
1954 1041 2084 1085 putidus
2107 1039 2159 1078 sit,

1204 1111 1260 1154 qni
1279 1110 1398 1153 ubique
1420 1109 1568 1139 damnare
1585 1107 1671 1138 velit.
1689 1106 1811 1137 Confer
1828 1116 1909 1148 quae
1928 1116 1944 1134 a
1961 1103 2035 1135 viris
2056 1101 2160 1134 doctis

1205 1175 1244 1205 ad
1270 1173 1457 1216 Euripidem
1488 1171 1587 1214 (Med.
1609 1169 1701 1212 476)
1726 1174 1877 1200 aiinotata
1901 1172 1992 1206 sunt,
2023 1171 2055 1197 et
2078 1175 2160 1209 quae

1205 1236 1315 1267 laudat
1343 1235 1423 1266 Otto
1450 1234 1503 1277 (ad
1527 1232 1716 1265 Ciceronem
1740 1231 1779 1261 de
1807 1234 1925 1260 scnect.
1947 1241 1978 1272 p.
2003 1226 2096 1270 102).

1281 1293 1610 1339 lzomocoproplioron]
1639 1293 1727 1324 Editi
1758 1292 1876 1323 liabent
1902 1288 2161 1332 ltomocoprophe·

1205 1372 1283 1391 ron:
1307 1358 1424 1390 rectior
1456 1363 1565 1388 nostra
1595 1368 1612 1387 e
1640 1355 1749 1386 codice
1773 1353 1962 1386 Monaceusi
1985 1351 2042 1395 (C)
2067 1350 2163 1382 lectio

1208 1427 1268 1453 est.
1297 1419 1504 1462 Exemplum,
1532 1417 1619 1461 quod
1643 1416 1741 1447 Ennii
1766 1421 1815 1446 est
1840 1421 1872 1446 ct
1896 1427 1913 1446 a
1936 1414 2043 1445 multis
2063 1424 2163 1453 gram-

1208 1483 1330 1514 maticis
1356 1482 1542 1525 repetitum,
1584 1485 1694 1511 noster
1726 1479 1764 1510 ab
1795 1478 1939 1509 Auctore
1970 1477 2010 1508 ad
2040 1477 2164 1506 Heren-

1210 1545 1296 1576 nium
1320 1545 1378 1587 (4,
1409 1542 1474 1585 12)
1503 1546 1664 1573 mutuatus
1693 1552 1763 1571 esse
1786 1539 1924 1572 videtur.
1968 1538 2068 1569 Plura
2093 1536 2166 1568 vide

1212 1606 1295 1650 apud
1320 1604 1530 1648 Spengelium
1550 1603 1620 1647 (art.
1644 1602 1751 1645 script.
1778 1614 1809 1644 p.
1828 1601 1899 1642 IX).

1283 1665 1547 1712 persuasitrices]
1586 1666 1633 1697 lta
1660 1677 1720 1696 nos
1744 1664 1958 1703 restituimus,
1983 1674 2054 1694 cnm
2076 1668 2168 1693 antea

1212 1744 1380 1777 perperam
1400 1730 1567 1773 disjunctis
1582 1729 1714 1761 vocibus
1728 1728 1889 1770 legeretur
1901 1727 2049 1770 persuasi
2066 1727 2169 1758 trices.

1214 1797 1318 1830 Gnor.
1334 1815 1381 1820 —
1404 1794 1503 1839 Apud
1532 1794 1683 1825 Plautum
1708 1791 1871 1836 (Bacchid.
1898 1792 1936 1831 5,
1962 1790 2002 1830 2,
2029 1789 2092 1833 47)
2121 1793 2171 1820 est

1220 1858 1348 1902 „probri
1373 1857 1577 1901 perlccebrae
1603 1861 1634 1887 et
1658 1856 1926 1898 pet-suasli·ices«,
1958 1851 2045 1896 quod
2069 1849 2169 1892 magis

1213 1920 1309 1952 etlam
1331 1914 1612 1966 ὃυόπρόφορον
1636 1923 1745 1956 sonat,
1781 1917 1838 1947 scd
1869 1914 1996 1946 codices
2022 1914 2170 1944 deserere

1213 1993 1318 2025 neque
1333 1981 1384 2012 hic
1399 1980 1486 2012 volni
1506 1992 1609 2023 neque
1626 1992 1700 2010 mox
1718 1979 1749 2010 in
1765 1978 2069 2021 praestriyiatrices,
2083 1974 2171 2019 quod

1214 2043 1276 2075 etsi
1292 2042 1448 2074 sermonis
1470 2042 1549 2073 ratio
1573 2046 1718 2085 respuat,
1745 2040 1917 2083 plerosque
1937 2044 2043 2069 tamen
2061 2047 2169 2068 manu-

1215 2107 1352 2152 scriptos
1378 2106 1528 2138 exhibere
1551 2111 1687 2136 testatur
1709 2103 1959 2146 Oudendorpius
1979 2102 2032 2146 (ad
2049 2099 2168 2145 Appul.

1215 2170 1254 2202 de
1280 2169 1399 2201 mundo
1428 2169 1466 2199 T.
1483 2168 1531 2207 II,
1556 2180 1586 2211 p.
1607 2167 1710 2209 521),
1737 2171 1932 2209 quapropter
1951 2176 1990 2196 ex
2010 2175 2074 2195 uuo
2094 2161 2167 2193 Rei-

1215 2232 1411 2266 chenauensi
1432 2232 1706 2276 praestigiatrices
1728 2230 1866 2262 scribere
1887 2241 1925 2260 eo
1950 2227 2052 2258 minus
2073 2224 2168 2263 volui,

1215 2295 1291 2340 qnia
1316 2294 1508 2327 martianum
1536 2293 1641 2337 ipsum
1665 2292 1732 2334 jam
1760 2293 1841 2323 banc
1871 2289 2087 2321 stridosiorem
2114 2297 2167 2316 vo·

1216 2356 1322 2390 cahuli
1345 2357 1478 2387 formam
1502 2355 1535 2386 in
1555 2359 1661 2386 mente
1687 2353 1836 2385 hahuisse
1863 2349 2033 2382 verisimile
2052 2352 2111 2378 est.
2139 2360 2142 2364 ·

1289 2418 1451 2464 phaleras]
1479 2419 1507 2450 E
1533 2418 1691 2451 Cicerone
1713 2417 1764 2461 (in
1786 2416 1878 2448 Verr.
1894 2414 1934 2453 4,
1964 2413 2008 2443 12
2027 2410 2081 2454 f.):
2110 2409 2171 2441 nita

1216 2484 1256 2516 ab
1279 2496 1313 2515 se
1338 2483 1436 2515 invito
1464 2482 1585 2514 ablatas
1609 2481 1755 2525 phaleras
1785 2478 1906 2520 gratis«
1942 2475 2093 2507 Ceterum
2119 2485 2170 2505 co-

1223 2545 1309 2577 dices
1331 2545 1558 2578 monacensem
1586 2543 1643 2588 (C)
1665 2547 1697 2574 et
1716 2541 2012 2572 Reiehenauensem
2042 2540 2172 2568 secutus

1223 2606 1328 2640 delevi
1351 2612 1388 2639 nt
1406 2612 1479 2639 ante
1503 2607 1534 2638 si
1549 2606 1636 2637 dicas
1659 2601 1742 2646 apud
1762 2599 1917 2632 Grotium.

1699 2660 1776 2697 58ss
