2310 2860
681 186 882 229 Martiani
919 185 1120 243 Capellae
1155 185 1230 228 lib.
1251 184 1284 227 Ι.
1327 188 1357 238 ᾗ.
1383 186 1448 229 18.
1980 189 2042 230 55

82 296 357 352 pruinarum:
387 293 496 336 haec
523 294 695 336 Saturni
717 294 952 337 vocabatur
973 293 1179 335 Exitium.
1238 293 1293 334 At
1323 307 1426 334 vero
1456 292 1533 334 sali
1562 294 1881 350 resplendentis,
1913 303 2043 349 atque

82 377 135 419 ad
164 377 296 432 ipsius
331 376 400 418 dei
429 376 652 418 dexteram
691 378 789 429 sita,
833 376 941 419 a‘eris
971 376 1097 417 totius
1127 373 1361 417 seminibus
1392 382 1482 415 erat
1510 374 1685 416 referta:
1721 375 1832 417 hanc
1862 375 2041 417 Junonis

82 457 230 499 Ubera
259 457 571 499 memorabant.

641 459 712 499 Ex
743 457 807 498 his
839 457 966 512 igitur
996 458 1116 499 urnis
1146 456 1250 498 deus
1282 454 1544 506 alternatim,
1587 464 1799 510 quantum
1829 456 2036 513 dispositis

80 545 144 578 sat
172 546 282 588 erat,
312 536 552 580 hauriebat.
608 539 721 580 Nam
756 539 919 594 quoties
951 539 1045 579 orbi
1077 534 1328 591 complacito
1360 534 1499 576 vitalis
1532 534 1701 590 spiritus
1732 536 1927 578 salubres
1959 537 2043 577 mi-

80 617 282 659 nistrabat
313 632 460 669 auras,
501 633 554 660 cx
583 618 655 659 illa
687 618 847 673 argenti
879 617 1105 660 clementia
1135 616 1241 658 a'eris
1272 615 1415 657 hausti
1444 615 1705 671 permiscens
1735 618 1898 660 semina
1929 628 2037 659 tem-

80 699 269 755 perabat.
327 699 480 750 Quum
509 714 614 742 vero
656 708 818 755 pestem
857 698 997 740 diram
1043 697 1301 739 commeritis
1341 696 1594 738 mortalibus
1638 698 1907 750 minabatur,
1957 700 2044 740 a'eri

79 806 202 847 tensis,
232 806 434 848 Bodlejanns
459 806 598 851 primus,
629 806 835 838 Britannicus
861 811 893 837 et
917 805 1034 838 Canta-

78 868 260 910 brigiensiS,
284 868 371 912 quod
398 869 641 912 praeferendum
660 880 733 900 esse
757 868 934 908 videbatur,
961 867 1036 911 quia

78 931 176 975 paulo
201 937 276 976 post
300 930 422 975 Apollo
445 944 485 964 ex
513 933 572 965 hac
602 944 682 964 urna
703 932 879 976 »torpentis
902 932 1036 976 fi·1‘qot·1's

79 1004 204 1024 venena
220 992 373 1024 miscere«
400 991 524 1037 (§.18)
552 993 677 1025 dicitur.
720 993 788 1026 Nec
814 1000 920 1025 tamcn
939 993 1036 1024 altera

78 1055 193 1096 lectio,
238 1067 333 1099 quain
364 1056 565 1087 Basilecnsis
598 1056 693 1088 etiam
719 1057 867 1099 praebet,
896 1062 1035 1088 contem·

77 1118 182 1150 nenda
199 1118 268 1158 erit,
296 1119 483 1161 praesertim
506 1119 533 1150 si
553 1119 662 1162 plures
683 1119 770 1159 illos,
793 1131 875 1163 quos
903 1120 936 1150 in
961 1125 1037 1150 nota

77 1181 280 1226 praecedenti
300 1181 446 1222 laudavi,
471 1182 644 1227 scriptores
666 1194 738 1215 cum
759 1188 872 1214 nostro
892 1183 1036 1216 conferre

77 1242 229 1288 placebit.

136 1304 284 1351 exitium]
298 1306 387 1348 Lege
397 1305 536 1339 Saturni
547 1309 707 1340 estIium.
717 1308 845 1340 Voxcx.
855 1308 954 1352 (spec.
968 1307 1037 1339 crit.

78 1379 110 1411 p.
132 1366 194 1411 79)
209 1387 256 1393 —·
275 1367 484 1411 Ncutiquam!
508 1368 635 1400 Nomen
658 1375 725 1401 tam
749 1370 924 1401 absurdum
952 1368 1037 1401 Mar·

79 1428 185 1461 tianus
206 1429 335 1474 quidem
352 1440 450 1460 urnac
470 1428 518 1460 illi
543 1440 610 1460 non
631 1430 729 1461 dedit.
771 1429 911 1462 Criticus
934 1434 1039 1460 autem

80 1491 120 1523 de
145 1491 286 1524 Saturno
317 1492 396 1522 nihil
424 1497 622 1534 compertum
645 1491 776 1532 habuit,
810 1504 905 1536 quam
937 1503 1037 1533 reguo

80 1565 152 1585 cum
174 1553 303 1597 pulsum
321 1552 439 1591 fuisse,
463 1552 543 1583 nihil
564 1552 603 1583 de
627 1554 755 1584 exitiali
774 1553 871 1593 liujus
892 1553 1040 1595 planetae

80 1616 112 1647 vi
135 1616 176 1660 (v.
199 1615 358 1659 palaeogr.
374 1625 477 1645 meam
497 1613 555 1645 ΙΠ.
577 1611 606 1656 §.
623 1612 711 1656 241)
732 1625 874 1657 unquam
902 1612 1039 1643 audivit!

81 1677 195 1721 Neque
209 1675 423 1720 Porphyium
440 1674 503 1718 (ap.
523 1674 644 1705 Euseb.
661 1674 696 1705 in
714 1686 823 1718 praep.
840 1686 888 1707 ev.
911 1686 942 1718 p.
953 1673 1047 1717 257)

80 1741 169 1783 legit,
187 1740 242 1784 qui
259 1736 383 1784 κακὴν
401 1734 580 1784 ἀταρπὸν
600 1738 630 1769 ei
645 1737 775 1778 tribuit3
795 1749 900 1780 neque
917 1743 1042 1780 poetas,

82 1814 100 1834 e
128 1802 245 1846 quibus
271 1801 424 1845 Orpheus
449 1799 584 1844 (Argon.
607 1798 696 1843 424)
721 1794 878 1845 Ηρὸνον
895 1795 1042 1833 αἱνολέ·

83 1875 156 1910 την
180 1863 337 1907 appellat,
370 1861 522 1894 Lucanus
544 1861 578 1905 (1
592 1883 602 1901 ,
626 1860 713 1904 652)
735 1876 746 1889 n
755 1859 889 1892 Saturni
917 1860 1043 1891 stellam

85 1931 292 1964 nocentem«,
319 1923 504 1967 Appulejus
528 1921 643 1966 (florid.
665 1922 708 1961 2,
745 1922 802 1953 10.
826 1933 858 1964 p.
874 1921 920 1952 41
942 1920 1043 1965 oud.)

93 1986 356 2031 »perniciosam«,
370 1984 527 2026 Virgilius
549 1982 669 2026 (georg.
694 1983 729 2021 1,
745 1981 833 2026 556)
854 1981 1037 2023 »frigidam«

85 2054 145 2081 cet.
162 2048 278 2092 Neque
299 2046 443 2090 lapidum
461 2044 573 2076 titulos
595 2043 696 2085 novit,
718 2043 753 2075 in
778 2043 894 2087 quibus
913 2044 1046 2087 (Donat.

87 2109 189 2154 suppl.
207 2109 233 2141 I.
250 2121 282 2153 p.
297 2106 359 2152 55)
381 2106 560 2139 »Saturnus
582 2104 662 2137 deus
685 2105 807 2137 malus«
829 2105 963 2146 dicitur3
989 2117 1043 2137 nc-

86 2185 166 2218 quc,
193 2172 282 2218 quod
301 2171 442 2203 omnium
461 2169 638 2214 pessimum
655 2174 722 2210 est,
749 2180 864 2202 censor
883 2169 944 2201 iste
959 2169 1043 2202 Mar-

85 2238 206 2270 tianum
228 2237 353 2280 ipsum,
377 2247 473 2279 quem
495 2233 718 2275 corrigendum
739 2232 800 2264 sibi
822 2233 953 2274 sumsit,
973 2245 1044 2277 per-

85 2300 172 2343 legit.
214 2300 314 2344 Quod
336 2299 364 2330 si
391 2298 522 2331 fecisset
547 2303 580 2329 et
603 2297 717 2339 majori
737 2296 918 2339 diligentia,
948 2308 1044 2340 quam

89 2363 218 2396 secandi
262 2363 405 2407 pruritu,
447 2360 611 2406 praeditus
643 2361 773 2401 fuisset,
804 2372 880 2392 sane
903 2361 1045 2392 infcriori

87 2428 160 2460 loeo
179 2425 327 2471 (§.197)
350 2425 488 2458 cundem
503 2431 648 2458 nostrum
671 2425 876 2456 observasset
898 2425 956 2457 »de
977 2427 1045 2457 exi-

89 2489 174 2524 tialis
199 2487 332 2519 Saturni
362 2488 513 2518 hom-ore«
547 2487 708 2529 agentem!
735 2486 810 2518 Hoc
835 2486 933 2528 igitur
969 2487 1042 2519 loco

94 2548 246 2585 »Saturni
272 2548 418 2591 planetae
443 2549 597 2579 exitium«
623 2548 709 2580 idem
730 2547 812 2579 illud
843 2553 901 2580 cst.

162 2607 369 2655 temperabat]
388 2607 515 2642 minius
533 2608 617 2642 enim
632 2609 671 2641 de
688 2609 932 2654 tempestatibus
945 2621 1042 2652 agens

1087 804 1135 847 (2,
1153 804 1233 847 59):
1250 804 1363 837 »Solis
1386 809 1535 845 natura«,
1557 804 1680 848 inquit,
1705 806 1929 849 »temperando
1953 805 2046 837 iutel-

1086 865 1197 908 ligitur
1211 878 1326 898 annm«
1363 866 1521 899 Similiter
1539 866 1677 898 Ovidius
1699 867 1786 910 (met.
1812 869 1827 899 1
1841 890 1850 906 ,
1881 866 1966 910 770)
1985 867 2046 899 So-

1086 929 1151 962 lem
1180 930 1311 971 laudat,
1349 932 1426 978 »qni
1462 936 1614 973 temperet
1642 931 1792 962 orhemu-⁴
1826 930 1871 961 Et
1898 930 2049 962 Ciceroni

1088 992 1151 1035 (ap.
1167 992 1310 1024 Macrob.
1326 992 1360 1024 in
1385 1004 1486 1023 somn.
1512 991 1567 1024 Sc.
1584 992 1626 1032 2,
1645 991 1682 1035 5)
1707 992 1792 1023 »dux
1818 997 1888 1032 cst,
1918 998 1949 1022 ct
1962 992 2048 1034 prin—

1088 1064 1181 1096 ceps,
1215 1059 1248 1084 ct
1270 1054 1452 1085 moderator
1475 1052 1632 1084 luminum
1649 1052 1874 1097 reliqum-uma
1921 1053 1960 1084 In
1982 1052 2049 1084 Ac-

1089 1114 1228 1158 gyptiaci
1254 1126 1383 1158 quoquc
1420 1114 1554 1146 obelisci
1579 1114 1796 1157 inscriptionis
1825 1113 2050 1158 explicatione,

1089 1189 1185 1220 quam
1205 1175 1397 1208 Ammianus
1421 1177 1494 1220 (17,
1519 1177 1554 1208 4.
1587 1189 1618 1220 p.
1638 1178 1708 1208 177
1730 1176 1845 1220 Gron.)
1871 1177 1964 1208 nobis
1985 1188 2049 1207 ser-

1089 1238 1192 1277 vavit,
1223 1237 1284 1270 Sol
1318 1243 1368 1269 ter
1391 1238 1571 1281 appellatur
1601 1233 1792 1283 δεσπότης
1822 1233 1996 1283 οὐρανοῦ
2020 1243 2053 1269 ct

1089 1296 1261 1345 χρόνων.
1304 1299 1374 1331 Sed
1395 1304 1522 1331 constat
1542 1298 1602 1330 sibi
1627 1304 1738 1330 noster
1761 1304 1824 1331 tam
1847 1299 2051 1330 inferioribus

1092 1361 1134 1407 (§.
1152 1363 1211 1395 54.
1239 1362 1345 1405 186),
1374 1375 1470 1406 quam
1499 1362 1717 1406 superioribus
1739 1362 1821 1394 locis
1842 1361 1886 1406 (§.
1906 1362 1973 1405 14).

1164 1424 1299 1470 pestem]
1326 1426 1394 1457 Res
1418 1432 1469 1457 est
1485 1432 1561 1457 nota
1580 1438 1620 1457 cx
1641 1426 1778 1457 Homeri
1804 1426 1915 1457 Iliadis
1939 1425 2051 1468 primo.

1091 1487 1192 1529 Quod
1219 1499 1296 1518 vero
1331 1486 1519 1530 Apollinem
1537 1480 1746 1531 'pestilentiae
1776 1495 1939 1520 auctorem
1965 1488 2051 1527 facit,

1091 1561 1132 1581 ex
1148 1548 1383 1592 Aegyptiorum
1405 1550 1573 1593 disciplina
1599 1550 1633 1581 id
1655 1550 1766 1590 hahet,
1795 1551 1851 1594 qui
1875 1556 1957 1582 teste
1975 1551 2051 1582 Cle·

1092 1617 1197 1642 mente
1221 1612 1443 1643 Alexandrino
1468 1610 1644 1655 λοιμικὰς
1668 1608 1814 1652 νόσους
1833 1610 1934 1659 ᾑλὶῳ
1963 1611 2052 1647 ἁνα-

1092 1671 1283 1707 τιθὲαόιν.
1344 1672 1539 1705 conferatur
1575 1673 1771 1704 Munckerus
1811 1674 1851 1704 ad
1885 1675 2052 1717 Hyginum

1092 1746 1124 1778 p.
1145 1734 1231 1766 213.
1271 1734 1462 1766 Heraclides
1489 1746 1549 1765 suo
1575 1746 1663 1765 more
1686 1746 1784 1778 super
1802 1735 1861 1766 bac
1890 1747 1924 1766 re
1950 1736 2053 1779 philo-

1094 1796 1257 1838 sophatur.
1273 1795 1376 1828 Goizz.
1394 1814 1442 1819 ——
1459 1795 1643 1828 Heraclidis
1659 1796 1756 1827 verba
1769 1797 1884 1827 melius
1902 1797 2053 1838 leguntur

1093 1858 1127 1890 in
1149 1859 1244 1891 Galci
1264 1859 1428 1902 opusculis
1450 1860 1493 1903 (p.
1513 1859 1610 1903 418).
1638 1859 1816 1892 Clementis
1841 1859 2054 1893 Alexandrini

1094 1920 1187 1953 loeus
1213 1927 1262 1952 est
1290 1926 1432 1953 stromat.
1457 1922 1500 1954 V.
1532 1921 1575 1965 (p.
1593 1920 1688 1964 587).
1723 1921 1823 1965 Apud
1839 1923 2051 1954 Munckerum

1096 1989 1202 2016 autem
1219 1984 1299 2016 nihil
1323 1985 1476 2028 reperies,
1507 1990 1540 2017 et
1554 1996 1669 2016 vercor
1685 1997 1725 2016 nc
1750 1997 1828 2017 voce
1855 1989 1967 2029 pestis,
1990 1998 2052 2030 qua

1094 2045 1168 2078 loco
1186 2046 1316 2078 laudato
1333 2047 1461 2078 minime
1484 2042 1505 2081 ὁ
1522 2042 1657 2090 λοιμός
1681 2047 1894 2088 significatur,
1916 2048 1973 2079 sed
1989 2049 2052 2079 sor-

1095 2109 1201 2150 mido,
1236 2116 1357 2151 terror,
1401 2110 1544 2143 Goezius
1576 2110 1730 2154 deceptus
1756 2111 1860 2142 suerit.
1900 2112 2052 2144 Ceterum

1096 2184 1194 2216 quum
1212 2170 1401 2216 Apollinem
1418 2183 1486 2204 non
1514 2177 1638 2203 tantum
1661 2172 1847 2212 immittere,
1879 2173 1936 2204 scd
1957 2174 2052 2205 etiam

1096 2233 1206 2265 sedare
1221 2233 1438 2277 pestilentiam
1453 2230 1616 2265 veteribus
1634 2244 1823 2276 persuasum
1842 2234 1938 2265 suerit
1954 2236 2051 2277 (Pau-

1096 2307 1165 2327 san.
1183 2296 1214 2336 1,
1239 2296 1275 2335 5,
1301 2296 1324 2328 5
1350 2300 1382 2327 et
1405 2296 1461 2335 10,
1495 2296 1553 2336 11,
1580 2295 1615 2327 4.
1640 2295 1754 2326 llorat.
1775 2307 1869 2326 carm.
1896 2297 1927 2334 1,
1951 2297 1995 2327 21
2018 2296 2050 2337 f.)

1095 2359 1190 2390 ctiam
1209 2364 1321 2390 noster
1346 2365 1517 2403 utrumque
1537 2358 1671 2390 innuere
1696 2358 1840 2400 videtur,
1872 2359 1960 2391 Solis
1987 2364 2051 2390 tam

1095 2420 1266 2461 beneficia,
1303 2433 1398 2465 quam
1422 2421 1554 2461 damna3
1588 2426 1684 2464 atquc
1705 2420 1739 2452 in
1768 2420 1807 2452 iis
1832 2419 2050 2451 describendis

1095 2482 1224 2515 omuino
1248 2488 1321 2514 ante
1349 2482 1460 2514 oculos
1483 2482 1594 2514 habuit
1613 2481 1811 2512 Macrobimn
1835 2480 1916 2524 (Sat.
1938 2481 1976 2520 1,
2004 2482 2050 2512 17

1094 2551 1127 2578 ct
1148 2543 1219 2587 20).
1267 2544 1390 2577 Confer
1413 2549 1446 2576 et
1470 2543 1668 2587 superiorem
1696 2543 1802 2573 locum
1826 2539 1954 2584 (§.15).

1170 2604 1251 2652 aeri]
1278 2606 1328 2640 Ita
1346 2618 1364 2639 e
1379 2605 1542 2639 codicibus
1560 2602 1760 2643 Basileensi,
1794 2602 2051 2634 Reiehe11a11en,i

2069 460 2122 502 18
