<?xml version="1.0" encoding="UTF-8"?>
<!DOCTYPE html PUBLIC "-//W3C//DTD XHTML 1.0 Transitional//EN"
    "http://www.w3.org/TR/xhtml1/DTD/xhtml1-transitional.dtd">
<html xmlns="http://www.w3.org/1999/xhtml" xml:lang="en" lang="en">
 <head>
  <title>
</title>
<meta http-equiv="Content-Type" content="text/html;charset=utf-8" />
  <meta name='ocr-system' content='tesseract 3.04.00' />
  <meta name='ocr-capabilities' content='ocr_page ocr_carea ocr_par ocr_line ocrx_word'/>
</head>
<body>
  <div class='ocr_page' id='page_1' title='image "./denuptiisphilolo00martuoft/denuptiisphilolo00martuoft_0092.png"; bbox 0 0 2310 2860; ppageno 0'>
   <div class='ocr_carea' id='block_1_1' title="bbox 182 226 240 268">
    <p class='ocr_par' dir='ltr' id='par_1_1' title="bbox 182 226 240 268">
     <span class='ocr_line' id='line_1_1' title="bbox 182 226 240 268; baseline 0 0"><span class='ocrx_word' id='word_1_1' title='bbox 182 226 240 268; x_wconf 60' lang='lat'>439.</span> 
     </span>
    </p>
   </div>
   <div class='ocr_carea' id='block_1_2' title="bbox 782 211 1556 272">
    <p class='ocr_par' dir='ltr' id='par_1_2' title="bbox 782 211 1556 272">
     <span class='ocr_line' id='line_1_2' title="bbox 782 211 1556 272; baseline -0.004 -12"><span class='ocrx_word' id='word_1_2' title='bbox 782 217 982 260; x_wconf 77' lang='lat' dir='ltr'>Martiani</span> <span class='ocrx_word' id='word_1_3' title='bbox 1022 215 1222 272; x_wconf 81' lang='lat' dir='ltr'>Capellae</span> <span class='ocrx_word' id='word_1_4' title='bbox 1260 215 1332 257; x_wconf 83' lang='lat' dir='ltr'>lib.</span> <span class='ocrx_word' id='word_1_5' title='bbox 1357 211 1390 256; x_wconf 60' lang='lat' dir='ltr'>I&#39;.</span> <span class='ocrx_word' id='word_1_6' title='bbox 1428 217 1460 266; x_wconf 58' lang='grc' dir='ltr'>ς.</span> <span class='ocrx_word' id='word_1_7' title='bbox 1486 214 1556 258; x_wconf 77' lang='lat'>23.</span> 
     </span>
    </p>
   </div>
   <div class='ocr_carea' id='block_1_3' title="bbox 182 322 2151 387">
    <p class='ocr_par' dir='ltr' id='par_1_3' title="bbox 182 322 2151 387">
     <span class='ocr_line' id='line_1_3' title="bbox 182 322 2151 387; baseline -0.005 -14"><span class='ocrx_word' id='word_1_8' title='bbox 182 333 234 374; x_wconf 86' lang='lat' dir='ltr'>de</span> <span class='ocrx_word' id='word_1_9' title='bbox 265 332 448 387; x_wconf 75' lang='lat' dir='ltr'>ingenito</span> <span class='ocrx_word' id='word_1_10' title='bbox 478 329 616 384; x_wconf 77' lang='lat' dir='ltr'>rigore</span> <span class='ocrx_word' id='word_1_11' title='bbox 642 324 899 368; x_wconf 86' lang='lat' dir='ltr'>descendens</span> <span class='ocrx_word' id='word_1_12' title='bbox 947 324 1073 366; x_wconf 83' lang='lat' dir='ltr'>etiam</span> <span class='ocrx_word' id='word_1_13' title='bbox 1119 336 1299 378; x_wconf 88' lang='lat' dir='ltr'>corpore</span> <span class='ocrx_word' id='word_1_14' title='bbox 1336 332 1597 364; x_wconf 84' lang='lat' dir='ltr'>moveretur.</span> <span class='ocrx_word' id='word_1_15' title='bbox 1658 322 1831 379; x_wconf 80' lang='lat' dir='ltr'>Quippe</span> <span class='ocrx_word' id='word_1_16' title='bbox 1859 324 2151 379; x_wconf 80' lang='lat' dir='ltr'>propinquam</span> 
     </span>
    </p>
   </div>
   <div class='ocr_carea' id='block_1_4' title="bbox 188 403 2153 461">
    <p class='ocr_par' dir='ltr' id='par_1_4' title="bbox 188 403 2153 461">
     <span class='ocr_line' id='line_1_4' title="bbox 188 403 2153 461; baseline -0.004 -8"><span class='ocrx_word' id='word_1_17' title='bbox 188 428 276 453; x_wconf 76' lang='lat' dir='ltr'>esse</span> <span class='ocrx_word' id='word_1_18' title='bbox 325 416 656 458; x_wconf 80' lang='lat' dir='ltr'>commemorat,</span> <span class='ocrx_word' id='word_1_19' title='bbox 702 416 742 448; x_wconf 88' lang='lat' dir='ltr'>et</span> <span class='ocrx_word' id='word_1_20' title='bbox 785 406 983 449; x_wconf 80' lang='lat' dir='ltr'>laudatae</span> <span class='ocrx_word' id='word_1_21' title='bbox 1024 405 1137 446; x_wconf 89' lang='lat' dir='ltr'>illius</span> <span class='ocrx_word' id='word_1_22' title='bbox 1176 403 1381 445; x_wconf 88' lang='lat' dir='ltr'>Mantiees</span> <span class='ocrx_word' id='word_1_23' title='bbox 1419 414 1665 460; x_wconf 82' lang='lat' dir='ltr'>patronam,</span> <span class='ocrx_word' id='word_1_24' title='bbox 1708 406 1752 446; x_wconf 90' lang='lat' dir='ltr'>in</span> <span class='ocrx_word' id='word_1_25' title='bbox 1795 406 1931 461; x_wconf 80' lang='lat' dir='ltr'>ipsam</span> <span class='ocrx_word' id='word_1_26' title='bbox 1976 420 2153 461; x_wconf 84' lang='lat' dir='ltr'>quoque</span> 
     </span>
    </p>
   </div>
   <div class='ocr_carea' id='block_1_5' title="bbox 191 486 2153 550">
    <p class='ocr_par' dir='ltr' id='par_1_5' title="bbox 191 486 2153 550">
     <span class='ocr_line' id='line_1_5' title="bbox 191 486 2153 550; baseline -0.004 -14"><span class='ocrx_word' id='word_1_27' title='bbox 191 494 396 550; x_wconf 83' lang='lat' dir='ltr'>Sophiam</span> <span class='ocrx_word' id='word_1_28' title='bbox 429 490 697 548; x_wconf 88' lang='lat' dir='ltr'>supellectilis</span> <span class='ocrx_word' id='word_1_29' title='bbox 725 489 886 537; x_wconf 80' lang='lat' dir='ltr'>multae</span> <span class='ocrx_word' id='word_1_30' title='bbox 909 486 1255 531; x_wconf 78' lang='lat' dir='ltr'>remuneratione</span> <span class='ocrx_word' id='word_1_31' title='bbox 1284 486 1580 542; x_wconf 84' lang='lat' dir='ltr'>largissimam.</span> <span class='ocrx_word' id='word_1_32' title='bbox 1629 486 1743 528; x_wconf 87' lang='lat' dir='ltr'>Nam</span> <span class='ocrx_word' id='word_1_33' title='bbox 1774 489 1924 536; x_wconf 62' lang='grc' dir='ltr'><strong><em>Ψυχὴν</em></strong></span> <span class='ocrx_word' id='word_1_34' title='bbox 1947 486 2153 528; x_wconf 83' lang='lat' dir='ltr'>incultam</span> 
     </span>
    </p>
   </div>
   <div class='ocr_carea' id='block_1_6' title="bbox 188 566 2154 631">
    <p class='ocr_par' dir='ltr' id='par_1_6' title="bbox 188 566 2154 631">
     <span class='ocr_line' id='line_1_6' title="bbox 188 566 2154 631; baseline -0.005 -14"><span class='ocrx_word' id='word_1_35' title='bbox 188 592 235 618; x_wconf 82' lang='lat' dir='ltr'>ac</span> <span class='ocrx_word' id='word_1_36' title='bbox 255 575 391 631; x_wconf 74' lang='lat' dir='ltr'>ferino</span> <span class='ocrx_word' id='word_1_37' title='bbox 420 587 542 615; x_wconf 82' lang='lat' dir='ltr'>more</span> <span class='ocrx_word' id='word_1_38' title='bbox 568 580 811 614; x_wconf 87' lang='lat' dir='ltr'>versantem</span> <span class='ocrx_word' id='word_1_39' title='bbox 838 569 954 627; x_wconf 86' lang='lat' dir='ltr'>apud</span> <span class='ocrx_word' id='word_1_40' title='bbox 983 570 1097 613; x_wconf 85' lang='lat' dir='ltr'>hano</span> <span class='ocrx_word' id='word_1_41' title='bbox 1122 568 1268 612; x_wconf 88' lang='lat' dir='ltr'>asserit</span> <span class='ocrx_word' id='word_1_42' title='bbox 1293 567 1543 624; x_wconf 83' lang='lat' dir='ltr'>expolitam:</span> <span class='ocrx_word' id='word_1_43' title='bbox 1575 568 1631 609; x_wconf 89' lang='lat' dir='ltr'>ita</span> <span class='ocrx_word' id='word_1_44' title='bbox 1658 578 1728 621; x_wconf 89' lang='lat' dir='ltr'>ut,</span> <span class='ocrx_word' id='word_1_45' title='bbox 1762 569 1796 610; x_wconf 88' lang='lat' dir='ltr'>si</span> <span class='ocrx_word' id='word_1_46' title='bbox 1822 567 1927 624; x_wconf 87' lang='lat' dir='ltr'>quid</span> <span class='ocrx_word' id='word_1_47' title='bbox 1961 566 2154 623; x_wconf 88' lang='lat' dir='ltr'>pulchri-</span> 
     </span>
    </p>
   </div>
   <div class='ocr_carea' id='block_1_7' title="bbox 185 650 2154 709">
    <p class='ocr_par' dir='ltr' id='par_1_7' title="bbox 185 650 2154 709">
     <span class='ocr_line' id='line_1_7' title="bbox 185 650 2154 709; baseline -0.004 -12"><span class='ocrx_word' id='word_1_48' title='bbox 185 656 343 707; x_wconf 74' lang='lat' dir='ltr'>tudinis</span> <span class='ocrx_word' id='word_1_49' title='bbox 390 663 654 709; x_wconf 89' lang='lat' dir='ltr'>ornatusque</span> <span class='ocrx_word' id='word_1_50' title='bbox 702 661 904 709; x_wconf 82' lang='lat' dir='ltr'>gestaret,</span> <span class='ocrx_word' id='word_1_51' title='bbox 958 667 1012 693; x_wconf 83' lang='lat' dir='ltr'>ex</span> <span class='ocrx_word' id='word_1_52' title='bbox 1048 651 1309 707; x_wconf 83' lang='lat' dir='ltr'>Philologiae</span> <span class='ocrx_word' id='word_1_53' title='bbox 1349 650 1428 690; x_wconf 90' lang='lat' dir='ltr'>sibi</span> <span class='ocrx_word' id='word_1_54' title='bbox 1470 650 1655 691; x_wconf 86' lang='lat' dir='ltr'>cultibus</span> <span class='ocrx_word' id='word_1_55' title='bbox 1702 651 1923 706; x_wconf 82' lang='lat' dir='ltr'>arrogarit:</span> <span class='ocrx_word' id='word_1_56' title='bbox 1967 664 2080 706; x_wconf 85' lang='lat' dir='ltr'>quae</span> <span class='ocrx_word' id='word_1_57' title='bbox 2117 650 2154 690; x_wconf 87' lang='lat' dir='ltr'>ei</span> 
     </span>
    </p>
   </div>
   <div class='ocr_carea' id='block_1_8' title="bbox 186 730 2156 789">
    <p class='ocr_par' dir='ltr' id='par_1_8' title="bbox 186 730 2156 789">
     <span class='ocr_line' id='line_1_8' title="bbox 186 730 2156 789; baseline -0.003 -11"><span class='ocrx_word' id='word_1_58' title='bbox 186 746 354 778; x_wconf 79' lang='lat' dir='ltr'>tantuin</span> <span class='ocrx_word' id='word_1_59' title='bbox 391 733 622 775; x_wconf 83' lang='lat' dir='ltr'>affectionis</span> <span class='ocrx_word' id='word_1_60' title='bbox 667 732 945 789; x_wconf 86' lang='lat' dir='ltr'>impenderit,</span> <span class='ocrx_word' id='word_1_61' title='bbox 997 741 1046 774; x_wconf 88' lang='lat' dir='ltr'>ut</span> <span class='ocrx_word' id='word_1_62' title='bbox 1088 747 1186 774; x_wconf 89' lang='lat' dir='ltr'>eam</span> <span class='ocrx_word' id='word_1_63' title='bbox 1221 746 1393 787; x_wconf 89' lang='lat' dir='ltr'>semper</span> <span class='ocrx_word' id='word_1_64' title='bbox 1427 731 1720 772; x_wconf 82' lang='lat' dir='ltr'>immortalem</span> <span class='ocrx_word' id='word_1_65' title='bbox 1759 731 1900 772; x_wconf 84' lang='lat' dir='ltr'>facere</span> <span class='ocrx_word' id='word_1_66' title='bbox 1938 730 2156 772; x_wconf 80' lang='lat' dir='ltr'>laborarit.</span> 
     </span>
    </p>
   </div>
   <div class='ocr_carea' id='block_1_9' title="bbox 187 810 2156 870">
    <p class='ocr_par' dir='ltr' id='par_1_9' title="bbox 187 810 2156 870">
     <span class='ocr_line' id='line_1_9' title="bbox 187 810 2156 870; baseline -0.003 -14"><span class='ocrx_word' id='word_1_67' title='bbox 187 815 305 857; x_wconf 64' lang='lat' dir='ltr'>Nihil</span> <span class='ocrx_word' id='word_1_68' title='bbox 339 815 465 870; x_wconf 82' lang='lat' dir='ltr'>igitur</span> <span class='ocrx_word' id='word_1_69' title='bbox 496 813 845 865; x_wconf 86' lang='lat' dir='ltr'>immorandum,</span> <span class='ocrx_word' id='word_1_70' title='bbox 884 828 1023 869; x_wconf 87' lang='lat' dir='ltr'>quum</span> <span class='ocrx_word' id='word_1_71' title='bbox 1061 813 1297 869; x_wconf 82' lang='lat' dir='ltr'>impigrum</span> <span class='ocrx_word' id='word_1_72' title='bbox 1329 812 1615 868; x_wconf 78' lang='lat' dir='ltr'>gerendorum</span> <span class='ocrx_word' id='word_1_73' title='bbox 1650 811 1752 852; x_wconf 87' lang='lat' dir='ltr'>sciat</span> <span class='ocrx_word' id='word_1_74' title='bbox 1777 825 1867 852; x_wconf 84' lang='lat' dir='ltr'>esso</span> <span class='ocrx_word' id='word_1_75' title='bbox 1897 810 2156 865; x_wconf 83' lang='lat' dir='ltr'>Cyllenium.</span> 
     </span>
    </p>
   </div>
   <div class='ocr_carea' id='block_1_10' title="bbox 187 893 1571 953">
    <p class='ocr_par' dir='ltr' id='par_1_10' title="bbox 187 893 1571 953">
     <span class='ocr_line' id='line_1_10' title="bbox 187 893 1571 953; baseline -0.002 -14"><span class='ocrx_word' id='word_1_76' title='bbox 187 897 270 939; x_wconf 89' lang='lat' dir='ltr'>Sed</span> <span class='ocrx_word' id='word_1_77' title='bbox 300 896 480 953; x_wconf 84' lang='lat' dir='ltr'>acceptis</span> <span class='ocrx_word' id='word_1_78' title='bbox 513 895 719 952; x_wconf 86' lang='lat' dir='ltr'>Apollinis</span> <span class='ocrx_word' id='word_1_79' title='bbox 753 894 908 936; x_wconf 86' lang='lat' dir='ltr'>fatibus</span> <span class='ocrx_word' id='word_1_80' title='bbox 943 894 1159 950; x_wconf 85' lang='lat' dir='ltr'>respondit</span> <span class='ocrx_word' id='word_1_81' title='bbox 1192 893 1282 950; x_wconf 89' lang='lat' dir='ltr'>ipse</span> <span class='ocrx_word' id='word_1_82' title='bbox 1321 894 1571 950; x_wconf 79' lang='lat' dir='ltr'>Majugena:</span> 
     </span>
    </p>
   </div>
   <div class='ocr_carea' id='block_1_11' title="bbox 654 973 1723 1032">
    <p class='ocr_par' dir='ltr' id='par_1_11' title="bbox 654 973 1723 1032">
     <span class='ocr_line' id='line_1_11' title="bbox 654 973 1723 1032; baseline 0.004 -18"><span class='ocrx_word' id='word_1_83' title='bbox 654 974 833 1016; x_wconf 84' lang='lat' dir='ltr'>Certum</span> <span class='ocrx_word' id='word_1_84' title='bbox 863 983 949 1025; x_wconf 88' lang='lat' dir='ltr'>est,</span> <span class='ocrx_word' id='word_1_85' title='bbox 981 975 1265 1030; x_wconf 87' lang='lat' dir='ltr'>Lauripotens</span> <span class='ocrx_word' id='word_1_86' title='bbox 1294 973 1515 1032; x_wconf 83' lang='lat' dir='ltr'>decusque</span> <span class='ocrx_word' id='word_1_87' title='bbox 1547 975 1723 1029; x_wconf 82' lang='lat' dir='ltr'>divum,</span> 
     </span>
    </p>
   </div>
   <div class='ocr_carea' id='block_1_12' title="bbox 189 1081 1159 2570">
    <p class='ocr_par' dir='ltr' id='par_1_12' title="bbox 189 1081 1151 1244">
     <span class='ocr_line' id='line_1_12' title="bbox 264 1081 1151 1128; baseline -0.006 -11"><span class='ocrx_word' id='word_1_88' title='bbox 264 1081 462 1128; x_wconf 74' lang='lat' dir='ltr'>concutitur]</span> <span class='ocrx_word' id='word_1_89' title='bbox 487 1082 581 1114; x_wconf 85' lang='lat' dir='ltr'>Haec</span> <span class='ocrx_word' id='word_1_90' title='bbox 612 1081 742 1125; x_wconf 86' lang='lat' dir='ltr'>quidem</span> <span class='ocrx_word' id='word_1_91' title='bbox 773 1082 943 1114; x_wconf 76' lang='lat' dir='ltr'>alacritate</span> <span class='ocrx_word' id='word_1_92' title='bbox 973 1092 1151 1119; x_wconf 72' lang='lat' dir='ltr'>concussa,</span> 
     </span>
     <span class='ocr_line' id='line_1_13' title="bbox 189 1143 1151 1190; baseline -0.005 -11"><span class='ocrx_word' id='word_1_93' title='bbox 189 1148 249 1180; x_wconf 80' lang='lat' dir='ltr'>alia</span> <span class='ocrx_word' id='word_1_94' title='bbox 272 1147 358 1190; x_wconf 83' lang='lat' dir='ltr'>apud</span> <span class='ocrx_word' id='word_1_95' title='bbox 380 1145 570 1179; x_wconf 82' lang='lat' dir='ltr'>Petronium</span> <span class='ocrx_word' id='word_1_96' title='bbox 592 1144 631 1189; x_wconf 92' lang='lat' dir='ltr'>(c.</span> <span class='ocrx_word' id='word_1_97' title='bbox 655 1144 716 1187; x_wconf 81' lang='lat'>18)</span> <span class='ocrx_word' id='word_1_98' title='bbox 751 1144 940 1189; x_wconf 74' lang='lat' dir='ltr'>»qemilibus</span> <span class='ocrx_word' id='word_1_99' title='bbox 961 1143 1059 1187; x_wconf 78' lang='lat' dir='ltr'>largis</span> <span class='ocrx_word' id='word_1_100' title='bbox 1080 1155 1151 1176; x_wconf 83' lang='lat' dir='ltr'>con-</span> 
     </span>
     <span class='ocr_line' id='line_1_14' title="bbox 190 1223 316 1244; baseline -0.008 -1"><span class='ocrx_word' id='word_1_101' title='bbox 190 1223 316 1244; x_wconf 59' lang='lat' dir='ltr'>cussa«</span> 
     </span>
    </p>

    <p class='ocr_par' dir='ltr' id='par_1_13' title="bbox 190 1270 1153 1381">
     <span class='ocr_line' id='line_1_15' title="bbox 264 1270 1153 1322; baseline -0.006 -16"><span class='ocrx_word' id='word_1_102' title='bbox 264 1271 449 1322; x_wconf 74' lang='lat' dir='ltr'>aliquanto]</span> <span class='ocrx_word' id='word_1_103' title='bbox 476 1273 652 1315; x_wconf 86' lang='lat' dir='ltr'>Perpcram</span> <span class='ocrx_word' id='word_1_104' title='bbox 669 1272 771 1303; x_wconf 77' lang='lat' dir='ltr'>codex</span> <span class='ocrx_word' id='word_1_105' title='bbox 791 1270 998 1304; x_wconf 81' lang='lat' dir='ltr'>Britannicus</span> <span class='ocrx_word' id='word_1_106' title='bbox 1019 1282 1036 1303; x_wconf 83' lang='lat' dir='ltr'>a</span> <span class='ocrx_word' id='word_1_107' title='bbox 1052 1270 1153 1310; x_wconf 63' lang='lat' dir='ltr'>fmanu</span> 
     </span>
     <span class='ocr_line' id='line_1_16' title="bbox 190 1334 656 1381; baseline -0.006 -14"><span class='ocrx_word' id='word_1_108' title='bbox 190 1337 288 1381; x_wconf 77' lang='lat' dir='ltr'>priori</span> <span class='ocrx_word' id='word_1_109' title='bbox 316 1335 453 1368; x_wconf 77' lang='lat' dir='ltr'>habebat</span> <span class='ocrx_word' id='word_1_110' title='bbox 473 1334 656 1380; x_wconf 77' lang='lat' dir='ltr'>aliqnando.</span> 
     </span>
    </p>

    <p class='ocr_par' dir='ltr' id='par_1_14' title="bbox 189 1393 1155 2002">
     <span class='ocr_line' id='line_1_17' title="bbox 266 1393 1152 1441; baseline -0.006 -11"><span class='ocrx_word' id='word_1_111' title='bbox 266 1395 478 1441; x_wconf 70' lang='lat' dir='ltr'>descendens]</span> <span class='ocrx_word' id='word_1_112' title='bbox 507 1396 642 1428; x_wconf 78' lang='lat' dir='ltr'>Grotius</span> <span class='ocrx_word' id='word_1_113' title='bbox 665 1407 682 1426; x_wconf 93' lang='lat' dir='ltr'>c</span> <span class='ocrx_word' id='word_1_114' title='bbox 709 1393 783 1427; x_wconf 81' lang='lat' dir='ltr'>MS.</span> <span class='ocrx_word' id='word_1_115' title='bbox 807 1395 953 1438; x_wconf 82' lang='lat' dir='ltr'>reposuit</span> <span class='ocrx_word' id='word_1_116' title='bbox 973 1395 1152 1432; x_wconf 63' lang='lat' dir='ltr'>‹list-edens,</span> 
     </span>
     <span class='ocr_line' id='line_1_18' title="bbox 190 1458 1152 1503; baseline -0.007 -8"><span class='ocrx_word' id='word_1_117' title='bbox 190 1475 263 1495; x_wconf 83' lang='lat' dir='ltr'>cum</span> <span class='ocrx_word' id='word_1_118' title='bbox 278 1463 312 1494; x_wconf 89' lang='lat' dir='ltr'>in</span> <span class='ocrx_word' id='word_1_119' title='bbox 326 1461 463 1503; x_wconf 73' lang='lat' dir='ltr'>vulgatis</span> <span class='ocrx_word' id='word_1_120' title='bbox 482 1460 675 1492; x_wconf 79' lang='lat' dir='ltr'>descendens</span> <span class='ocrx_word' id='word_1_121' title='bbox 687 1459 857 1500; x_wconf 84' lang='lat' dir='ltr'>legeretur.</span> <span class='ocrx_word' id='word_1_122' title='bbox 877 1458 1010 1490; x_wconf 84' lang='lat' dir='ltr'>Cicero:</span> <span class='ocrx_word' id='word_1_123' title='bbox 1026 1458 1152 1489; x_wconf 83' lang='lat' dir='ltr'>»Ennio</span> 
     </span>
     <span class='ocr_line' id='line_1_19' title="bbox 190 1519 1152 1565; baseline -0.007 -8"><span class='ocrx_word' id='word_1_124' title='bbox 190 1525 350 1561; x_wconf 86' lang='lat' dir='ltr'>delector,</span> <span class='ocrx_word' id='word_1_125' title='bbox 389 1523 434 1554; x_wconf 83' lang='lat' dir='ltr'>ait</span> <span class='ocrx_word' id='word_1_126' title='bbox 461 1521 635 1565; x_wconf 74' lang='lat' dir='ltr'>quispiam,</span> <span class='ocrx_word' id='word_1_127' title='bbox 661 1519 748 1563; x_wconf 88' lang='lat' dir='ltr'>quod</span> <span class='ocrx_word' id='word_1_128' title='bbox 773 1531 838 1551; x_wconf 92' lang='lat' dir='ltr'>non</span> <span class='ocrx_word' id='word_1_129' title='bbox 866 1520 999 1551; x_wconf 74' lang='lat' dir='ltr'>discedit</span> <span class='ocrx_word' id='word_1_130' title='bbox 1023 1531 1041 1550; x_wconf 86' lang='lat' dir='ltr'>a</span> <span class='ocrx_word' id='word_1_131' title='bbox 1069 1531 1152 1551; x_wconf 88' lang='lat' dir='ltr'>com-</span> 
     </span>
     <span class='ocr_line' id='line_1_20' title="bbox 189 1581 1153 1623; baseline -0.006 -5"><span class='ocrx_word' id='word_1_132' title='bbox 189 1586 279 1618; x_wconf 87' lang='lat' dir='ltr'>muni</span> <span class='ocrx_word' id='word_1_133' title='bbox 302 1596 389 1616; x_wconf 87' lang='lat' dir='ltr'>more</span> <span class='ocrx_word' id='word_1_134' title='bbox 414 1583 594 1615; x_wconf 77' lang='lat' dir='ltr'>verborum.</span> <span class='ocrx_word' id='word_1_135' title='bbox 603 1597 613 1610; x_wconf 77' lang='lat' dir='ltr'>u</span> <span class='ocrx_word' id='word_1_136' title='bbox 639 1582 741 1614; x_wconf 69' lang='lat' dir='ltr'>Gosz.</span> <span class='ocrx_word' id='word_1_137' title='bbox 757 1600 804 1605; x_wconf 93' lang='lat'><strong>—</strong></span> <span class='ocrx_word' id='word_1_138' title='bbox 828 1581 1007 1623; x_wconf 80' lang='lat' dir='ltr'>Vulgatum</span> <span class='ocrx_word' id='word_1_139' title='bbox 1024 1582 1153 1613; x_wconf 73' lang='lat' dir='ltr'>‹lescen-</span> 
     </span>
     <span class='ocr_line' id='line_1_21' title="bbox 190 1641 1153 1690; baseline -0.007 -10"><span class='ocrx_word' id='word_1_140' title='bbox 190 1650 290 1685; x_wconf 79' lang='lat' dir='ltr'>‹1ens‚</span> <span class='ocrx_word' id='word_1_141' title='bbox 317 1646 407 1690; x_wconf 90' lang='lat' dir='ltr'>quod</span> <span class='ocrx_word' id='word_1_142' title='bbox 432 1646 464 1677; x_wconf 89' lang='lat' dir='ltr'>in</span> <span class='ocrx_word' id='word_1_143' title='bbox 490 1644 635 1688; x_wconf 86' lang='lat' dir='ltr'>plurimis</span> <span class='ocrx_word' id='word_1_144' title='bbox 660 1645 756 1676; x_wconf 81' lang='lat' dir='ltr'>etiam</span> <span class='ocrx_word' id='word_1_145' title='bbox 782 1644 948 1676; x_wconf 84' lang='lat' dir='ltr'>codicibus</span> <span class='ocrx_word' id='word_1_146' title='bbox 971 1643 1054 1685; x_wconf 82' lang='lat' dir='ltr'>legi,</span> <span class='ocrx_word' id='word_1_147' title='bbox 1079 1641 1153 1674; x_wconf 86' lang='lat' dir='ltr'>reti-</span> 
     </span>
     <span class='ocr_line' id='line_1_22' title="bbox 191 1703 1153 1746; baseline -0.006 -5"><span class='ocrx_word' id='word_1_148' title='bbox 191 1710 256 1742; x_wconf 86' lang='lat' dir='ltr'>nui.</span> <span class='ocrx_word' id='word_1_149' title='bbox 301 1707 505 1740; x_wconf 45' lang='lat' dir='ltr'>Desa-endere</span> <span class='ocrx_word' id='word_1_150' title='bbox 537 1706 623 1737; x_wconf 83' lang='lat' dir='ltr'>enim</span> <span class='ocrx_word' id='word_1_151' title='bbox 653 1705 767 1737; x_wconf 71' lang='lat' dir='ltr'>Virtus</span> <span class='ocrx_word' id='word_1_152' title='bbox 801 1705 840 1737; x_wconf 91' lang='lat' dir='ltr'>dc</span> <span class='ocrx_word' id='word_1_153' title='bbox 872 1704 1015 1746; x_wconf 85' lang='lat' dir='ltr'>ingenito</span> <span class='ocrx_word' id='word_1_154' title='bbox 1048 1703 1153 1745; x_wconf 83' lang='lat' dir='ltr'>rigore</span> 
     </span>
     <span class='ocr_line' id='line_1_23' title="bbox 193 1766 1154 1816; baseline -0.007 -13"><span class='ocrx_word' id='word_1_155' title='bbox 193 1769 404 1816; x_wconf 77' lang='lat' dir='ltr'>(severitate)</span> <span class='ocrx_word' id='word_1_156' title='bbox 440 1767 569 1800; x_wconf 88' lang='lat' dir='ltr'>omnino</span> <span class='ocrx_word' id='word_1_157' title='bbox 599 1767 662 1800; x_wconf 86' lang='lat' dir='ltr'>dici</span> <span class='ocrx_word' id='word_1_158' title='bbox 698 1772 826 1812; x_wconf 77' lang='lat' dir='ltr'>potcst3</span> <span class='ocrx_word' id='word_1_159' title='bbox 864 1766 940 1799; x_wconf 89' lang='lat' dir='ltr'>licet</span> <span class='ocrx_word' id='word_1_160' title='bbox 970 1766 1086 1800; x_wconf 84' lang='lat' dir='ltr'>Cicero</span> <span class='ocrx_word' id='word_1_161' title='bbox 1115 1777 1154 1797; x_wconf 90' lang='lat' dir='ltr'>eo</span> 
     </span>
     <span class='ocr_line' id='line_1_24' title="bbox 195 1828 1155 1876; baseline -0.009 -9"><span class='ocrx_word' id='word_1_162' title='bbox 195 1836 287 1871; x_wconf 79' lang='lat' dir='ltr'>loco,</span> <span class='ocrx_word' id='word_1_163' title='bbox 321 1844 416 1876; x_wconf 86' lang='lat' dir='ltr'>quein</span> <span class='ocrx_word' id='word_1_164' title='bbox 442 1830 584 1863; x_wconf 82' lang='lat' dir='ltr'>Goczius</span> <span class='ocrx_word' id='word_1_165' title='bbox 614 1831 721 1869; x_wconf 79' lang='lat' dir='ltr'>affert,</span> <span class='ocrx_word' id='word_1_166' title='bbox 751 1829 891 1862; x_wconf 85' lang='lat' dir='ltr'>scribere</span> <span class='ocrx_word' id='word_1_167' title='bbox 919 1841 985 1861; x_wconf 90' lang='lat' dir='ltr'>non</span> <span class='ocrx_word' id='word_1_168' title='bbox 1013 1828 1155 1874; x_wconf 86' lang='lat' dir='ltr'>potuerit</span> 
     </span>
     <span class='ocr_line' id='line_1_25' title="bbox 202 1892 1153 1929; baseline -0.003 -2"><span class='ocrx_word' id='word_1_169' title='bbox 202 1897 415 1929; x_wconf 65' lang='lat' dir='ltr'>„descendere</span> <span class='ocrx_word' id='word_1_170' title='bbox 441 1908 460 1926; x_wconf 85' lang='lat' dir='ltr'>a</span> <span class='ocrx_word' id='word_1_171' title='bbox 482 1907 569 1926; x_wconf 78' lang='lat' dir='ltr'>mm‘e</span> <span class='ocrx_word' id='word_1_172' title='bbox 596 1895 791 1926; x_wconf 63' lang='lat' dir='ltr'>verborum«</span> <span class='ocrx_word' id='word_1_173' title='bbox 845 1894 896 1926; x_wconf 84' lang='lat' dir='ltr'>De</span> <span class='ocrx_word' id='word_1_174' title='bbox 929 1893 991 1926; x_wconf 82' lang='lat' dir='ltr'>alia</span> <span class='ocrx_word' id='word_1_175' title='bbox 1026 1892 1153 1925; x_wconf 80' lang='lat' dir='ltr'>omniuo</span> 
     </span>
     <span class='ocr_line' id='line_1_26' title="bbox 197 1957 659 2002; baseline -0.009 -11"><span class='ocrx_word' id='word_1_176' title='bbox 197 1972 230 1992; x_wconf 86' lang='lat' dir='ltr'>re</span> <span class='ocrx_word' id='word_1_177' title='bbox 256 1960 315 1991; x_wconf 77' lang='lat' dir='ltr'>alia</span> <span class='ocrx_word' id='word_1_178' title='bbox 337 1963 531 2002; x_wconf 76' lang='lat' dir='ltr'>usurpantur</span> <span class='ocrx_word' id='word_1_179' title='bbox 553 1957 659 1989; x_wconf 69' lang='lat' dir='ltr'>verba.</span> 
     </span>
    </p>

    <p class='ocr_par' dir='ltr' id='par_1_15' title="bbox 199 2018 1158 2191">
     <span class='ocr_line' id='line_1_27' title="bbox 274 2018 1154 2066; baseline -0.006 -11"><span class='ocrx_word' id='word_1_180' title='bbox 274 2025 371 2056; x_wconf 81' lang='lat' dir='ltr'>etiam</span> <span class='ocrx_word' id='word_1_181' title='bbox 385 2020 527 2066; x_wconf 79' lang='lat' dir='ltr'>corpore]</span> <span class='ocrx_word' id='word_1_182' title='bbox 550 2019 726 2062; x_wconf 80' lang='lat' dir='ltr'>Agroetius</span> <span class='ocrx_word' id='word_1_183' title='bbox 742 2018 805 2064; x_wconf 85' lang='lat' dir='ltr'>(ap.</span> <span class='ocrx_word' id='word_1_184' title='bbox 817 2019 1031 2051; x_wconf 52' lang='lat' dir='ltr'>WVidemann.</span> <span class='ocrx_word' id='word_1_185' title='bbox 1046 2018 1085 2051; x_wconf 84' lang='lat' dir='ltr'>de</span> <span class='ocrx_word' id='word_1_186' title='bbox 1108 2029 1154 2063; x_wconf 86' lang='lat' dir='ltr'>pr.</span> 
     </span>
     <span class='ocr_line' id='line_1_28' title="bbox 199 2082 1158 2131; baseline -0.005 -13"><span class='ocrx_word' id='word_1_187' title='bbox 199 2099 289 2118; x_wconf 85' lang='lat' dir='ltr'>serm.</span> <span class='ocrx_word' id='word_1_188' title='bbox 310 2100 339 2131; x_wconf 89' lang='lat' dir='ltr'>p.</span> <span class='ocrx_word' id='word_1_189' title='bbox 359 2087 429 2119; x_wconf 83' lang='lat'>110</span> <span class='ocrx_word' id='word_1_190' title='bbox 455 2091 487 2118; x_wconf 88' lang='lat' dir='ltr'>et</span> <span class='ocrx_word' id='word_1_191' title='bbox 512 2086 645 2117; x_wconf 84' lang='lat' dir='ltr'>Putscb.</span> <span class='ocrx_word' id='word_1_192' title='bbox 660 2098 692 2128; x_wconf 88' lang='lat' dir='ltr'>p.</span> <span class='ocrx_word' id='word_1_193' title='bbox 707 2083 835 2127; x_wconf 58' lang='lat'><strong>2270:</strong></span> <span class='ocrx_word' id='word_1_194' title='bbox 857 2083 1038 2116; x_wconf 75' lang='lat' dir='ltr'>»Gaudium</span> <span class='ocrx_word' id='word_1_195' title='bbox 1062 2082 1158 2114; x_wconf 82' lang='lat' dir='ltr'>animi</span> 
     </span>
     <span class='ocr_line' id='line_1_29' title="bbox 199 2148 1149 2191; baseline -0.004 -9"><span class='ocrx_word' id='word_1_196' title='bbox 199 2150 319 2183; x_wconf 85' lang='lat' dir='ltr'>laetitia</span> <span class='ocrx_word' id='word_1_197' title='bbox 340 2156 405 2189; x_wconf 77' lang='lat' dir='ltr'>est,</span> <span class='ocrx_word' id='word_1_198' title='bbox 429 2149 600 2182; x_wconf 81' lang='lat' dir='ltr'>exsultatio</span> <span class='ocrx_word' id='word_1_199' title='bbox 619 2149 832 2179; x_wconf 81' lang='lat' dir='ltr'>membrorum</span> <span class='ocrx_word' id='word_1_200' title='bbox 852 2153 947 2191; x_wconf 82' lang='lat' dir='ltr'>atque</span> <span class='ocrx_word' id='word_1_201' title='bbox 964 2148 1149 2179; x_wconf 73' lang='lat' dir='ltr'>factorum-u</span> 
     </span>
    </p>

    <p class='ocr_par' dir='ltr' id='par_1_16' title="bbox 202 2210 1158 2382">
     <span class='ocr_line' id='line_1_30' title="bbox 275 2210 1157 2258; baseline -0.005 -13"><span class='ocrx_word' id='word_1_202' title='bbox 275 2211 457 2258; x_wconf 79' lang='lat' dir='ltr'>patronam]</span> <span class='ocrx_word' id='word_1_203' title='bbox 484 2212 657 2245; x_wconf 77' lang='lat' dir='ltr'>Nutricem.</span> <span class='ocrx_word' id='word_1_204' title='bbox 681 2211 784 2244; x_wconf 71' lang='lat' dir='ltr'>Gonz.</span> <span class='ocrx_word' id='word_1_205' title='bbox 803 2230 853 2238; x_wconf 84' lang='lat'>-—</span> <span class='ocrx_word' id='word_1_206' title='bbox 877 2210 993 2244; x_wconf 82' lang='lat' dir='ltr'>Nonne</span> <span class='ocrx_word' id='word_1_207' title='bbox 1019 2210 1157 2244; x_wconf 79' lang='lat' dir='ltr'>dilucida</span> 
     </span>
     <span class='ocr_line' id='line_1_31' title="bbox 202 2275 1158 2320; baseline -0.003 -11"><span class='ocrx_word' id='word_1_208' title='bbox 202 2289 265 2309; x_wconf 79' lang='lat' dir='ltr'>vox</span> <span class='ocrx_word' id='word_1_209' title='bbox 289 2283 426 2320; x_wconf 79' lang='lat' dir='ltr'>patrona</span> <span class='ocrx_word' id='word_1_210' title='bbox 444 2277 518 2308; x_wconf 67' lang='lat' dir='ltr'>est?</span> <span class='ocrx_word' id='word_1_211' title='bbox 552 2277 621 2310; x_wconf 73' lang='lat' dir='ltr'>Ciu·</span> <span class='ocrx_word' id='word_1_212' title='bbox 643 2276 739 2318; x_wconf 84' lang='lat' dir='ltr'>igitur</span> <span class='ocrx_word' id='word_1_213' title='bbox 762 2275 802 2307; x_wconf 83' lang='lat' dir='ltr'>ad</span> <span class='ocrx_word' id='word_1_214' title='bbox 821 2275 918 2307; x_wconf 78' lang='lat' dir='ltr'>alium</span> <span class='ocrx_word' id='word_1_215' title='bbox 938 2287 1067 2308; x_wconf 88' lang='lat' dir='ltr'>sensum</span> <span class='ocrx_word' id='word_1_216' title='bbox 1088 2286 1158 2307; x_wconf 81' lang='lat' dir='ltr'>cam</span> 
     </span>
     <span class='ocr_line' id='line_1_32' title="bbox 203 2339 473 2382; baseline -0.011 -10"><span class='ocrx_word' id='word_1_217' title='bbox 203 2339 449 2382; x_wconf 69' lang='lat' dir='ltr'>(leton-queamus</span> <span class='ocrx_word' id='word_1_218' title='bbox 458 2339 473 2369; x_wconf 73' lang='lat' dir='ltr'>‘l</span> 
     </span>
    </p>

    <p class='ocr_par' dir='ltr' id='par_1_17' title="bbox 272 2398 1159 2445">
     <span class='ocr_line' id='line_1_33' title="bbox 272 2398 1159 2445; baseline -0.003 -12"><span class='ocrx_word' id='word_1_219' title='bbox 272 2402 380 2445; x_wconf 80' lang='lat' dir='ltr'>ferino</span> <span class='ocrx_word' id='word_1_220' title='bbox 403 2398 502 2444; x_wconf 81' lang='lat' dir='ltr'>more]</span> <span class='ocrx_word' id='word_1_221' title='bbox 530 2399 653 2432; x_wconf 79' lang='lat' dir='ltr'>Confer</span> <span class='ocrx_word' id='word_1_222' title='bbox 670 2398 860 2433; x_wconf 83' lang='lat' dir='ltr'>Ciceronem</span> <span class='ocrx_word' id='word_1_223' title='bbox 886 2399 940 2443; x_wconf 87' lang='lat' dir='ltr'>(de</span> <span class='ocrx_word' id='word_1_224' title='bbox 961 2399 1025 2431; x_wconf 81' lang='lat' dir='ltr'>inv.</span> <span class='ocrx_word' id='word_1_225' title='bbox 1050 2400 1084 2439; x_wconf 73' lang='lat'>1,</span> <span class='ocrx_word' id='word_1_226' title='bbox 1111 2398 1159 2442; x_wconf 77' lang='lat'>2).</span> 
     </span>
    </p>

    <p class='ocr_par' dir='ltr' id='par_1_18' title="bbox 206 2461 1159 2570">
     <span class='ocr_line' id='line_1_34' title="bbox 279 2461 1158 2507; baseline -0.002 -11"><span class='ocrx_word' id='word_1_227' title='bbox 279 2461 502 2507; x_wconf 77' lang='lat' dir='ltr'>immortalem]</span> <span class='ocrx_word' id='word_1_228' title='bbox 527 2462 560 2496; x_wconf 80' lang='grc' dir='ltr'>Α.</span> <span class='ocrx_word' id='word_1_229' title='bbox 585 2463 765 2505; x_wconf 74' lang='lat' dir='ltr'>l’h&#39;ilologis</span> <span class='ocrx_word' id='word_1_230' title='bbox 793 2464 915 2495; x_wconf 84' lang='lat' dir='ltr'>animae</span> <span class='ocrx_word' id='word_1_231' title='bbox 941 2462 1158 2495; x_wconf 77' lang='lat' dir='ltr'>immortalita-</span> 
     </span>
     <span class='ocr_line' id='line_1_35' title="bbox 206 2525 1159 2570; baseline -0.002 -10"><span class='ocrx_word' id='word_1_232' title='bbox 206 2536 268 2560; x_wconf 77' lang='lat' dir='ltr'>tem</span> <span class='ocrx_word' id='word_1_233' title='bbox 290 2529 539 2560; x_wconf 73' lang='lat' dir='ltr'>demonstratam</span> <span class='ocrx_word' id='word_1_234' title='bbox 561 2538 632 2558; x_wconf 86' lang='lat' dir='ltr'>esse</span> <span class='ocrx_word' id='word_1_235' title='bbox 652 2527 825 2558; x_wconf 82' lang='lat' dir='ltr'>contendit.</span> <span class='ocrx_word' id='word_1_236' title='bbox 862 2527 935 2560; x_wconf 84' lang='lat' dir='ltr'>Hos</span> <span class='ocrx_word' id='word_1_237' title='bbox 961 2527 1058 2570; x_wconf 77' lang='lat' dir='ltr'>igitur</span> <span class='ocrx_word' id='word_1_238' title='bbox 1082 2525 1159 2560; x_wconf 82' lang='lat' dir='ltr'>Phi-</span> 
     </span>
    </p>
   </div>
   <div class='ocr_carea' id='block_1_13' title="bbox 207 2590 823 2637">
    <p class='ocr_par' dir='ltr' id='par_1_19' title="bbox 207 2590 823 2637">
     <span class='ocr_line' id='line_1_36' title="bbox 207 2590 823 2637; baseline -0.005 -13"><span class='ocrx_word' id='word_1_239' title='bbox 207 2593 352 2637; x_wconf 72' lang='lat' dir='ltr'>losophia</span> <span class='ocrx_word' id='word_1_240' title='bbox 383 2591 522 2624; x_wconf 86' lang='lat' dir='ltr'>imbutos</span> <span class='ocrx_word' id='word_1_241' title='bbox 550 2590 648 2622; x_wconf 79' lang='lat' dir='ltr'>fuisse</span> <span class='ocrx_word' id='word_1_242' title='bbox 671 2590 823 2633; x_wconf 88' lang='lat' dir='ltr'>sequitur.</span> 
     </span>
    </p>
   </div>
   <div class='ocr_carea' id='block_1_14' title="bbox 282 2652 1161 2702">
    <p class='ocr_par' dir='ltr' id='par_1_20' title="bbox 282 2652 1161 2702">
     <span class='ocr_line' id='line_1_37' title="bbox 282 2652 1161 2702; baseline 0.003 -16"><span class='ocrx_word' id='word_1_243' title='bbox 282 2654 465 2701; x_wconf 68' lang='lat' dir='ltr'>impiyrum]</span> <span class='ocrx_word' id='word_1_244' title='bbox 493 2654 624 2688; x_wconf 85' lang='lat' dir='ltr'>Editum</span> <span class='ocrx_word' id='word_1_245' title='bbox 647 2665 666 2688; x_wconf 81' lang='lat' dir='ltr'>a</span> <span class='ocrx_word' id='word_1_246' title='bbox 691 2652 823 2689; x_wconf 81' lang='lat' dir='ltr'>Grotio=</span> <span class='ocrx_word' id='word_1_247' title='bbox 849 2654 984 2702; x_wconf 83' lang='lat' dir='ltr'>»qnippe</span> <span class='ocrx_word' id='word_1_248' title='bbox 1012 2667 1085 2691; x_wconf 82' lang='lat' dir='ltr'>eum</span> <span class='ocrx_word' id='word_1_249' title='bbox 1105 2653 1161 2689; x_wconf 85' lang='lat' dir='ltr'>im-</span> 
     </span>
    </p>
   </div>
   <div class='ocr_carea' id='block_1_15' title="bbox 1202 1080 2164 2574">
    <p class='ocr_par' dir='ltr' id='par_1_21' title="bbox 1202 1080 2164 1929">
     <span class='ocr_line' id='line_1_38' title="bbox 1202 1080 2159 1126; baseline 0 -14"><span class='ocrx_word' id='word_1_250' title='bbox 1202 1081 1294 1126; x_wconf 81' lang='lat' dir='ltr'>piger</span> <span class='ocrx_word' id='word_1_251' title='bbox 1317 1080 1529 1123; x_wconf 74' lang='lat' dir='ltr'>gcrendorum</span> <span class='ocrx_word' id='word_1_252' title='bbox 1551 1081 1628 1112; x_wconf 80' lang='lat' dir='ltr'>sciat</span> <span class='ocrx_word' id='word_1_253' title='bbox 1651 1093 1721 1113; x_wconf 84' lang='lat' dir='ltr'>csse</span> <span class='ocrx_word' id='word_1_254' title='bbox 1738 1080 1924 1125; x_wconf 57' lang='lat' dir='ltr'>Cyllenius,</span> <span class='ocrx_word' id='word_1_255' title='bbox 1945 1080 2003 1112; x_wconf 89' lang='lat' dir='ltr'>scd</span> <span class='ocrx_word' id='word_1_256' title='bbox 2022 1080 2159 1124; x_wconf 85' lang='lat' dir='ltr'>acceptis</span> 
     </span>
     <span class='ocr_line' id='line_1_39' title="bbox 1204 1142 2160 1187; baseline -0.001 -13"><span class='ocrx_word' id='word_1_257' title='bbox 1204 1163 1252 1168; x_wconf 93' lang='lat'><strong>—</strong></span> <span class='ocrx_word' id='word_1_258' title='bbox 1278 1143 1463 1187; x_wconf 74' lang='lat' dir='ltr'>respondit«</span> <span class='ocrx_word' id='word_1_259' title='bbox 1501 1149 1560 1175; x_wconf 85' lang='lat' dir='ltr'>eet.</span> <span class='ocrx_word' id='word_1_260' title='bbox 1607 1143 1739 1174; x_wconf 83' lang='lat' dir='ltr'>Nullum</span> <span class='ocrx_word' id='word_1_261' title='bbox 1768 1144 1879 1174; x_wconf 64' lang='lat' dir='ltr'>vitium</span> <span class='ocrx_word' id='word_1_262' title='bbox 1903 1143 1955 1175; x_wconf 86' lang='lat' dir='ltr'>hie</span> <span class='ocrx_word' id='word_1_263' title='bbox 1978 1142 2160 1174; x_wconf 79' lang='lat' dir='ltr'>suboluisse</span> 
     </span>
     <span class='ocr_line' id='line_1_40' title="bbox 1205 1207 2160 1251; baseline -0.001 -11"><span class='ocrx_word' id='word_1_264' title='bbox 1205 1208 1322 1241; x_wconf 84' lang='lat' dir='ltr'>Grotio</span> <span class='ocrx_word' id='word_1_265' title='bbox 1344 1207 1491 1251; x_wconf 82' lang='lat' dir='ltr'>equidem</span> <span class='ocrx_word' id='word_1_266' title='bbox 1519 1207 1625 1238; x_wconf 86' lang='lat' dir='ltr'>miror.</span> <span class='ocrx_word' id='word_1_267' title='bbox 1661 1207 1700 1239; x_wconf 80' lang='lat' dir='ltr'>Si</span> <span class='ocrx_word' id='word_1_268' title='bbox 1728 1207 1812 1238; x_wconf 85' lang='lat' dir='ltr'>enim</span> <span class='ocrx_word' id='word_1_269' title='bbox 1834 1207 1933 1239; x_wconf 86' lang='lat' dir='ltr'>totius</span> <span class='ocrx_word' id='word_1_270' title='bbox 1954 1207 2018 1238; x_wconf 82' lang='lat' dir='ltr'>loci</span> <span class='ocrx_word' id='word_1_271' title='bbox 2041 1217 2160 1239; x_wconf 81' lang='lat' dir='ltr'>nexum</span> 
     </span>
     <span class='ocr_line' id='line_1_41' title="bbox 1205 1268 2161 1312; baseline -0.001 -11"><span class='ocrx_word' id='word_1_272' title='bbox 1205 1270 1351 1302; x_wconf 74' lang='lat' dir='ltr'>advertas</span> <span class='ocrx_word' id='word_1_273' title='bbox 1370 1274 1402 1300; x_wconf 90' lang='lat' dir='ltr'>ct</span> <span class='ocrx_word' id='word_1_274' title='bbox 1416 1269 1654 1309; x_wconf 82' lang='lat' dir='ltr'>antecedentia,</span> <span class='ocrx_word' id='word_1_275' title='bbox 1678 1268 1717 1299; x_wconf 89' lang='lat' dir='ltr'>dc</span> <span class='ocrx_word' id='word_1_276' title='bbox 1739 1269 1870 1300; x_wconf 70' lang='lat' dir='ltr'>vei-itare</span> <span class='ocrx_word' id='word_1_277' title='bbox 1888 1269 2047 1309; x_wconf 79' lang='lat' dir='ltr'>lectionis,</span> <span class='ocrx_word' id='word_1_278' title='bbox 2066 1279 2161 1312; x_wconf 85' lang='lat' dir='ltr'>quam</span> 
     </span>
     <span class='ocr_line' id='line_1_42' title="bbox 1205 1332 2162 1376; baseline -0.003 -11"><span class='ocrx_word' id='word_1_279' title='bbox 1205 1334 1348 1376; x_wconf 80' lang='lat' dir='ltr'>suggerit</span> <span class='ocrx_word' id='word_1_280' title='bbox 1375 1334 1496 1372; x_wconf 77' lang='lat' dir='ltr'>codex,</span> <span class='ocrx_word' id='word_1_281' title='bbox 1531 1343 1597 1365; x_wconf 89' lang='lat' dir='ltr'>non</span> <span class='ocrx_word' id='word_1_282' title='bbox 1627 1332 1795 1365; x_wconf 80' lang='lat' dir='ltr'>dubitabis.</span> <span class='ocrx_word' id='word_1_283' title='bbox 1834 1333 2022 1373; x_wconf 75' lang='lat' dir='ltr'>Legendum</span> <span class='ocrx_word' id='word_1_284' title='bbox 2050 1332 2162 1375; x_wconf 87' lang='lat' dir='ltr'>utiquc</span> 
     </span>
     <span class='ocr_line' id='line_1_43' title="bbox 1205 1393 2164 1438; baseline -0.003 -10"><span class='ocrx_word' id='word_1_285' title='bbox 1205 1408 1278 1428; x_wconf 88' lang='lat' dir='ltr'>cum</span> <span class='ocrx_word' id='word_1_286' title='bbox 1305 1395 1377 1428; x_wconf 82' lang='lat' dir='ltr'>MS.</span> <span class='ocrx_word' id='word_1_287' title='bbox 1403 1395 1540 1438; x_wconf 79' lang='lat' dir='ltr'>»quippe</span> <span class='ocrx_word' id='word_1_288' title='bbox 1568 1406 1639 1426; x_wconf 92' lang='lat' dir='ltr'>cum</span> <span class='ocrx_word' id='word_1_289' title='bbox 1656 1396 1827 1438; x_wconf 59' lang='lat' dir='ltr'>impigrum</span> <span class='ocrx_word' id='word_1_290' title='bbox 1851 1393 2062 1435; x_wconf 85' lang='lat' dir='ltr'>gerendorum</span> <span class='ocrx_word' id='word_1_291' title='bbox 2082 1393 2164 1426; x_wconf 84' lang='lat' dir='ltr'>sciat</span> 
     </span>
     <span class='ocr_line' id='line_1_44' title="bbox 1206 1457 2161 1503; baseline -0.001 -14"><span class='ocrx_word' id='word_1_292' title='bbox 1206 1459 1334 1503; x_wconf 60' lang='lat' dir='ltr'>(Virtus</span> <span class='ocrx_word' id='word_1_293' title='bbox 1353 1458 1481 1501; x_wconf 79' lang='lat' dir='ltr'>nempe)</span> <span class='ocrx_word' id='word_1_294' title='bbox 1500 1468 1571 1488; x_wconf 86' lang='lat' dir='ltr'>esse</span> <span class='ocrx_word' id='word_1_295' title='bbox 1593 1457 1800 1499; x_wconf 57' lang='lat' dir='ltr'>Cyllenimnm</span> <span class='ocrx_word' id='word_1_296' title='bbox 1824 1457 1963 1490; x_wconf 54' lang='lat' dir='ltr'>Bos-mu</span> <span class='ocrx_word' id='word_1_297' title='bbox 1987 1458 2064 1501; x_wconf 74' lang='lat' dir='ltr'>(var.</span> <span class='ocrx_word' id='word_1_298' title='bbox 2087 1457 2161 1489; x_wconf 87' lang='lat' dir='ltr'>lect.</span> 
     </span>
     <span class='ocr_line' id='line_1_45' title="bbox 1206 1521 2162 1566; baseline -0.001 -12"><span class='ocrx_word' id='word_1_299' title='bbox 1206 1535 1235 1566; x_wconf 88' lang='lat' dir='ltr'>p.</span> <span class='ocrx_word' id='word_1_300' title='bbox 1262 1522 1332 1566; x_wconf 81' lang='lat'>55).</span> <span class='ocrx_word' id='word_1_301' title='bbox 1374 1541 1420 1545; x_wconf 83' lang='lat'>——</span> <span class='ocrx_word' id='word_1_302' title='bbox 1454 1521 1501 1553; x_wconf 80' lang='lat' dir='ltr'>At</span> <span class='ocrx_word' id='word_1_303' title='bbox 1533 1533 1609 1553; x_wconf 63' lang='lat' dir='ltr'>vero</span> <span class='ocrx_word' id='word_1_304' title='bbox 1641 1521 1685 1552; x_wconf 85' lang='lat' dir='ltr'>ita</span> <span class='ocrx_word' id='word_1_305' title='bbox 1720 1522 1832 1562; x_wconf 82' lang='lat' dir='ltr'>legens</span> <span class='ocrx_word' id='word_1_306' title='bbox 1866 1522 2022 1564; x_wconf 82' lang='lat' dir='ltr'>apodosin</span> <span class='ocrx_word' id='word_1_307' title='bbox 2053 1523 2162 1553; x_wconf 80' lang='lat' dir='ltr'>forsan</span> 
     </span>
     <span class='ocr_line' id='line_1_46' title="bbox 1206 1584 2162 1629; baseline -0.002 -11"><span class='ocrx_word' id='word_1_308' title='bbox 1206 1592 1391 1629; x_wconf 77' lang='lat' dir='ltr'>exspectes,</span> <span class='ocrx_word' id='word_1_309' title='bbox 1421 1597 1502 1628; x_wconf 81' lang='lat' dir='ltr'>quac</span> <span class='ocrx_word' id='word_1_310' title='bbox 1528 1585 1616 1616; x_wconf 85' lang='lat' dir='ltr'>nulla</span> <span class='ocrx_word' id='word_1_311' title='bbox 1642 1584 1795 1627; x_wconf 82' lang='lat' dir='ltr'>sequitur.</span> <span class='ocrx_word' id='word_1_312' title='bbox 1842 1585 1936 1616; x_wconf 75' lang='lat' dir='ltr'>Unde</span> <span class='ocrx_word' id='word_1_313' title='bbox 1964 1585 2162 1617; x_wconf 78' lang='lat' dir='ltr'>Dresdensis</span> 
     </span>
     <span class='ocr_line' id='line_1_47' title="bbox 1206 1646 2160 1694; baseline 0 -15"><span class='ocrx_word' id='word_1_314' title='bbox 1206 1649 1301 1679; x_wconf 85' lang='lat' dir='ltr'>etiam</span> <span class='ocrx_word' id='word_1_315' title='bbox 1325 1647 1445 1679; x_wconf 88' lang='lat' dir='ltr'>codicis</span> <span class='ocrx_word' id='word_1_316' title='bbox 1468 1646 1655 1678; x_wconf 85' lang='lat' dir='ltr'>auctoritate</span> <span class='ocrx_word' id='word_1_317' title='bbox 1678 1646 1765 1678; x_wconf 86' lang='lat' dir='ltr'>istud</span> <span class='ocrx_word' id='word_1_318' title='bbox 1786 1649 1901 1694; x_wconf 79' lang='lat' dir='ltr'>quippe</span> <span class='ocrx_word' id='word_1_319' title='bbox 1921 1648 2072 1691; x_wconf 72' lang='lat' dir='ltr'>expunxi.</span> <span class='ocrx_word' id='word_1_320' title='bbox 2096 1648 2160 1679; x_wconf 75' lang='lat' dir='ltr'>De-</span> 
     </span>
     <span class='ocr_line' id='line_1_48' title="bbox 1205 1709 2162 1753; baseline 0 -12"><span class='ocrx_word' id='word_1_321' title='bbox 1205 1709 1292 1741; x_wconf 76' lang='lat' dir='ltr'>fendi</span> <span class='ocrx_word' id='word_1_322' title='bbox 1316 1709 1445 1753; x_wconf 87' lang='lat' dir='ltr'>quidem</span> <span class='ocrx_word' id='word_1_323' title='bbox 1469 1710 1531 1741; x_wconf 85' lang='lat' dir='ltr'>boc</span> <span class='ocrx_word' id='word_1_324' title='bbox 1558 1709 1640 1741; x_wconf 85' lang='lat' dir='ltr'>sicut</span> <span class='ocrx_word' id='word_1_325' title='bbox 1663 1714 1762 1740; x_wconf 86' lang='lat' dir='ltr'>totam</span> <span class='ocrx_word' id='word_1_326' title='bbox 1785 1709 1954 1741; x_wconf 87' lang='lat' dir='ltr'>lectionem</span> <span class='ocrx_word' id='word_1_327' title='bbox 1973 1709 2162 1742; x_wconf 87' lang='lat' dir='ltr'>Grotianam</span> 
     </span>
     <span class='ocr_line' id='line_1_49' title="bbox 1206 1771 2162 1816; baseline 0 -13"><span class='ocrx_word' id='word_1_328' title='bbox 1206 1783 1301 1816; x_wconf 84' lang='lat' dir='ltr'>posse</span> <span class='ocrx_word' id='word_1_329' title='bbox 1326 1783 1391 1802; x_wconf 86' lang='lat' dir='ltr'>non</span> <span class='ocrx_word' id='word_1_330' title='bbox 1413 1771 1551 1812; x_wconf 60' lang='lat' dir='ltr'>ignorog</span> <span class='ocrx_word' id='word_1_331' title='bbox 1586 1782 1643 1803; x_wconf 89' lang='lat' dir='ltr'>cur</span> <span class='ocrx_word' id='word_1_332' title='bbox 1665 1782 1742 1802; x_wconf 74' lang='lat' dir='ltr'>vero</span> <span class='ocrx_word' id='word_1_333' title='bbox 1764 1783 1830 1802; x_wconf 85' lang='lat' dir='ltr'>non</span> <span class='ocrx_word' id='word_1_334' title='bbox 1854 1783 2047 1815; x_wconf 82' lang='lat' dir='ltr'>reponamus</span> <span class='ocrx_word' id='word_1_335' title='bbox 2075 1772 2162 1816; x_wconf 85' lang='lat' dir='ltr'>quod</span> 
     </span>
     <span class='ocr_line' id='line_1_50' title="bbox 1206 1833 2161 1876; baseline 0 -10"><span class='ocrx_word' id='word_1_336' title='bbox 1206 1835 1322 1868; x_wconf 85' lang='lat' dir='ltr'>clarius</span> <span class='ocrx_word' id='word_1_337' title='bbox 1350 1839 1415 1871; x_wconf 81' lang='lat' dir='ltr'>est,</span> <span class='ocrx_word' id='word_1_338' title='bbox 1451 1845 1547 1876; x_wconf 88' lang='lat' dir='ltr'>quum</span> <span class='ocrx_word' id='word_1_339' title='bbox 1578 1833 1725 1864; x_wconf 87' lang='lat' dir='ltr'>codicum</span> <span class='ocrx_word' id='word_1_340' title='bbox 1753 1833 1939 1865; x_wconf 83' lang='lat' dir='ltr'>anctoritate</span> <span class='ocrx_word' id='word_1_341' title='bbox 1967 1833 2096 1866; x_wconf 80' lang='lat' dir='ltr'>minime</span> <span class='ocrx_word' id='word_1_342' title='bbox 2120 1834 2161 1866; x_wconf 87' lang='lat' dir='ltr'>si-</span> 
     </span>
     <span class='ocr_line' id='line_1_51' title="bbox 1206 1895 1470 1929; baseline -0.015 0"><span class='ocrx_word' id='word_1_343' title='bbox 1206 1908 1277 1929; x_wconf 87' lang='lat' dir='ltr'>mus</span> <span class='ocrx_word' id='word_1_344' title='bbox 1302 1895 1470 1928; x_wconf 70' lang='lat' dir='ltr'>destituti?</span> 
     </span>
    </p>

    <p class='ocr_par' dir='ltr' id='par_1_22' title="bbox 1203 1958 2163 2574">
     <span class='ocr_line' id='line_1_52' title="bbox 1282 1958 2161 2004; baseline -0.002 -11"><span class='ocrx_word' id='word_1_345' title='bbox 1282 1966 1405 1993; x_wconf 76' lang='lat' dir='ltr'>cereum</span> <span class='ocrx_word' id='word_1_346' title='bbox 1433 1958 1493 2004; x_wconf 81' lang='lat' dir='ltr'>est]</span> <span class='ocrx_word' id='word_1_347' title='bbox 1529 1958 1655 1992; x_wconf 90' lang='lat' dir='ltr'>Sensus</span> <span class='ocrx_word' id='word_1_348' title='bbox 1690 1960 1786 2002; x_wconf 85' lang='lat' dir='ltr'>hujus</span> <span class='ocrx_word' id='word_1_349' title='bbox 1827 1960 1975 1993; x_wconf 81' lang='lat' dir='ltr'>carminis</span> <span class='ocrx_word' id='word_1_350' title='bbox 2009 1960 2061 1993; x_wconf 87' lang='lat' dir='ltr'>hic</span> <span class='ocrx_word' id='word_1_351' title='bbox 2095 1966 2161 1993; x_wconf 84' lang='lat' dir='ltr'>est:</span> 
     </span>
     <span class='ocr_line' id='line_1_53' title="bbox 1203 2014 2163 2069; baseline -0.002 -12"><span class='ocrx_word' id='word_1_352' title='bbox 1203 2014 1386 2057; x_wconf 68' lang='lat' dir='ltr'>Mercurius</span> <span class='ocrx_word' id='word_1_353' title='bbox 1395 2021 1582 2067; x_wconf 83' lang='lat' dir='ltr'>Apollinem</span> <span class='ocrx_word' id='word_1_354' title='bbox 1598 2033 1697 2066; x_wconf 87' lang='lat' dir='ltr'>seque</span> <span class='ocrx_word' id='word_1_355' title='bbox 1711 2022 1815 2066; x_wconf 87' lang='lat' dir='ltr'>ipsum</span> <span class='ocrx_word' id='word_1_356' title='bbox 1834 2023 1876 2055; x_wconf 82' lang='lat' dir='ltr'>ait</span> <span class='ocrx_word' id='word_1_357' title='bbox 1889 2023 2002 2056; x_wconf 85' lang='lat' dir='ltr'>iisdem</span> <span class='ocrx_word' id='word_1_358' title='bbox 2018 2024 2163 2069; x_wconf 85' lang='lat' dir='ltr'>patribus</span> 
     </span>
     <span class='ocr_line' id='line_1_54' title="bbox 1210 2086 2162 2132; baseline 0.001 -13"><span class='ocrx_word' id='word_1_359' title='bbox 1210 2088 1389 2127; x_wconf 86' lang='lat' dir='ltr'>oriundum,</span> <span class='ocrx_word' id='word_1_360' title='bbox 1418 2087 1593 2130; x_wconf 80' lang='lat' dir='ltr'>cademque</span> <span class='ocrx_word' id='word_1_361' title='bbox 1619 2098 1636 2117; x_wconf 86' lang='lat' dir='ltr'>a</span> <span class='ocrx_word' id='word_1_362' title='bbox 1657 2086 1755 2131; x_wconf 86' lang='lat' dir='ltr'>stirpe</span> <span class='ocrx_word' id='word_1_363' title='bbox 1778 2087 1904 2129; x_wconf 82' lang='lat' dir='ltr'>venire,</span> <span class='ocrx_word' id='word_1_364' title='bbox 1927 2088 2057 2132; x_wconf 81' lang='lat' dir='ltr'>probari</span> <span class='ocrx_word' id='word_1_365' title='bbox 2072 2087 2162 2121; x_wconf 81' lang='lat' dir='ltr'>lucu-</span> 
     </span>
     <span class='ocr_line' id='line_1_55' title="bbox 1207 2150 2161 2196; baseline -0.001 -11"><span class='ocrx_word' id='word_1_366' title='bbox 1207 2154 1311 2185; x_wconf 85' lang='lat' dir='ltr'>lenter</span> <span class='ocrx_word' id='word_1_367' title='bbox 1328 2163 1424 2196; x_wconf 84' lang='lat' dir='ltr'>posse</span> <span class='ocrx_word' id='word_1_368' title='bbox 1448 2162 1487 2181; x_wconf 83' lang='lat' dir='ltr'>cx</span> <span class='ocrx_word' id='word_1_369' title='bbox 1506 2156 1662 2194; x_wconf 87' lang='lat' dir='ltr'>perpetuo</span> <span class='ocrx_word' id='word_1_370' title='bbox 1684 2151 1883 2183; x_wconf 70' lang='lat' dir='ltr'>voluntatum</span> <span class='ocrx_word' id='word_1_371' title='bbox 1903 2150 2070 2195; x_wconf 86' lang='lat' dir='ltr'>utriusque</span> <span class='ocrx_word' id='word_1_372' title='bbox 2087 2162 2161 2184; x_wconf 90' lang='lat' dir='ltr'>con-</span> 
     </span>
     <span class='ocr_line' id='line_1_56' title="bbox 1209 2215 2163 2261; baseline -0.002 -11"><span class='ocrx_word' id='word_1_373' title='bbox 1209 2228 1315 2250; x_wconf 87' lang='lat' dir='ltr'>sensu.</span> <span class='ocrx_word' id='word_1_374' title='bbox 1336 2215 1519 2258; x_wconf 77' lang='lat' dir='ltr'>Numquam</span> <span class='ocrx_word' id='word_1_375' title='bbox 1533 2227 1608 2247; x_wconf 74' lang='lat' dir='ltr'>vero</span> <span class='ocrx_word' id='word_1_376' title='bbox 1635 2215 1746 2257; x_wconf 82' lang='lat' dir='ltr'>magis,</span> <span class='ocrx_word' id='word_1_377' title='bbox 1771 2226 1866 2258; x_wconf 89' lang='lat' dir='ltr'>quam</span> <span class='ocrx_word' id='word_1_378' title='bbox 1891 2225 1990 2257; x_wconf 88' lang='lat' dir='ltr'>quum</span> <span class='ocrx_word' id='word_1_379' title='bbox 2014 2215 2047 2247; x_wconf 91' lang='lat' dir='ltr'>in</span> <span class='ocrx_word' id='word_1_380' title='bbox 2071 2227 2163 2261; x_wconf 82' lang='lat' dir='ltr'>prac-</span> 
     </span>
     <span class='ocr_line' id='line_1_57' title="bbox 1210 2278 2161 2324; baseline -0.002 -10"><span class='ocrx_word' id='word_1_381' title='bbox 1210 2281 1293 2315; x_wconf 85' lang='lat' dir='ltr'>senti</span> <span class='ocrx_word' id='word_1_382' title='bbox 1315 2280 1444 2322; x_wconf 80' lang='lat' dir='ltr'>negotio</span> <span class='ocrx_word' id='word_1_383' title='bbox 1467 2286 1529 2311; x_wconf 81' lang='lat' dir='ltr'>tam</span> <span class='ocrx_word' id='word_1_384' title='bbox 1554 2285 1626 2324; x_wconf 80' lang='lat' dir='ltr'>apte</span> <span class='ocrx_word' id='word_1_385' title='bbox 1648 2279 1731 2310; x_wconf 88' lang='lat' dir='ltr'>inter</span> <span class='ocrx_word' id='word_1_386' title='bbox 1749 2289 1783 2309; x_wconf 88' lang='lat' dir='ltr'>se</span> <span class='ocrx_word' id='word_1_387' title='bbox 1807 2278 1846 2309; x_wconf 89' lang='lat' dir='ltr'>de</span> <span class='ocrx_word' id='word_1_388' title='bbox 1865 2278 2010 2311; x_wconf 79' lang='lat' dir='ltr'>ducenda</span> <span class='ocrx_word' id='word_1_389' title='bbox 2029 2279 2064 2311; x_wconf 87' lang='lat' dir='ltr'>in</span> <span class='ocrx_word' id='word_1_390' title='bbox 2083 2291 2161 2312; x_wconf 84' lang='lat' dir='ltr'>uxo-</span> 
     </span>
     <span class='ocr_line' id='line_1_58' title="bbox 1209 2342 2163 2386; baseline -0.005 -7"><span class='ocrx_word' id='word_1_391' title='bbox 1209 2359 1276 2379; x_wconf 88' lang='lat' dir='ltr'>rem</span> <span class='ocrx_word' id='word_1_392' title='bbox 1301 2343 1484 2386; x_wconf 72' lang='lat' dir='ltr'>philologia</span> <span class='ocrx_word' id='word_1_393' title='bbox 1509 2344 1601 2375; x_wconf 85' lang='lat' dir='ltr'>ambo</span> <span class='ocrx_word' id='word_1_394' title='bbox 1628 2342 1827 2374; x_wconf 74' lang='lat' dir='ltr'>conveniant.</span> <span class='ocrx_word' id='word_1_395' title='bbox 1873 2342 2035 2385; x_wconf 75' lang='lat' dir='ltr'>Quocirca</span> <span class='ocrx_word' id='word_1_396' title='bbox 2061 2355 2095 2375; x_wconf 86' lang='lat' dir='ltr'>sc</span> <span class='ocrx_word' id='word_1_397' title='bbox 2120 2343 2163 2376; x_wconf 82' lang='lat' dir='ltr'>ait</span> 
     </span>
     <span class='ocr_line' id='line_1_59' title="bbox 1209 2403 2163 2450; baseline -0.004 -9"><span class='ocrx_word' id='word_1_398' title='bbox 1209 2409 1372 2441; x_wconf 85' lang='lat' dir='ltr'>lubentem</span> <span class='ocrx_word' id='word_1_399' title='bbox 1395 2405 1541 2450; x_wconf 86' lang='lat' dir='ltr'>equidem</span> <span class='ocrx_word' id='word_1_400' title='bbox 1560 2405 1735 2450; x_wconf 84' lang='lat' dir='ltr'>pariturum</span> <span class='ocrx_word' id='word_1_401' title='bbox 1753 2403 1902 2444; x_wconf 86' lang='lat' dir='ltr'>monitis,</span> <span class='ocrx_word' id='word_1_402' title='bbox 1935 2409 1967 2436; x_wconf 87' lang='lat' dir='ltr'>ct</span> <span class='ocrx_word' id='word_1_403' title='bbox 1993 2405 2163 2448; x_wconf 83' lang='lat' dir='ltr'>conjugem</span> 
     </span>
     <span class='ocr_line' id='line_1_60' title="bbox 1211 2464 2163 2510; baseline -0.005 -8"><span class='ocrx_word' id='word_1_404' title='bbox 1211 2472 1340 2504; x_wconf 87' lang='lat' dir='ltr'>domum</span> <span class='ocrx_word' id='word_1_405' title='bbox 1364 2469 1549 2507; x_wconf 85' lang='lat' dir='ltr'>ducturum,</span> <span class='ocrx_word' id='word_1_406' title='bbox 1583 2466 1679 2498; x_wconf 90' lang='lat' dir='ltr'>modo</span> <span class='ocrx_word' id='word_1_407' title='bbox 1707 2464 1846 2509; x_wconf 72' lang='lat' dir='ltr'>Apollo,</span> <span class='ocrx_word' id='word_1_408' title='bbox 1879 2478 1973 2510; x_wconf 85' lang='lat' dir='ltr'>quem</span> <span class='ocrx_word' id='word_1_409' title='bbox 2000 2466 2034 2498; x_wconf 88' lang='lat' dir='ltr'>in</span> <span class='ocrx_word' id='word_1_410' title='bbox 2067 2479 2163 2500; x_wconf 82' lang='lat' dir='ltr'>manu</span> 
     </span>
     <span class='ocr_line' id='line_1_61' title="bbox 1212 2528 2162 2574; baseline -0.006 -7"><span class='ocrx_word' id='word_1_411' title='bbox 1212 2546 1269 2567; x_wconf 85' lang='lat' dir='ltr'>sua</span> <span class='ocrx_word' id='word_1_412' title='bbox 1289 2532 1421 2571; x_wconf 77' lang='lat' dir='ltr'>haheat,</span> <span class='ocrx_word' id='word_1_413' title='bbox 1447 2530 1569 2574; x_wconf 85' lang='lat' dir='ltr'>coeptis</span> <span class='ocrx_word' id='word_1_414' title='bbox 1599 2529 1704 2561; x_wconf 78' lang='lat' dir='ltr'>favere</span> <span class='ocrx_word' id='word_1_415' title='bbox 1730 2528 1865 2569; x_wconf 68' lang='lat' dir='ltr'>Jovcm,</span> <span class='ocrx_word' id='word_1_416' title='bbox 1888 2534 2054 2573; x_wconf 79' lang='lat' dir='ltr'>parentem</span> <span class='ocrx_word' id='word_1_417' title='bbox 2077 2540 2162 2562; x_wconf 85' lang='lat' dir='ltr'>eom-</span> 
     </span>
    </p>
   </div>
   <div class='ocr_carea' id='block_1_16' title="bbox 1212 2592 2164 2703">
    <p class='ocr_par' dir='ltr' id='par_1_23' title="bbox 1212 2592 2164 2703">
     <span class='ocr_line' id='line_1_62' title="bbox 1212 2592 2164 2638; baseline -0.004 -8"><span class='ocrx_word' id='word_1_418' title='bbox 1212 2609 1356 2638; x_wconf 87' lang='lat' dir='ltr'>munem,</span> <span class='ocrx_word' id='word_1_419' title='bbox 1392 2594 1515 2628; x_wconf 64' lang='lat' dir='ltr'>saciat«</span> <span class='ocrx_word' id='word_1_420' title='bbox 1547 2594 1672 2626; x_wconf 66' lang='grc' dir='ltr'><strong>ΒΑΜ-ιι.</strong></span> <span class='ocrx_word' id='word_1_421' title='bbox 1697 2592 1833 2637; x_wconf 84' lang='lat' dir='ltr'>(advers.</span> <span class='ocrx_word' id='word_1_422' title='bbox 1861 2605 1892 2637; x_wconf 89' lang='lat' dir='ltr'>p.</span> <span class='ocrx_word' id='word_1_423' title='bbox 1915 2592 2011 2637; x_wconf 77' lang='lat'>955).</span> <span class='ocrx_word' id='word_1_424' title='bbox 2027 2611 2075 2619; x_wconf 88' lang='lat'>--</span> <span class='ocrx_word' id='word_1_425' title='bbox 2111 2593 2164 2626; x_wconf 84' lang='lat' dir='ltr'>De</span> 
     </span>
     <span class='ocr_line' id='line_1_63' title="bbox 1213 2654 2162 2703; baseline -0.009 -8"><span class='ocrx_word' id='word_1_426' title='bbox 1213 2666 1313 2696; x_wconf 86' lang='lat' dir='ltr'>metro</span> <span class='ocrx_word' id='word_1_427' title='bbox 1342 2659 1450 2703; x_wconf 78' lang='lat' dir='ltr'>glossa</span> <span class='ocrx_word' id='word_1_428' title='bbox 1484 2656 1517 2690; x_wconf 87' lang='lat' dir='ltr'>in</span> <span class='ocrx_word' id='word_1_429' title='bbox 1554 2655 1717 2690; x_wconf 87' lang='lat' dir='ltr'>codicibus</span> <span class='ocrx_word' id='word_1_430' title='bbox 1744 2654 1993 2691; x_wconf 78' lang='lat' dir='ltr'>Monacensihus</span> <span class='ocrx_word' id='word_1_431' title='bbox 2015 2654 2068 2698; x_wconf 83' lang='lat' dir='ltr'>(B.</span> <span class='ocrx_word' id='word_1_432' title='bbox 2089 2654 2162 2699; x_wconf 79' lang='lat' dir='ltr'>E.)=</span> 
     </span>
    </p>
   </div>
  </div>
 </body>
</html>
