2310 2860
219 157 310 202 548
769 150 968 193 Martiani
1006 148 1205 206 Capellae
1241 147 1313 191 lib.
1336 146 1412 191 IV.
1452 150 1485 202 ᾗ.
1511 148 1610 191 561.

221 265 447 308 invenitur.
530 260 580 303 In
623 259 812 314 subjecto
864 267 943 309 est,
998 255 1115 312 quod
1172 270 1313 312 neque
1365 271 1524 298 nomen
1574 270 1717 312 neque
1767 256 2053 300 definitionem
2100 257 2172 299 dat

221 347 434 401 subjecto,
477 343 546 385 sed
579 343 622 384 in
651 343 742 399 ipso
773 341 960 394 subjecto
992 339 1048 380 ita
1079 353 1167 379 esse
1195 338 1460 393 intelligitur,
1508 347 1555 380 ut
1585 338 1672 379 sine
1709 353 1757 379 eo
1790 354 1878 380 esse
1908 355 1993 380 non
2021 339 2170 395 possit,

221 438 270 470 ut
298 427 523 468 rhetorica.
567 426 682 469 Nam
707 440 785 467 nec
811 437 968 465 nomen
994 422 1083 476 ejus
1106 429 1240 478 potest
1264 419 1506 474 subjectum
1533 418 1736 474 recipere,
1765 433 1844 459 nec
1871 417 2170 461 definitionem.

220 506 375 562 Neque
414 505 528 547 enim
569 514 642 547 aut
670 505 881 546 rhetorica
919 503 1088 555 Cicero,
1137 512 1209 544 aut
1245 503 1354 543 bene
1392 500 1565 562 dicendi
1598 501 1769 541 scientia
1807 500 1978 553 Cicero,
2026 501 2098 542 sed
2129 502 2172 543 in

100 590 188 636 562
1639 581 1771 623 Aliud
1802 591 1861 622 est
1890 582 1942 622 do
1972 581 2172 635 subjecto,

221 601 270 628 eo
302 601 389 628 esse
417 585 731 641 intelliguntur,
776 598 915 640 quum
950 584 994 625 id
1021 584 1109 639 ipse
1141 583 1285 624 vocari
1316 597 1401 623 non
1432 583 1574 638 possit.

221 666 337 709 aliud
375 667 418 707 in
450 666 651 721 subjecto.
712 665 766 707 Et
805 666 847 706 in
889 665 1078 720 subjecto
1114 672 1196 715 est,
1244 671 1292 703 ut
1320 662 1554 719 disciplina.
1612 663 1726 705 Nam
1759 662 1908 703 eadem
1939 662 2174 703 rhetoricae

218 748 271 790 de
308 749 497 803 subjecto
533 757 613 799 est,
667 747 860 789 Ciceroni
897 747 940 788 in
971 746 1172 800 subjecto.
1238 743 1382 784 Prima
1419 758 1518 798 ergo
1558 743 1790 784 substantia
1828 742 2068 797 subjectum
2100 751 2172 793 est,

218 829 426 881 secunda,
480 843 592 884 quae
630 828 682 869 de
715 829 807 885 ipsa
836 828 976 884 prima
1010 827 1184 878 dicitur,
1234 835 1283 867 ut
1311 826 1362 866 sit
1393 825 1540 866 Cicero
1576 826 1716 881 prima
1747 826 1998 876 substantia,
2042 824 2174 865 homo

220 919 260 951 et
298 909 456 952 animal
495 907 703 960 secunda3
746 909 835 962 jam
871 908 915 948 in
958 908 1147 962 subjecto
1191 923 1339 949 omnes
1386 917 1690 963 consequentes
1725 907 2057 963 praedicationes
2088 920 2175 948 esse

1333 987 1450 1038 Quid
1491 986 1703 1042 qualitas?

98 986 189 1029 565
216 990 526 1045 intelliguntur,
564 990 710 1044 itaque
740 988 793 1030 de
823 989 995 1044 singulis
1033 989 1271 1031 videamus,
1764 986 1943 1041 qualitas
1984 995 2065 1038 est,
2109 1000 2177 1027 se-

220 1071 412 1112 cundum
455 1085 590 1125 quam
628 1069 809 1111 dicimus
852 1071 980 1126 quale
1026 1081 1105 1122 est,
1160 1080 1208 1112 ut
1247 1070 1418 1111 candor.
1489 1069 1544 1110 Et
1578 1084 1630 1109 ex
1661 1068 1743 1108 hoc
1773 1067 1944 1122 intelligi
1970 1067 2086 1118 licet,
2136 1076 2176 1107 et

218 1153 467 1208 qualitatem
502 1152 546 1192 in
584 1151 773 1205 subjecto
812 1167 922 1203 esse,
963 1166 1103 1206 quum
1138 1150 1295 1192 candor
1331 1148 1566 1190 necessario
1607 1148 1651 1188 in
1684 1147 1826 1201 aliquo
1857 1147 1925 1196 sit,
1969 1147 2056 1187 sine
2087 1160 2172 1200 quo

219 1247 308 1273 esse
337 1246 422 1273 non
452 1231 600 1288 possit3
636 1232 786 1285 utique
815 1232 956 1287 ipsum
984 1230 1166 1286 aliquid,
1197 1230 1240 1271 in
1271 1244 1357 1285 quo
1389 1239 1470 1280 est,
1501 1228 1742 1283 subjectum
1774 1237 1844 1268 est.
1890 1226 2007 1277 Quid
2036 1241 2175 1280 quan-

217 1312 340 1354 titas'?
410 1312 620 1367 quantitas
664 1322 744 1363 est,
795 1313 1033 1354 secundum
1082 1326 1217 1367 quani
1258 1310 1440 1352 dicimus
1481 1319 1693 1363 quantum
1737 1317 1818 1359 est,
1877 1316 1925 1348 ut
1964 1307 2173 1363 bipedale.

216 1393 358 1436 Etiam
396 1392 473 1433 ista
510 1393 554 1433 in
592 1392 780 1446 subjecto
818 1393 989 1448 intelligi
1028 1408 1196 1435 necesse
1239 1401 1310 1433 est.
1374 1390 1491 1441 Quid
1529 1387 1787 1431 relativum?
1845 1388 2074 1431 relativum
2105 1400 2176 1442 est,

217 1473 335 1529 quod
380 1472 430 1514 ad
471 1472 631 1527 aliquid
672 1483 844 1524 vocant,
890 1483 937 1515 ut
975 1484 1118 1529 pater,
1164 1473 1305 1515 frater.
1384 1471 1433 1511 Flt
1474 1469 1578 1509 haec
1625 1469 1773 1522 utique
1812 1468 1868 1510 ita
1907 1469 1951 1509 in
1988 1471 2176 1526 subjecto

215 1564 334 1606 sunt3
374 1566 477 1594 nam
518 1566 687 1593 necesse
726 1561 806 1604 est,
853 1562 901 1593 ut
943 1553 1047 1594 haec
1087 1556 1230 1594 omnia
1273 1553 1326 1594 ad
1358 1550 1518 1605 aliquid
1547 1550 1648 1600 sint,
1695 1559 1733 1591 et
1763 1550 1797 1590 si
1828 1550 2035 1592 nonnulla
2063 1561 2174 1602 sunt,

1905 1631 2024 1682 Quid
2061 1633 2172 1674 loci?

215 1713 259 1754 id
304 1722 364 1753 est
392 1711 511 1766 quod
550 1710 731 1751 dicimus
760 1710 946 1763 Romae3
995 1710 1137 1753 Roma
1180 1711 1412 1753 substantia
1450 1721 1527 1763 est,
1572 1712 1651 1767 ipsi
1688 1712 1855 1754 Romae
1893 1712 1975 1753 hoc
2015 1714 2174 1755 accidit.

215 1635 270 1677 de
300 1634 456 1689 quibus
495 1632 712 1682 dicantur,
759 1632 833 1672 illa
869 1645 981 1686 quae
1022 1632 1244 1684 dicuntur,
1293 1633 1336 1673 in
1376 1632 1518 1674 anima
1563 1631 1840 1673 videbuntur.

218 1795 336 1846 Quid
366 1793 598 1849 temporis?
642 1802 689 1834 ut
718 1792 833 1844 heri,
877 1807 1037 1848 nuper,
1083 1793 1264 1849 Vesperi.
1326 1792 1529 1842 Quorum
1568 1802 1691 1833 motu
1721 1802 1889 1848 tempus
1919 1793 2174 1849 intelligitur,

218 1875 473 1917 substantiae
512 1883 631 1926 sunt,
675 1883 721 1915 ut
752 1873 844 1927 Sol,
887 1875 1007 1930 cujus
1048 1887 1177 1915 cursu
1215 1882 1383 1929 tempus
1423 1873 1716 1929 intelligimus,
1761 1883 1800 1916 et
1841 1889 1952 1930 quae
1984 1875 2174 1931 aliquam

296 2032 401 2069 neque
423 2018 551 2066 nomen]
579 2019 771 2053 Accuratius
795 2019 990 2053 Aristoteles
1010 2020 1123 2063 (catcg.
1140 2021 1175 2064 5,

219 2084 272 2128 4)=
291 2082 372 2117 τῶν
393 2080 433 2118 δὲ
454 2083 496 2118 ἐν
515 2078 756 2129 ὑποκειμένῳ
781 2079 906 2116 ὄντων
927 2078 991 2117 ἐπὶ
1008 2080 1078 2125 μὲν
1094 2080 1175 2116 τῶν

221 2145 416 2182 πλείστων
438 2142 528 2180 οὔτε
549 2144 721 2189 τοῦνομα
745 2142 835 2179 οὔτε
869 2142 890 2179 ὁ
918 2141 1035 2190 λόγος
1061 2156 1173 2190 κατη-

219 2213 393 2254 γορεῖται,
410 2205 481 2241 τοῦ
498 2202 767 2249 ὑποκειμένου,
791 2205 849 2241 ἐπ’
873 2205 988 2241 ἐνίων
1009 2204 1073 2241 καὶ
1087 2204 1172 2240 τοῦ-

220 2284 321 2316 νομα
345 2269 415 2314 μὲν
440 2266 555 2304 οὐδὲν
581 2265 720 2303 κωλύει
747 2268 1051 2315 κατηγορεῖσθαί
1076 2279 1172 2305 ποτε

221 2332 293 2369 τοῦ
315 2329 591 2374 ὑποκειμένου,
620 2327 689 2364 τὸν
712 2329 752 2364 δὲ
778 2329 896 2376 λόγον
914 2327 1119 2365 ἀδύνατον.

297 2406 406 2428 onmes
424 2391 664 2441 consequentes]
692 2394 812 2425 Marius
833 2395 1019 2426 Victorinus
1040 2395 1083 2439 (p.
1102 2393 1173 2426 160

222 2459 304 2491 rhet.
326 2457 441 2500 Pith.):
465 2455 668 2488 »Secundum
685 2453 892 2486 Aristotelem
916 2456 1024 2487 11000111
1048 2461 1171 2498 catego-

222 2520 288 2553 riae
311 2524 395 2557 sunt,
422 2517 454 2549 id
477 2522 526 2548 est
547 2516 657 2548 decem
678 2527 747 2555 1-05,
769 2515 801 2547 111
820 2516 935 2559 quibus
954 2518 1069 2558 omnia,
1090 2529 1171 2562 quae

225 2584 258 2615 in
289 2582 406 2614 1111111110
439 2586 528 2621 511111,
568 2580 780 2615 eontinentur.
823 2579 945 2613 Harum
978 2593 1082 2614 rerum
1111 2594 1172 2615 uua

1227 2017 1405 2051 substantia
1429 2023 1493 2058 est,
1525 2019 1669 2065 reliquae
1700 2030 1813 2051 novem
1839 2018 2030 2066 qualitates,
2051 2018 2085 2051 id
2113 2024 2172 2060 051,

1226 2094 1307 2126 quae
1330 2081 1524 2113 substantiae
1552 2082 1725 2114 accidunt«

1299 2144 1329 2174 si
1355 2141 1522 2187 nonnulla]
1550 2143 1589 2174 In
1612 2144 1706 2174 editis
1736 2143 1888 2174 omissum
1913 2147 1981 2173 erat
2009 2143 2054 2182 si,
2086 2142 2173 2186 quod

1223 2216 1241 2235 e
1259 2203 1368 2235 codice
1386 2204 1574 2235 monacensi
1597 2205 1649 2248 (F)
1670 2203 1812 2242 restitui,
1837 2215 2010 2247 vocemque
2029 2205 2172 2236 inanima

1224 2266 1333 2298 divisi:
1355 2266 1501 2309 intelligo
1533 2266 1616 2298 enim
1646 2266 1695 2296 »in
1720 2271 1842 2297 mente«
1872 2266 1905 2296 id
1934 2271 1983 2297 est
2011 2267 2172 2301 abstracta

1223 2328 1432 2367 videbuntur,
1459 2333 1606 2360 concreta
1621 2327 1720 2367 enim,
1743 2327 1808 2358 sive
1829 2327 1947 2371 primae
1964 2329 2171 2370 substantiae,

1223 2390 1359 2423 relativa
1390 2400 1460 2421 esse
1491 2400 1556 2420 non
1590 2394 1743 2432 possunt,
1783 2389 1944 2421 abstracta
1974 2402 2071 2434 posse
2101 2391 2170 2435 ipse

1222 2451 1416 2486 Aristotcles
1451 2451 1570 2496 (eateg.
1602 2453 1640 2492 ὅ,
1666 2452 1733 2495 21)
1766 2453 1929 2493 concedit3
1970 2466 2051 2497 quae
2080 2454 2109 2487 si
2135 2456 2170 2486 in

1222 2517 1362 2562 subjecto
1393 2521 1483 2555 sunt,
1512 2516 1648 2550 relativa
1680 2521 1791 2559 erunt,
1821 2515 1850 2550 si
1873 2516 1912 2549 de
1935 2518 2091 2562 subjecto,
2120 2528 2168 2550 se-

1223 2580 1344 2617 cundae
1370 2579 1575 2613 substantiae.
