<?xml version="1.0" encoding="UTF-8"?>
<!DOCTYPE html PUBLIC "-//W3C//DTD XHTML 1.0 Transitional//EN"
    "http://www.w3.org/TR/xhtml1/DTD/xhtml1-transitional.dtd">
<html xmlns="http://www.w3.org/1999/xhtml" xml:lang="en" lang="en">
 <head>
  <title>
</title>
<meta http-equiv="Content-Type" content="text/html;charset=utf-8" />
  <meta name='ocr-system' content='tesseract 3.04.00' />
  <meta name='ocr-capabilities' content='ocr_page ocr_carea ocr_par ocr_line ocrx_word'/>
</head>
<body>
  <div class='ocr_page' id='page_1' title='image "./denuptiisphilolo00martuoft/denuptiisphilolo00martuoft_0309.png"; bbox 0 0 2310 2860; ppageno 0'>
   <div class='ocr_carea' id='block_1_1' title="bbox 700 186 2114 245">
    <p class='ocr_par' dir='ltr' id='par_1_1' title="bbox 700 186 2114 245">
     <span class='ocr_line' id='line_1_1' title="bbox 700 186 2114 245; baseline 0.006 -15"><span class='ocrx_word' id='word_1_1' title='bbox 700 186 904 231; x_wconf 85' lang='lat' dir='ltr'>Martiani</span> <span class='ocrx_word' id='word_1_2' title='bbox 941 187 1139 245; x_wconf 80' lang='lat' dir='ltr'>Capellae</span> <span class='ocrx_word' id='word_1_3' title='bbox 1176 188 1248 232; x_wconf 90' lang='lat' dir='ltr'>lib.</span> <span class='ocrx_word' id='word_1_4' title='bbox 1271 188 1347 232; x_wconf 90' lang='lat'>111.</span> <span class='ocrx_word' id='word_1_5' title='bbox 1386 190 1417 243; x_wconf 72' lang='lat'>§-</span> <span class='ocrx_word' id='word_1_6' title='bbox 1443 188 1540 233; x_wconf 78' lang='lat'>261.</span> <span class='ocrx_word' id='word_1_7' title='bbox 2028 197 2114 239; x_wconf 73' lang='lat'>279</span> 
     </span>
    </p>
   </div>
   <div class='ocr_carea' id='block_1_2' title="bbox 268 295 1400 1305">
    <p class='ocr_par' dir='ltr' id='par_1_2' title="bbox 275 295 1212 432">
     <span class='ocr_line' id='line_1_2' title="bbox 275 295 1212 352; baseline -0.003 -12"><span class='ocrx_word' id='word_1_8' title='bbox 275 297 311 341; x_wconf 86' lang='lat' dir='ltr'><strong>F</strong></span> <span class='ocrx_word' id='word_1_9' title='bbox 342 297 485 338; x_wconf 89' lang='lat' dir='ltr'>dentes</span> <span class='ocrx_word' id='word_1_10' title='bbox 511 295 683 337; x_wconf 85' lang='lat' dir='ltr'>labrum</span> <span class='ocrx_word' id='word_1_11' title='bbox 710 295 888 337; x_wconf 85' lang='lat' dir='ltr'>inferius</span> <span class='ocrx_word' id='word_1_12' title='bbox 915 295 1212 352; x_wconf 76' lang='lat' dir='ltr'><strong>deprimentes.</strong></span> 
     </span>
     <span class='ocr_line' id='line_1_3' title="bbox 275 376 829 432; baseline 0 -14"><span class='ocrx_word' id='word_1_13' title='bbox 275 378 315 418; x_wconf 92' lang='lat' dir='ltr'><strong>G</strong></span> <span class='ocrx_word' id='word_1_14' title='bbox 345 377 514 432; x_wconf 85' lang='lat' dir='ltr'>spiritus</span> <span class='ocrx_word' id='word_1_15' title='bbox 547 391 643 417; x_wconf 89' lang='lat' dir='ltr'>cum</span> <span class='ocrx_word' id='word_1_16' title='bbox 677 376 829 432; x_wconf 76' lang='lat' dir='ltr'>palato,</span> 
     </span>
    </p>

    <p class='ocr_par' dir='ltr' id='par_1_3' title="bbox 271 455 1400 594">
     <span class='ocr_line' id='line_1_4' title="bbox 271 455 1400 513; baseline 0 -14"><span class='ocrx_word' id='word_1_17' title='bbox 271 457 313 499; x_wconf 94' lang='lat' dir='ltr'>H</span> <span class='ocrx_word' id='word_1_18' title='bbox 344 458 563 499; x_wconf 80' lang='lat' dir='ltr'>contractis</span> <span class='ocrx_word' id='word_1_19' title='bbox 595 459 773 513; x_wconf 82' lang='lat' dir='ltr'>paulum</span> <span class='ocrx_word' id='word_1_20' title='bbox 807 456 1003 499; x_wconf 81' lang='lat' dir='ltr'>faucibus</span> <span class='ocrx_word' id='word_1_21' title='bbox 1034 466 1184 499; x_wconf 85' lang='lat' dir='ltr'>ventus</span> <span class='ocrx_word' id='word_1_22' title='bbox 1215 455 1400 501; x_wconf 78' lang='lat' dir='ltr'>exhalat.</span> 
     </span>
     <span class='ocr_line' id='line_1_5' title="bbox 273 537 1105 594; baseline 0.001 -15"><span class='ocrx_word' id='word_1_23' title='bbox 273 537 294 579; x_wconf 94' lang='lat' dir='ltr'>I</span> <span class='ocrx_word' id='word_1_24' title='bbox 337 538 507 594; x_wconf 86' lang='lat' dir='ltr'>spiritus</span> <span class='ocrx_word' id='word_1_25' title='bbox 547 554 679 594; x_wconf 86' lang='lat' dir='ltr'>prope</span> <span class='ocrx_word' id='word_1_26' title='bbox 712 538 907 579; x_wconf 85' lang='lat' dir='ltr'>dentibus</span> <span class='ocrx_word' id='word_1_27' title='bbox 940 539 1105 593; x_wconf 84' lang='lat' dir='ltr'>pressis.</span> 
     </span>
    </p>

    <p class='ocr_par' dir='ltr' id='par_1_4' title="bbox 273 620 1064 676">
     <span class='ocr_line' id='line_1_6' title="bbox 273 620 1064 676; baseline 0 -16"><span class='ocrx_word' id='word_1_28' title='bbox 273 620 314 661; x_wconf 90' lang='lat' dir='ltr'>K</span> <span class='ocrx_word' id='word_1_29' title='bbox 348 620 543 661; x_wconf 78' lang='lat' dir='ltr'>faucibus</span> <span class='ocrx_word' id='word_1_30' title='bbox 576 621 802 676; x_wconf 82' lang='lat' dir='ltr'>palatoque</span> <span class='ocrx_word' id='word_1_31' title='bbox 839 620 1064 661; x_wconf 81' lang='lat' dir='ltr'>formatur.</span> 
     </span>
    </p>

    <p class='ocr_par' dir='ltr' id='par_1_5' title="bbox 271 700 982 757">
     <span class='ocr_line' id='line_1_7' title="bbox 271 700 982 757; baseline 0.004 -17"><span class='ocrx_word' id='word_1_32' title='bbox 271 700 306 741; x_wconf 95' lang='lat' dir='ltr'>L</span> <span class='ocrx_word' id='word_1_33' title='bbox 337 700 480 755; x_wconf 78' lang='lat' dir='ltr'>lingua</span> <span class='ocrx_word' id='word_1_34' title='bbox 512 702 738 757; x_wconf 77' lang='lat' dir='ltr'>palatoque</span> <span class='ocrx_word' id='word_1_35' title='bbox 770 701 982 743; x_wconf 84' lang='lat' dir='ltr'>dulcescit.</span> 
     </span>
    </p>

    <p class='ocr_par' dir='ltr' id='par_1_6' title="bbox 272 780 787 836">
     <span class='ocr_line' id='line_1_8' title="bbox 272 780 787 836; baseline 0.002 -16"><span class='ocrx_word' id='word_1_36' title='bbox 272 780 318 820; x_wconf 86' lang='lat' dir='ltr'><strong>M</strong></span> <span class='ocrx_word' id='word_1_37' title='bbox 348 781 476 823; x_wconf 81' lang='lat' dir='ltr'>labris</span> <span class='ocrx_word' id='word_1_38' title='bbox 514 781 787 836; x_wconf 82' lang='lat' dir='ltr'>imprimitur.</span> 
     </span>
    </p>

    <p class='ocr_par' dir='ltr' id='par_1_7' title="bbox 269 860 1124 917">
     <span class='ocr_line' id='line_1_9' title="bbox 269 860 1124 917; baseline -0.002 -14"><span class='ocrx_word' id='word_1_39' title='bbox 269 862 311 903; x_wconf 90' lang='lat' dir='ltr'><strong>N</strong></span> <span class='ocrx_word' id='word_1_40' title='bbox 341 862 483 917; x_wconf 81' lang='lat' dir='ltr'>lingua</span> <span class='ocrx_word' id='word_1_41' title='bbox 514 862 709 904; x_wconf 86' lang='lat' dir='ltr'>dentibus</span> <span class='ocrx_word' id='word_1_42' title='bbox 743 861 921 917; x_wconf 78' lang='lat' dir='ltr'>appulsa</span> <span class='ocrx_word' id='word_1_43' title='bbox 956 860 1124 902; x_wconf 87' lang='lat' dir='ltr'>collidit.</span> 
     </span>
    </p>

    <p class='ocr_par' dir='ltr' id='par_1_8' title="bbox 273 944 1133 999">
     <span class='ocr_line' id='line_1_10' title="bbox 273 944 1133 999; baseline -0.005 -14"><span class='ocrx_word' id='word_1_44' title='bbox 273 946 312 985; x_wconf 91' lang='lat' dir='ltr'>O</span> <span class='ocrx_word' id='word_1_45' title='bbox 344 944 621 985; x_wconf 82' lang='lat' dir='ltr'>rotundioris</span> <span class='ocrx_word' id='word_1_46' title='bbox 660 944 810 999; x_wconf 88' lang='lat' dir='ltr'>spiritu</span> <span class='ocrx_word' id='word_1_47' title='bbox 846 951 1133 997; x_wconf 77' lang='lat' dir='ltr'>comparatur.</span> 
     </span>
    </p>

    <p class='ocr_par' dir='ltr' id='par_1_9' title="bbox 271 1024 885 1080">
     <span class='ocr_line' id='line_1_11' title="bbox 271 1024 885 1080; baseline 0.002 -16"><span class='ocrx_word' id='word_1_48' title='bbox 271 1025 302 1065; x_wconf 89' lang='lat' dir='ltr'>P</span> <span class='ocrx_word' id='word_1_49' title='bbox 333 1024 460 1066; x_wconf 77' lang='lat' dir='ltr'>labris</span> <span class='ocrx_word' id='word_1_50' title='bbox 500 1025 649 1080; x_wconf 87' lang='lat' dir='ltr'>spiritu</span> <span class='ocrx_word' id='word_1_51' title='bbox 687 1025 885 1079; x_wconf 83' lang='lat' dir='ltr'>erumpit.</span> 
     </span>
    </p>

    <p class='ocr_par' dir='ltr' id='par_1_10' title="bbox 273 1104 1034 1161">
     <span class='ocr_line' id='line_1_12' title="bbox 273 1104 1034 1161; baseline -0.003 -16"><span class='ocrx_word' id='word_1_52' title='bbox 273 1106 313 1154; x_wconf 83' lang='lat' dir='ltr'><strong>Q</strong></span> <span class='ocrx_word' id='word_1_53' title='bbox 345 1105 529 1161; x_wconf 80' lang='lat' dir='ltr'>appulsu</span> <span class='ocrx_word' id='word_1_54' title='bbox 566 1105 693 1160; x_wconf 81' lang='lat' dir='ltr'>palati</span> <span class='ocrx_word' id='word_1_55' title='bbox 726 1120 799 1145; x_wconf 89' lang='lat' dir='ltr'>ore</span> <span class='ocrx_word' id='word_1_56' title='bbox 834 1104 1034 1145; x_wconf 87' lang='lat' dir='ltr'>restricto.</span> 
     </span>
    </p>

    <p class='ocr_par' dir='ltr' id='par_1_11' title="bbox 268 1184 1235 1305">
     <span class='ocr_line' id='line_1_13' title="bbox 268 1184 1235 1240; baseline 0 -14"><span class='ocrx_word' id='word_1_57' title='bbox 268 1185 307 1226; x_wconf 88' lang='lat' dir='ltr'>R</span> <span class='ocrx_word' id='word_1_58' title='bbox 338 1185 534 1240; x_wconf 83' lang='lat' dir='ltr'>spiritum</span> <span class='ocrx_word' id='word_1_59' title='bbox 563 1185 705 1239; x_wconf 78' lang='lat' dir='ltr'>lingua</span> <span class='ocrx_word' id='word_1_60' title='bbox 740 1184 947 1239; x_wconf 81' lang='lat' dir='ltr'>crispante</span> <span class='ocrx_word' id='word_1_61' title='bbox 984 1184 1235 1226; x_wconf 80' lang='lat' dir='ltr'>corraditur.</span> 
     </span>
     <span class='ocr_line' id='line_1_14' title="bbox 269 1263 1147 1305; baseline 0 0"><span class='ocrx_word' id='word_1_62' title='bbox 269 1266 297 1305; x_wconf 90' lang='lat' dir='ltr'>S</span> <span class='ocrx_word' id='word_1_63' title='bbox 337 1265 507 1305; x_wconf 87' lang='lat' dir='ltr'>sibilum</span> <span class='ocrx_word' id='word_1_64' title='bbox 541 1264 640 1304; x_wconf 83' lang='lat' dir='ltr'>fac-it</span> <span class='ocrx_word' id='word_1_65' title='bbox 676 1263 872 1304; x_wconf 86' lang='lat' dir='ltr'>dentibus</span> <span class='ocrx_word' id='word_1_66' title='bbox 902 1264 1147 1305; x_wconf 81' lang='lat' dir='ltr'>verberatis.</span> 
     </span>
    </p>
   </div>
   <div class='ocr_carea' id='block_1_3' title="bbox 271 1343 1559 1400">
    <p class='ocr_par' dir='ltr' id='par_1_12' title="bbox 271 1343 1559 1400">
     <span class='ocr_line' id='line_1_15' title="bbox 271 1343 1559 1400; baseline 0.005 -16"><span class='ocrx_word' id='word_1_67' title='bbox 271 1343 312 1384; x_wconf 88' lang='lat' dir='ltr'>T</span> <span class='ocrx_word' id='word_1_68' title='bbox 347 1345 530 1400; x_wconf 79' lang='lat' dir='ltr'>appulsu</span> <span class='ocrx_word' id='word_1_69' title='bbox 555 1345 724 1399; x_wconf 78' lang='lat' dir='ltr'>linguae</span> <span class='ocrx_word' id='word_1_70' title='bbox 753 1345 1040 1399; x_wconf 81' lang='lat' dir='ltr'>dentibusque</span> <span class='ocrx_word' id='word_1_71' title='bbox 1070 1346 1268 1400; x_wconf 88' lang='lat' dir='ltr'>impulsis</span> <span class='ocrx_word' id='word_1_72' title='bbox 1306 1347 1559 1390; x_wconf 78' lang='lat' dir='ltr'>extruditur.</span> 
     </span>
    </p>
   </div>
   <div class='ocr_carea' id='block_1_4' title="bbox 268 1424 1489 1479">
    <p class='ocr_par' dir='ltr' id='par_1_13' title="bbox 268 1424 1489 1479">
     <span class='ocr_line' id='line_1_16' title="bbox 268 1424 1489 1479; baseline 0.002 -12"><span class='ocrx_word' id='word_1_73' title='bbox 268 1425 310 1467; x_wconf 87' lang='lat' dir='ltr'>V</span> <span class='ocrx_word' id='word_1_74' title='bbox 342 1440 414 1466; x_wconf 88' lang='lat' dir='ltr'>ore</span> <span class='ocrx_word' id='word_1_75' title='bbox 455 1425 675 1465; x_wconf 81' lang='lat' dir='ltr'>constricto</span> <span class='ocrx_word' id='word_1_76' title='bbox 711 1424 929 1479; x_wconf 77' lang='lat' dir='ltr'>labrisque</span> <span class='ocrx_word' id='word_1_77' title='bbox 963 1425 1216 1478; x_wconf 86' lang='lat' dir='ltr'>prominulis</span> <span class='ocrx_word' id='word_1_78' title='bbox 1250 1427 1489 1469; x_wconf 84' lang='lat' dir='ltr'>exhibetur.</span> 
     </span>
    </p>
   </div>
   <div class='ocr_carea' id='block_1_5' title="bbox 153 1532 1106 2574">
    <p class='ocr_par' dir='ltr' id='par_1_14' title="bbox 153 1532 1105 1631">
     <span class='ocr_line' id='line_1_17' title="bbox 156 1532 1105 1577; baseline -0.002 -11"><span class='ocrx_word' id='word_1_79' title='bbox 156 1539 241 1567; x_wconf 78' lang='lat' dir='ltr'>recte</span> <span class='ocrx_word' id='word_1_80' title='bbox 267 1533 362 1565; x_wconf 85' lang='lat' dir='ltr'>docet</span> <span class='ocrx_word' id='word_1_81' title='bbox 387 1533 560 1577; x_wconf 78' lang='lat' dir='ltr'>antiquitus</span> <span class='ocrx_word' id='word_1_82' title='bbox 583 1533 610 1565; x_wconf 91' lang='lat' dir='ltr'>C</span> <span class='ocrx_word' id='word_1_83' title='bbox 638 1533 731 1564; x_wconf 76' lang='lat' dir='ltr'>etiam</span> <span class='ocrx_word' id='word_1_84' title='bbox 753 1538 824 1564; x_wconf 85' lang='lat' dir='ltr'>ante</span> <span class='ocrx_word' id='word_1_85' title='bbox 845 1532 874 1563; x_wconf 90' lang='lat' dir='ltr'>E</span> <span class='ocrx_word' id='word_1_86' title='bbox 899 1538 931 1564; x_wconf 84' lang='lat' dir='ltr'>et</span> <span class='ocrx_word' id='word_1_87' title='bbox 954 1532 971 1566; x_wconf 89' lang='lat' dir='ltr'>I</span> <span class='ocrx_word' id='word_1_88' title='bbox 992 1544 1105 1564; x_wconf 90' lang='lat' dir='ltr'>sonum</span> 
     </span>
     <span class='ocr_line' id='line_1_18' title="bbox 153 1596 367 1631; baseline -0.009 0"><span class='ocrx_word' id='word_1_89' title='bbox 153 1597 187 1631; x_wconf 74' lang='lat' dir='ltr'>R</span> <span class='ocrx_word' id='word_1_90' title='bbox 205 1596 367 1629; x_wconf 81' lang='lat' dir='ltr'>habuisse.</span> 
     </span>
    </p>

    <p class='ocr_par' dir='ltr' id='par_1_15' title="bbox 153 1644 1106 2325">
     <span class='ocr_line' id='line_1_19' title="bbox 227 1644 1104 1702; baseline -0.002 -12"><span class='ocrx_word' id='word_1_91' title='bbox 227 1658 260 1691; x_wconf 87' lang='lat' dir='ltr'><em>F</em></span> <span class='ocrx_word' id='word_1_92' title='bbox 277 1644 400 1702; x_wconf 65' lang='lat' dir='ltr'>dentes]</span> <span class='ocrx_word' id='word_1_93' title='bbox 428 1656 666 1700; x_wconf 78' lang='lat' dir='ltr'>Quinctilianus</span> <span class='ocrx_word' id='word_1_94' title='bbox 687 1656 852 1700; x_wconf 48' lang='lat' dir='ltr'>(msto,</span> <span class='ocrx_word' id='word_1_95' title='bbox 877 1656 942 1698; x_wconf 73' lang='lat'>293</span> <span class='ocrx_word' id='word_1_96' title='bbox 977 1668 1007 1699; x_wconf 88' lang='lat' dir='ltr'>p.</span> <span class='ocrx_word' id='word_1_97' title='bbox 1031 1656 1104 1688; x_wconf 83' lang='lat'>650</span> 
     </span>
     <span class='ocr_line' id='line_1_20' title="bbox 156 1721 1104 1766; baseline -0.004 -12"><span class='ocrx_word' id='word_1_98' title='bbox 156 1721 296 1766; x_wconf 80' lang='lat' dir='ltr'>Spald.):</span> <span class='ocrx_word' id='word_1_99' title='bbox 327 1722 428 1753; x_wconf 81' lang='lat' dir='ltr'>»Nam</span> <span class='ocrx_word' id='word_1_100' title='bbox 455 1727 488 1753; x_wconf 87' lang='lat' dir='ltr'>et</span> <span class='ocrx_word' id='word_1_101' title='bbox 510 1721 582 1762; x_wconf 82' lang='lat' dir='ltr'>illa,</span> <span class='ocrx_word' id='word_1_102' title='bbox 610 1733 691 1765; x_wconf 84' lang='lat' dir='ltr'>quae</span> <span class='ocrx_word' id='word_1_103' title='bbox 718 1726 768 1753; x_wconf 84' lang='lat' dir='ltr'>est</span> <span class='ocrx_word' id='word_1_104' title='bbox 795 1726 884 1752; x_wconf 81' lang='lat' dir='ltr'>sexta</span> <span class='ocrx_word' id='word_1_105' title='bbox 913 1725 1104 1760; x_wconf 76' lang='lat' dir='ltr'>nostrarum,</span> 
     </span>
     <span class='ocr_line' id='line_1_21' title="bbox 154 1784 1104 1829; baseline -0.002 -12"><span class='ocrx_word' id='word_1_106' title='bbox 154 1797 255 1829; x_wconf 79' lang='lat' dir='ltr'>paene</span> <span class='ocrx_word' id='word_1_107' title='bbox 285 1797 351 1817; x_wconf 88' lang='lat' dir='ltr'>non</span> <span class='ocrx_word' id='word_1_108' title='bbox 381 1786 519 1816; x_wconf 79' lang='lat' dir='ltr'>humana</span> <span class='ocrx_word' id='word_1_109' title='bbox 553 1796 647 1825; x_wconf 74' lang='lat' dir='ltr'>voce,</span> <span class='ocrx_word' id='word_1_110' title='bbox 688 1785 738 1817; x_wconf 85' lang='lat' dir='ltr'>vel</span> <span class='ocrx_word' id='word_1_111' title='bbox 771 1784 899 1816; x_wconf 86' lang='lat' dir='ltr'>omnino</span> <span class='ocrx_word' id='word_1_112' title='bbox 931 1796 998 1816; x_wconf 88' lang='lat' dir='ltr'>non</span> <span class='ocrx_word' id='word_1_113' title='bbox 1026 1795 1104 1816; x_wconf 78' lang='lat' dir='ltr'>voce</span> 
     </span>
     <span class='ocr_line' id='line_1_22' title="bbox 154 1844 1105 1890; baseline -0.002 -12"><span class='ocrx_word' id='word_1_114' title='bbox 154 1847 277 1890; x_wconf 77' lang='lat' dir='ltr'>potiuS,</span> <span class='ocrx_word' id='word_1_115' title='bbox 300 1844 384 1878; x_wconf 74' lang='lat' dir='ltr'>inter</span> <span class='ocrx_word' id='word_1_116' title='bbox 403 1846 584 1879; x_wconf 79' lang='lat' dir='ltr'>discrimina</span> <span class='ocrx_word' id='word_1_117' title='bbox 606 1846 747 1877; x_wconf 83' lang='lat' dir='ltr'>dentium</span> <span class='ocrx_word' id='word_1_118' title='bbox 771 1846 903 1877; x_wconf 84' lang='lat' dir='ltr'>efflanda</span> <span class='ocrx_word' id='word_1_119' title='bbox 920 1852 978 1877; x_wconf 82' lang='lat' dir='ltr'>est.</span> <span class='ocrx_word' id='word_1_120' title='bbox 987 1860 997 1874; x_wconf 88' lang='lat'>«</span> <span class='ocrx_word' id='word_1_121' title='bbox 1031 1846 1105 1877; x_wconf 74' lang='lat' dir='ltr'>Dis-</span> 
     </span>
     <span class='ocr_line' id='line_1_23' title="bbox 154 1905 1104 1947; baseline 0 -9"><span class='ocrx_word' id='word_1_122' title='bbox 154 1907 273 1939; x_wconf 79' lang='lat' dir='ltr'>crimen</span> <span class='ocrx_word' id='word_1_123' title='bbox 293 1907 376 1939; x_wconf 74' lang='lat' dir='ltr'>inter</span> <span class='ocrx_word' id='word_1_124' title='bbox 391 1907 418 1938; x_wconf 87' lang='lat' dir='ltr'>F</span> <span class='ocrx_word' id='word_1_125' title='bbox 440 1912 472 1939; x_wconf 80' lang='lat' dir='ltr'>ct</span> <span class='ocrx_word' id='word_1_126' title='bbox 496 1906 652 1939; x_wconf 82' lang='lat' dir='ltr'>Graecam</span> <span class='ocrx_word' id='word_1_127' title='bbox 673 1905 708 1940; x_wconf 83' lang='grc' dir='ltr'><strong>Φ</strong></span> <span class='ocrx_word' id='word_1_128' title='bbox 729 1907 814 1937; x_wconf 84' lang='lat' dir='ltr'>idem</span> <span class='ocrx_word' id='word_1_129' title='bbox 831 1906 932 1947; x_wconf 80' lang='lat' dir='ltr'>tangit</span> <span class='ocrx_word' id='word_1_130' title='bbox 953 1906 1014 1937; x_wconf 80' lang='lat' dir='ltr'>alio</span> <span class='ocrx_word' id='word_1_131' title='bbox 1033 1906 1104 1938; x_wconf 86' lang='lat' dir='ltr'>loco</span> 
     </span>
     <span class='ocr_line' id='line_1_24' title="bbox 154 1966 1105 2012; baseline 0 -13"><span class='ocrx_word' id='word_1_132' title='bbox 154 1969 201 2012; x_wconf 75' lang='grc' dir='ltr'>(Ι,</span> <span class='ocrx_word' id='word_1_133' title='bbox 223 1969 259 2008; x_wconf 78' lang='grc'>4,</span> <span class='ocrx_word' id='word_1_134' title='bbox 282 1966 362 2010; x_wconf 75' lang='grc'>44),</span> <span class='ocrx_word' id='word_1_135' title='bbox 389 1973 484 2011; x_wconf 83' lang='lat' dir='ltr'>atque</span> <span class='ocrx_word' id='word_1_136' title='bbox 507 1967 576 2011; x_wconf 87' lang='lat' dir='ltr'>ipsc</span> <span class='ocrx_word' id='word_1_137' title='bbox 598 1967 801 2008; x_wconf 81' lang='lat' dir='ltr'>Priscianus,</span> <span class='ocrx_word' id='word_1_138' title='bbox 831 1967 886 2011; x_wconf 90' lang='lat' dir='ltr'>qui</span> <span class='ocrx_word' id='word_1_139' title='bbox 913 1967 1054 2011; x_wconf 82' lang='lat' dir='ltr'>alioquin</span> <span class='ocrx_word' id='word_1_140' title='bbox 1078 1968 1105 1999; x_wconf 84' lang='lat' dir='ltr'>F</span> 
     </span>
     <span class='ocr_line' id='line_1_25' title="bbox 153 2029 1105 2075; baseline -0.003 -11"><span class='ocrx_word' id='word_1_141' title='bbox 153 2037 186 2064; x_wconf 77' lang='lat' dir='ltr'>ct</span> <span class='ocrx_word' id='word_1_142' title='bbox 209 2030 245 2067; x_wconf 87' lang='grc' dir='ltr'><strong><em>Φ</em></strong></span> <span class='ocrx_word' id='word_1_143' title='bbox 270 2030 436 2063; x_wconf 75' lang='lat' dir='ltr'>confundit</span> <span class='ocrx_word' id='word_1_144' title='bbox 457 2031 510 2075; x_wconf 77' lang='lat' dir='ltr'>(ef.</span> <span class='ocrx_word' id='word_1_145' title='bbox 537 2029 565 2075; x_wconf 83' lang='lat'>§.</span> <span class='ocrx_word' id='word_1_146' title='bbox 588 2031 661 2062; x_wconf 74' lang='lat'>240</span> <span class='ocrx_word' id='word_1_147' title='bbox 684 2029 777 2072; x_wconf 59' lang='lat' dir='ltr'>noh),</span> <span class='ocrx_word' id='word_1_148' title='bbox 811 2032 889 2062; x_wconf 77' lang='lat' dir='ltr'>»hoc</span> <span class='ocrx_word' id='word_1_149' title='bbox 911 2035 1033 2061; x_wconf 76' lang='lat' dir='ltr'>tamen«</span> <span class='ocrx_word' id='word_1_150' title='bbox 1059 2031 1105 2062; x_wconf 91' lang='lat' dir='ltr'>in-</span> 
     </span>
     <span class='ocr_line' id='line_1_26' title="bbox 154 2094 1105 2138; baseline -0.001 -12"><span class='ocrx_word' id='word_1_151' title='bbox 154 2095 222 2138; x_wconf 82' lang='lat' dir='ltr'>quit</span> <span class='ocrx_word' id='word_1_152' title='bbox 244 2094 342 2126; x_wconf 76' lang='lat' dir='ltr'>»scire</span> <span class='ocrx_word' id='word_1_153' title='bbox 363 2094 527 2134; x_wconf 80' lang='lat' dir='ltr'>debemus,</span> <span class='ocrx_word' id='word_1_154' title='bbox 552 2094 639 2137; x_wconf 86' lang='lat' dir='ltr'>quod</span> <span class='ocrx_word' id='word_1_155' title='bbox 660 2106 724 2125; x_wconf 82' lang='lat' dir='ltr'>non</span> <span class='ocrx_word' id='word_1_156' title='bbox 745 2094 821 2136; x_wconf 66' lang='lat' dir='ltr'>fisis</span> <span class='ocrx_word' id='word_1_157' title='bbox 843 2095 940 2125; x_wconf 71' lang='lat' dir='ltr'>labris</span> <span class='ocrx_word' id='word_1_158' title='bbox 964 2099 1013 2125; x_wconf 85' lang='lat' dir='ltr'>est</span> <span class='ocrx_word' id='word_1_159' title='bbox 1034 2105 1105 2137; x_wconf 89' lang='lat' dir='ltr'>pro-</span> 
     </span>
     <span class='ocr_line' id='line_1_27' title="bbox 154 2157 1106 2201; baseline 0 -13"><span class='ocrx_word' id='word_1_160' title='bbox 154 2157 332 2190; x_wconf 76' lang='lat' dir='ltr'>nuncianda</span> <span class='ocrx_word' id='word_1_161' title='bbox 350 2158 378 2189; x_wconf 85' lang='lat' dir='ltr'>F</span> <span class='ocrx_word' id='word_1_162' title='bbox 383 2180 393 2198; x_wconf 72' lang='lat'><em>9</em></span> <span class='ocrx_word' id='word_1_163' title='bbox 421 2157 583 2201; x_wconf 82' lang='lat' dir='ltr'>quomodo</span> <span class='ocrx_word' id='word_1_164' title='bbox 606 2158 634 2188; x_wconf 90' lang='lat' dir='ltr'>P</span> <span class='ocrx_word' id='word_1_165' title='bbox 661 2163 693 2189; x_wconf 89' lang='lat' dir='ltr'>et</span> <span class='ocrx_word' id='word_1_166' title='bbox 715 2158 765 2198; x_wconf 81' lang='lat' dir='ltr'>H,</span> <span class='ocrx_word' id='word_1_167' title='bbox 797 2161 890 2200; x_wconf 85' lang='lat' dir='ltr'>atque</span> <span class='ocrx_word' id='word_1_168' title='bbox 916 2158 976 2189; x_wconf 91' lang='lat' dir='ltr'>hoc</span> <span class='ocrx_word' id='word_1_169' title='bbox 1002 2157 1106 2188; x_wconf 86' lang='lat' dir='ltr'>solum</span> 
     </span>
     <span class='ocr_line' id='line_1_28' title="bbox 153 2218 1104 2263; baseline 0 -13"><span class='ocrx_word' id='word_1_170' title='bbox 153 2218 312 2251; x_wconf 54' lang='lat' dir='ltr'>inter-esta</span> <span class='ocrx_word' id='word_1_171' title='bbox 355 2218 477 2252; x_wconf 80' lang='lat' dir='ltr'>Confer</span> <span class='ocrx_word' id='word_1_172' title='bbox 497 2225 530 2251; x_wconf 76' lang='lat' dir='ltr'>et</span> <span class='ocrx_word' id='word_1_173' title='bbox 551 2219 739 2263; x_wconf 87' lang='lat' dir='ltr'>Scioppium</span> <span class='ocrx_word' id='word_1_174' title='bbox 761 2219 902 2263; x_wconf 83' lang='lat' dir='ltr'>(gramm.</span> <span class='ocrx_word' id='word_1_175' title='bbox 925 2218 1104 2263; x_wconf 82' lang='lat' dir='ltr'>philosoph.</span> 
     </span>
     <span class='ocr_line' id='line_1_29' title="bbox 156 2282 306 2325; baseline 0.013 -13"><span class='ocrx_word' id='word_1_176' title='bbox 156 2293 186 2324; x_wconf 83' lang='lat' dir='ltr'>p.</span> <span class='ocrx_word' id='word_1_177' title='bbox 210 2282 306 2325; x_wconf 78' lang='lat'>219).</span> 
     </span>
    </p>

    <p class='ocr_par' dir='ltr' id='par_1_16' title="bbox 156 2342 1106 2574">
     <span class='ocr_line' id='line_1_30' title="bbox 230 2342 1102 2388; baseline 0.001 -13"><span class='ocrx_word' id='word_1_178' title='bbox 230 2342 399 2388; x_wconf 76' lang='lat' dir='ltr'>dulcescit]</span> <span class='ocrx_word' id='word_1_179' title='bbox 431 2344 519 2386; x_wconf 81' lang='lat' dir='ltr'>Lege</span> <span class='ocrx_word' id='word_1_180' title='bbox 551 2346 730 2376; x_wconf 77' lang='lat' dir='ltr'>suem-escit.</span> <span class='ocrx_word' id='word_1_181' title='bbox 758 2344 884 2376; x_wconf 65' lang='lat' dir='ltr'>Voucx.</span> <span class='ocrx_word' id='word_1_182' title='bbox 908 2363 956 2368; x_wconf 92' lang='lat'>—</span> <span class='ocrx_word' id='word_1_183' title='bbox 1001 2345 1102 2377; x_wconf 82' lang='lat' dir='ltr'>Male!</span> 
     </span>
     <span class='ocr_line' id='line_1_31' title="bbox 156 2402 1104 2452; baseline 0.004 -16"><span class='ocrx_word' id='word_1_184' title='bbox 156 2402 274 2436; x_wconf 82' lang='lat' dir='ltr'>lterum</span> <span class='ocrx_word' id='word_1_185' title='bbox 298 2405 474 2450; x_wconf 81' lang='lat' dir='ltr'>iterumque</span> <span class='ocrx_word' id='word_1_186' title='bbox 496 2412 582 2450; x_wconf 77' lang='lat' dir='ltr'>patet</span> <span class='ocrx_word' id='word_1_187' title='bbox 604 2420 622 2440; x_wconf 85' lang='lat' dir='ltr'><strong>a</strong></span> <span class='ocrx_word' id='word_1_188' title='bbox 649 2408 758 2441; x_wconf 82' lang='lat' dir='ltr'>critico</span> <span class='ocrx_word' id='word_1_189' title='bbox 784 2407 977 2440; x_wconf 76' lang='lat' dir='ltr'>Martianum</span> <span class='ocrx_word' id='word_1_190' title='bbox 1000 2420 1104 2452; x_wconf 85' lang='lat' dir='ltr'>neque</span> 
     </span>
     <span class='ocr_line' id='line_1_32' title="bbox 157 2467 1106 2516; baseline 0.003 -17"><span class='ocrx_word' id='word_1_191' title='bbox 157 2467 290 2508; x_wconf 80' lang='lat' dir='ltr'>lectum,</span> <span class='ocrx_word' id='word_1_192' title='bbox 316 2481 420 2511; x_wconf 89' lang='lat' dir='ltr'>neque</span> <span class='ocrx_word' id='word_1_193' title='bbox 439 2469 635 2503; x_wconf 81' lang='lat' dir='ltr'>intellectum</span> <span class='ocrx_word' id='word_1_194' title='bbox 653 2483 734 2503; x_wconf 81' lang='lat' dir='ltr'>esse.</span> <span class='ocrx_word' id='word_1_195' title='bbox 760 2472 847 2504; x_wconf 77' lang='lat' dir='ltr'>Infra</span> <span class='ocrx_word' id='word_1_196' title='bbox 865 2472 949 2504; x_wconf 88' lang='lat' dir='ltr'>enim</span> <span class='ocrx_word' id='word_1_197' title='bbox 969 2471 1106 2516; x_wconf 75' lang='lat'>(§.271&gt;</span> 
     </span>
     <span class='ocr_line' id='line_1_33' title="bbox 158 2532 1105 2574; baseline 0.003 -12"><span class='ocrx_word' id='word_1_198' title='bbox 158 2538 268 2563; x_wconf 87' lang='lat' dir='ltr'>noster</span> <span class='ocrx_word' id='word_1_199' title='bbox 288 2537 431 2563; x_wconf 79' lang='lat' dir='ltr'>naturam</span> <span class='ocrx_word' id='word_1_200' title='bbox 447 2532 609 2565; x_wconf 84' lang='lat' dir='ltr'>literarum</span> <span class='ocrx_word' id='word_1_201' title='bbox 628 2534 656 2566; x_wconf 91' lang='lat' dir='ltr'>L</span> <span class='ocrx_word' id='word_1_202' title='bbox 677 2541 709 2567; x_wconf 82' lang='lat' dir='ltr'>et</span> <span class='ocrx_word' id='word_1_203' title='bbox 722 2536 754 2567; x_wconf 82' lang='lat' dir='ltr'><strong>R</strong></span> <span class='ocrx_word' id='word_1_204' title='bbox 771 2537 896 2568; x_wconf 84' lang='lat' dir='ltr'>mollem</span> <span class='ocrx_word' id='word_1_205' title='bbox 913 2547 983 2567; x_wconf 84' lang='lat' dir='ltr'>esse</span> <span class='ocrx_word' id='word_1_206' title='bbox 1002 2536 1105 2574; x_wconf 66' lang='lat' dir='ltr'>docet,</span> 
     </span>
    </p>
   </div>
   <div class='ocr_carea' id='block_1_6' title="bbox 158 2593 1104 2644">
    <p class='ocr_par' dir='ltr' id='par_1_17' title="bbox 158 2593 1104 2644">
     <span class='ocr_line' id='line_1_34' title="bbox 158 2593 1104 2644; baseline 0.004 -19"><span class='ocrx_word' id='word_1_207' title='bbox 158 2600 189 2626; x_wconf 80' lang='lat' dir='ltr'>et</span> <span class='ocrx_word' id='word_1_208' title='bbox 208 2606 302 2640; x_wconf 75' lang='lat' dir='ltr'>supra</span> <span class='ocrx_word' id='word_1_209' title='bbox 321 2593 361 2640; x_wconf 63' lang='grc' dir='ltr'>(ξ</span> <span class='ocrx_word' id='word_1_210' title='bbox 371 2595 457 2640; x_wconf 77' lang='lat'>241)</span> <span class='ocrx_word' id='word_1_211' title='bbox 474 2596 597 2629; x_wconf 81' lang='lat' dir='ltr'>literam</span> <span class='ocrx_word' id='word_1_212' title='bbox 617 2597 644 2629; x_wconf 91' lang='lat' dir='ltr'>L</span> <span class='ocrx_word' id='word_1_213' title='bbox 665 2598 778 2631; x_wconf 78' lang='lat' dir='ltr'>leniter</span> <span class='ocrx_word' id='word_1_214' title='bbox 795 2610 907 2631; x_wconf 78' lang='lat' dir='ltr'>sonare</span> <span class='ocrx_word' id='word_1_215' title='bbox 926 2598 1104 2644; x_wconf 73' lang='lat' dir='ltr'>scripserat,</span> 
     </span>
    </p>
   </div>
   <div class='ocr_carea' id='block_1_7' title="bbox 1156 1533 2108 1580">
    <p class='ocr_par' dir='ltr' id='par_1_18' title="bbox 1156 1533 2108 1580">
     <span class='ocr_line' id='line_1_35' title="bbox 1156 1533 2108 1580; baseline 0.006 -16"><span class='ocrx_word' id='word_1_216' title='bbox 1156 1533 1219 1565; x_wconf 85' lang='lat' dir='ltr'>nisi</span> <span class='ocrx_word' id='word_1_217' title='bbox 1248 1534 1277 1565; x_wconf 84' lang='lat' dir='ltr'>ei</span> <span class='ocrx_word' id='word_1_218' title='bbox 1299 1535 1495 1579; x_wconf 76' lang='lat' dir='ltr'>praeferatur</span> <span class='ocrx_word' id='word_1_219' title='bbox 1517 1547 1579 1567; x_wconf 82' lang='lat' dir='ltr'>una</span> <span class='ocrx_word' id='word_1_220' title='bbox 1605 1547 1622 1568; x_wconf 90' lang='lat' dir='ltr'>e</span> <span class='ocrx_word' id='word_1_221' title='bbox 1655 1542 1792 1580; x_wconf 78' lang='lat' dir='ltr'>quatuor</span> <span class='ocrx_word' id='word_1_222' title='bbox 1818 1536 1919 1569; x_wconf 78' lang='lat' dir='ltr'>literis</span> <span class='ocrx_word' id='word_1_223' title='bbox 1946 1537 1983 1570; x_wconf 94' lang='lat' dir='ltr'>P.</span> <span class='ocrx_word' id='word_1_224' title='bbox 2008 1537 2048 1571; x_wconf 89' lang='lat' dir='ltr'>G.</span> <span class='ocrx_word' id='word_1_225' title='bbox 2071 1537 2108 1571; x_wconf 85' lang='lat' dir='ltr'>C.</span> 
     </span>
    </p>
   </div>
   <div class='ocr_carea' id='block_1_8' title="bbox 1156 1596 1265 1628">
    <p class='ocr_par' dir='ltr' id='par_1_19' title="bbox 1156 1596 1265 1628">
     <span class='ocr_line' id='line_1_36' title="bbox 1156 1596 1265 1628; baseline -0.009 0"><span class='ocrx_word' id='word_1_226' title='bbox 1156 1597 1208 1628; x_wconf 87' lang='lat' dir='ltr'>vel</span> <span class='ocrx_word' id='word_1_227' title='bbox 1228 1596 1265 1628; x_wconf 85' lang='lat' dir='ltr'>F.</span> 
     </span>
    </p>
   </div>
   <div class='ocr_carea' id='block_1_9' title="bbox 1157 1671 2111 2031">
    <p class='ocr_par' dir='ltr' id='par_1_20' title="bbox 1157 1671 2111 2031">
     <span class='ocr_line' id='line_1_37' title="bbox 1228 1671 2109 1720; baseline 0.006 -17"><span class='ocrx_word' id='word_1_228' title='bbox 1228 1671 1387 1718; x_wconf 79' lang='lat' dir='ltr'>spiritum]</span> <span class='ocrx_word' id='word_1_229' title='bbox 1402 1673 1489 1715; x_wconf 81' lang='lat' dir='ltr'>Lege</span> <span class='ocrx_word' id='word_1_230' title='bbox 1501 1676 1618 1717; x_wconf 76' lang='lat' dir='ltr'>spiritu</span> <span class='ocrx_word' id='word_1_231' title='bbox 1634 1679 1666 1705; x_wconf 78' lang='lat' dir='ltr'>et</span> <span class='ocrx_word' id='word_1_232' title='bbox 1681 1674 1714 1705; x_wconf 89' lang='lat' dir='ltr'>in</span> <span class='ocrx_word' id='word_1_233' title='bbox 1726 1676 1843 1718; x_wconf 78' lang='lat' dir='ltr'>spiritu</span> <span class='ocrx_word' id='word_1_234' title='bbox 1855 1676 2109 1720; x_wconf 57' lang='lat' dir='ltr'>linqua.Vox·cx.</span> 
     </span>
     <span class='ocr_line' id='line_1_38' title="bbox 1157 1735 2109 1782; baseline 0.004 -16"><span class='ocrx_word' id='word_1_235' title='bbox 1157 1735 1219 1779; x_wconf 82' lang='lat' dir='ltr'>(sp.</span> <span class='ocrx_word' id='word_1_236' title='bbox 1237 1735 1304 1767; x_wconf 85' lang='lat' dir='ltr'>erit.</span> <span class='ocrx_word' id='word_1_237' title='bbox 1325 1736 1409 1779; x_wconf 72' lang='lat'>148)</span> <span class='ocrx_word' id='word_1_238' title='bbox 1422 1755 1470 1760; x_wconf 78' lang='lat'>—</span> <span class='ocrx_word' id='word_1_239' title='bbox 1490 1736 1699 1769; x_wconf 84' lang='lat' dir='ltr'>Correetione</span> <span class='ocrx_word' id='word_1_240' title='bbox 1722 1749 1787 1769; x_wconf 88' lang='lat' dir='ltr'>non</span> <span class='ocrx_word' id='word_1_241' title='bbox 1808 1749 1888 1782; x_wconf 82' lang='lat' dir='ltr'>opus</span> <span class='ocrx_word' id='word_1_242' title='bbox 1908 1745 1991 1779; x_wconf 80' lang='lat' dir='ltr'>erat,</span> <span class='ocrx_word' id='word_1_243' title='bbox 2013 1739 2109 1771; x_wconf 85' lang='lat' dir='ltr'>modo</span> 
     </span>
     <span class='ocr_line' id='line_1_39' title="bbox 1157 1799 2109 1846; baseline 0.003 -15"><span class='ocrx_word' id='word_1_244' title='bbox 1157 1799 1285 1831; x_wconf 76' lang='lat' dir='ltr'>criticus</span> <span class='ocrx_word' id='word_1_245' title='bbox 1312 1800 1418 1831; x_wconf 70' lang='lat' dir='ltr'>verbis</span> <span class='ocrx_word' id='word_1_246' title='bbox 1441 1806 1527 1833; x_wconf 80' lang='lat' dir='ltr'>reete</span> <span class='ocrx_word' id='word_1_247' title='bbox 1551 1801 1774 1833; x_wconf 82' lang='lat' dir='ltr'>construendis</span> <span class='ocrx_word' id='word_1_248' title='bbox 1796 1813 1854 1846; x_wconf 79' lang='lat' dir='ltr'>par</span> <span class='ocrx_word' id='word_1_249' title='bbox 1879 1802 2007 1834; x_wconf 77' lang='lat' dir='ltr'>fuisset:</span> <span class='ocrx_word' id='word_1_250' title='bbox 2027 1802 2109 1834; x_wconf 85' lang='lat' dir='ltr'>scili·</span> 
     </span>
     <span class='ocr_line' id='line_1_40' title="bbox 1157 1864 2109 1910; baseline 0.002 -16"><span class='ocrx_word' id='word_1_251' title='bbox 1157 1868 1208 1894; x_wconf 82' lang='lat' dir='ltr'>cet</span> <span class='ocrx_word' id='word_1_252' title='bbox 1232 1864 1281 1894; x_wconf 82' lang='lat' dir='ltr'>»R</span> <span class='ocrx_word' id='word_1_253' title='bbox 1305 1864 1496 1904; x_wconf 73' lang='lat' dir='ltr'>corraditur,</span> <span class='ocrx_word' id='word_1_254' title='bbox 1522 1865 1630 1906; x_wconf 79' lang='lat' dir='ltr'>lingua</span> <span class='ocrx_word' id='word_1_255' title='bbox 1653 1865 1810 1908; x_wconf 77' lang='lat' dir='ltr'>crispante</span> <span class='ocrx_word' id='word_1_256' title='bbox 1829 1866 2002 1910; x_wconf 80' lang='lat' dir='ltr'>spiritum.·‹</span> <span class='ocrx_word' id='word_1_257' title='bbox 2035 1866 2109 1897; x_wconf 80' lang='lat' dir='ltr'>Pla-</span> 
     </span>
     <span class='ocr_line' id='line_1_41' title="bbox 1157 1924 2109 1971; baseline 0.002 -16"><span class='ocrx_word' id='word_1_258' title='bbox 1157 1930 1265 1955; x_wconf 87' lang='lat' dir='ltr'>tonem</span> <span class='ocrx_word' id='word_1_259' title='bbox 1290 1924 1342 1968; x_wconf 91' lang='lat' dir='ltr'>(in</span> <span class='ocrx_word' id='word_1_260' title='bbox 1369 1924 1458 1957; x_wconf 79' lang='lat' dir='ltr'>Crat.</span> <span class='ocrx_word' id='word_1_261' title='bbox 1483 1937 1512 1969; x_wconf 87' lang='lat' dir='ltr'>p.</span> <span class='ocrx_word' id='word_1_262' title='bbox 1531 1926 1604 1958; x_wconf 73' lang='lat'>426</span> <span class='ocrx_word' id='word_1_263' title='bbox 1627 1927 1647 1957; x_wconf 82' lang='lat' dir='ltr'>f.</span> <span class='ocrx_word' id='word_1_264' title='bbox 1669 1925 1801 1970; x_wconf 81' lang='lat' dir='ltr'>steph.)</span> <span class='ocrx_word' id='word_1_265' title='bbox 1822 1928 1929 1959; x_wconf 80' lang='lat' dir='ltr'>forsan</span> <span class='ocrx_word' id='word_1_266' title='bbox 1957 1927 2109 1971; x_wconf 63' lang='lat' dir='ltr'>respexit,</span> 
     </span>
     <span class='ocr_line' id='line_1_42' title="bbox 1157 1985 2111 2031; baseline 0.003 -15"><span class='ocrx_word' id='word_1_267' title='bbox 1157 1985 1212 2028; x_wconf 87' lang='lat' dir='ltr'>qui</span> <span class='ocrx_word' id='word_1_268' title='bbox 1231 1985 1354 2016; x_wconf 84' lang='lat' dir='ltr'>dixerat</span> <span class='ocrx_word' id='word_1_269' title='bbox 1375 1985 1531 2028; x_wconf 80' lang='lat' dir='ltr'>»linguam</span> <span class='ocrx_word' id='word_1_270' title='bbox 1549 1987 1582 2018; x_wconf 90' lang='lat' dir='ltr'>in</span> <span class='ocrx_word' id='word_1_271' title='bbox 1599 1987 1838 2031; x_wconf 80' lang='lat' dir='ltr'>pronuncianda</span> <span class='ocrx_word' id='word_1_272' title='bbox 1857 1991 1916 2022; x_wconf 79' lang='lat' dir='ltr'>hac</span> <span class='ocrx_word' id='word_1_273' title='bbox 1935 1989 2027 2021; x_wconf 78' lang='lat' dir='ltr'>litera</span> <span class='ocrx_word' id='word_1_274' title='bbox 2047 2000 2111 2021; x_wconf 79' lang='lat' dir='ltr'>mm</span> 
     </span>
    </p>
   </div>
   <div class='ocr_carea' id='block_1_10' title="bbox 1158 2049 1778 2094">
    <p class='ocr_par' dir='ltr' id='par_1_21' title="bbox 1158 2049 1778 2094">
     <span class='ocr_line' id='line_1_43' title="bbox 1158 2049 1778 2094; baseline 0 -14"><span class='ocrx_word' id='word_1_275' title='bbox 1158 2050 1335 2089; x_wconf 74' lang='lat' dir='ltr'>immorari,</span> <span class='ocrx_word' id='word_1_276' title='bbox 1363 2049 1440 2092; x_wconf 87' lang='lat' dir='ltr'>quin</span> <span class='ocrx_word' id='word_1_277' title='bbox 1466 2052 1573 2094; x_wconf 75' lang='lat' dir='ltr'>polius</span> <span class='ocrx_word' id='word_1_278' title='bbox 1598 2053 1778 2083; x_wconf 74' lang='lat' dir='ltr'>concitari.-</span> 
     </span>
    </p>
   </div>
   <div class='ocr_carea' id='block_1_11' title="bbox 1156 2133 2107 2432">
    <p class='ocr_par' dir='ltr' id='par_1_22' title="bbox 1156 2133 2107 2432">
     <span class='ocr_line' id='line_1_44' title="bbox 1231 2133 2107 2181; baseline 0.003 -15"><span class='ocrx_word' id='word_1_279' title='bbox 1231 2133 1429 2181; x_wconf 74' lang='lat' dir='ltr'>extmditur]</span> <span class='ocrx_word' id='word_1_280' title='bbox 1454 2135 1568 2169; x_wconf 74' lang='lat' dir='ltr'>Variat</span> <span class='ocrx_word' id='word_1_281' title='bbox 1589 2136 1641 2168; x_wconf 87' lang='lat' dir='ltr'>hie</span> <span class='ocrx_word' id='word_1_282' title='bbox 1660 2136 1771 2168; x_wconf 85' lang='lat' dir='ltr'>lectio:</span> <span class='ocrx_word' id='word_1_283' title='bbox 1790 2136 1823 2168; x_wconf 87' lang='lat' dir='ltr'>in</span> <span class='ocrx_word' id='word_1_284' title='bbox 1848 2136 1942 2168; x_wconf 86' lang='lat' dir='ltr'>editis</span> <span class='ocrx_word' id='word_1_285' title='bbox 1962 2136 2044 2169; x_wconf 76' lang='lat' dir='ltr'>male</span> <span class='ocrx_word' id='word_1_286' title='bbox 2065 2137 2107 2168; x_wconf 86' lang='lat' dir='ltr'>le-</span> 
     </span>
     <span class='ocr_line' id='line_1_45' title="bbox 1156 2195 2106 2240; baseline 0.003 -14"><span class='ocrx_word' id='word_1_287' title='bbox 1156 2195 1240 2237; x_wconf 85' lang='lat' dir='ltr'>gitur</span> <span class='ocrx_word' id='word_1_288' title='bbox 1268 2197 1457 2237; x_wconf 62' lang='lat' dir='ltr'>excudam-3</span> <span class='ocrx_word' id='word_1_289' title='bbox 1492 2197 1549 2229; x_wconf 87' lang='lat' dir='ltr'>sed</span> <span class='ocrx_word' id='word_1_290' title='bbox 1573 2197 1613 2229; x_wconf 83' lang='lat' dir='ltr'>ad</span> <span class='ocrx_word' id='word_1_291' title='bbox 1638 2198 1812 2240; x_wconf 85' lang='lat' dir='ltr'>marginem</span> <span class='ocrx_word' id='word_1_292' title='bbox 1833 2203 1977 2231; x_wconf 77' lang='lat' dir='ltr'>notatum</span> <span class='ocrx_word' id='word_1_293' title='bbox 1998 2205 2106 2230; x_wconf 68' lang='lat' dir='ltr'>extru-</span> 
     </span>
     <span class='ocr_line' id='line_1_46' title="bbox 1156 2260 2106 2305; baseline 0 -15"><span class='ocrx_word' id='word_1_294' title='bbox 1156 2260 1261 2297; x_wconf 80' lang='lat' dir='ltr'>ditur,</span> <span class='ocrx_word' id='word_1_295' title='bbox 1286 2260 1373 2303; x_wconf 87' lang='lat' dir='ltr'>quod</span> <span class='ocrx_word' id='word_1_296' title='bbox 1399 2260 1514 2303; x_wconf 85' lang='lat' dir='ltr'>recepi.</span> <span class='ocrx_word' id='word_1_297' title='bbox 1557 2260 1597 2292; x_wconf 85' lang='lat' dir='ltr'>In</span> <span class='ocrx_word' id='word_1_298' title='bbox 1622 2261 1810 2294; x_wconf 81' lang='lat' dir='ltr'>Monacensi</span> <span class='ocrx_word' id='word_1_299' title='bbox 1837 2262 1973 2305; x_wconf 85' lang='lat' dir='ltr'>denique</span> <span class='ocrx_word' id='word_1_300' title='bbox 2000 2262 2053 2303; x_wconf 89' lang='lat' dir='ltr'>(C)</span> <span class='ocrx_word' id='word_1_301' title='bbox 2075 2263 2106 2290; x_wconf 79' lang='lat' dir='ltr'>et</span> 
     </span>
     <span class='ocr_line' id='line_1_47' title="bbox 1156 2322 2105 2364; baseline 0.001 -12"><span class='ocrx_word' id='word_1_302' title='bbox 1156 2322 1404 2354; x_wconf 74' lang='lat' dir='ltr'>Darmstattensi</span> <span class='ocrx_word' id='word_1_303' title='bbox 1433 2323 1596 2356; x_wconf 86' lang='lat' dir='ltr'>codicibus</span> <span class='ocrx_word' id='word_1_304' title='bbox 1621 2324 1789 2356; x_wconf 78' lang='lat' dir='ltr'>exhibetur</span> <span class='ocrx_word' id='word_1_305' title='bbox 1808 2325 1994 2361; x_wconf 76' lang='lat' dir='ltr'>extuditur,</span> <span class='ocrx_word' id='word_1_306' title='bbox 2021 2322 2105 2364; x_wconf 81' lang='lat' dir='ltr'>quod</span> 
     </span>
     <span class='ocr_line' id='line_1_48' title="bbox 1156 2383 2103 2432; baseline -0.002 -16"><span class='ocrx_word' id='word_1_307' title='bbox 1156 2385 1409 2428; x_wconf 80' lang='lat' dir='ltr'>substituissem,</span> <span class='ocrx_word' id='word_1_308' title='bbox 1441 2386 1468 2418; x_wconf 90' lang='lat' dir='ltr'>si</span> <span class='ocrx_word' id='word_1_309' title='bbox 1492 2386 1609 2419; x_wconf 77' lang='lat' dir='ltr'>lineola</span> <span class='ocrx_word' id='word_1_310' title='bbox 1634 2387 1878 2432; x_wconf 83' lang='lat' dir='ltr'>superimposita</span> <span class='ocrx_word' id='word_1_311' title='bbox 1899 2385 2005 2430; x_wconf 80' lang='lat' dir='ltr'>potius</span> <span class='ocrx_word' id='word_1_312' title='bbox 2035 2383 2103 2415; x_wconf 84' lang='lat' dir='ltr'>red-</span> 
     </span>
    </p>
   </div>
   <div class='ocr_carea' id='block_1_12' title="bbox 1155 2448 1615 2482">
    <p class='ocr_par' dir='ltr' id='par_1_23' title="bbox 1155 2448 1615 2482">
     <span class='ocr_line' id='line_1_49' title="bbox 1155 2448 1615 2482; baseline 0.002 -2"><span class='ocrx_word' id='word_1_313' title='bbox 1155 2448 1255 2480; x_wconf 77' lang='lat' dir='ltr'>ditum</span> <span class='ocrx_word' id='word_1_314' title='bbox 1278 2449 1394 2481; x_wconf 80' lang='lat' dir='ltr'>fuisset</span> <span class='ocrx_word' id='word_1_315' title='bbox 1415 2451 1615 2482; x_wconf 70' lang='lat' dir='ltr'>extunditur.</span> 
     </span>
    </p>
   </div>
   <div class='ocr_carea' id='block_1_13' title="bbox 1157 2528 2104 2641">
    <p class='ocr_par' dir='ltr' id='par_1_24' title="bbox 1157 2528 2104 2641">
     <span class='ocr_line' id='line_1_50' title="bbox 1229 2528 2104 2580; baseline -0.006 -14"><span class='ocrx_word' id='word_1_316' title='bbox 1229 2532 1430 2580; x_wconf 73' lang='lat' dir='ltr'>prominulis]</span> <span class='ocrx_word' id='word_1_317' title='bbox 1453 2535 1502 2567; x_wconf 74' lang='lat' dir='ltr'>lta</span> <span class='ocrx_word' id='word_1_318' title='bbox 1526 2535 1559 2567; x_wconf 86' lang='lat' dir='ltr'>in</span> <span class='ocrx_word' id='word_1_319' title='bbox 1586 2535 1749 2567; x_wconf 84' lang='lat' dir='ltr'>codicibus</span> <span class='ocrx_word' id='word_1_320' title='bbox 1772 2528 1999 2574; x_wconf 75' lang='lat' dir='ltr'>antiquissimis</span> <span class='ocrx_word' id='word_1_321' title='bbox 2022 2529 2104 2573; x_wconf 80' lang='lat' dir='ltr'>(Ou-</span> 
     </span>
     <span class='ocr_line' id='line_1_51' title="bbox 1157 2591 2103 2641; baseline -0.005 -13"><span class='ocrx_word' id='word_1_322' title='bbox 1157 2596 1249 2628; x_wconf 84' lang='lat' dir='ltr'>dend.</span> <span class='ocrx_word' id='word_1_323' title='bbox 1268 2596 1307 2628; x_wconf 80' lang='lat' dir='ltr'>ad</span> <span class='ocrx_word' id='word_1_324' title='bbox 1326 2596 1447 2641; x_wconf 73' lang='lat' dir='ltr'>Appul.</span> <span class='ocrx_word' id='word_1_325' title='bbox 1469 2596 1496 2629; x_wconf 88' lang='lat' dir='ltr'>I.</span> <span class='ocrx_word' id='word_1_326' title='bbox 1516 2609 1549 2640; x_wconf 81' lang='lat' dir='ltr'>p.</span> <span class='ocrx_word' id='word_1_327' title='bbox 1566 2594 1665 2637; x_wconf 68' lang='lat'><strong>142),</strong></span> <span class='ocrx_word' id='word_1_328' title='bbox 1690 2594 1722 2626; x_wconf 85' lang='lat' dir='ltr'>in</span> <span class='ocrx_word' id='word_1_329' title='bbox 1747 2591 1992 2625; x_wconf 62' lang='lat' dir='ltr'>Dan-uistatteusi</span> <span class='ocrx_word' id='word_1_330' title='bbox 2010 2591 2103 2624; x_wconf 74' lang='lat' dir='ltr'>etiam</span> 
     </span>
    </p>
   </div>
  </div>
 </body>
</html>
