2310 2860
731 167 929 211 Martiani
967 167 1166 225 Capellae
1202 167 1275 210 lib.
1298 167 1329 209 I.
1367 169 1398 220 §-
1419 168 1497 212 54.

141 273 283 324 otalis,
333 287 381 315 ac
419 273 645 326 Neverita,
691 283 826 331 tuque
867 275 1004 316 Conse
1049 289 1101 316 ex

138 404 285 445 Ruralis,
301 404 512 450 Compitales,
528 405 743 447 Domesticos,
766 407 821 450 qui
838 412 870 437 ct
889 406 1087 447 Familiares,

139 467 341 508 Grundules,
366 469 530 510 Hostiles,
553 470 726 510 Militares,
748 470 965 511 Permarin0s‚
990 471 1087 503 Prae-

137 529 250 571 stites,
277 530 454 572 Publicos,
482 531 664 573 Salutares,
687 531 817 572 Vides,
845 532 902 564 sed
924 532 1018 563 etiam
1041 532 1088 564 in-

138 603 289 624 numeros
313 593 433 625 Genios
457 594 548 625 fictos
579 594 678 625 fuisse
709 600 820 625 notum
848 599 916 635 est,
946 594 1025 626 adeo
1054 600 1089 626 ut

137 653 335 686 Prudentius
363 654 401 698 (e.
422 655 543 698 Symm.
558 656 592 696 2,
616 655 704 700 444)
733 656 903 689 scriberet:

188 733 236 740 ·-
247 729 438 749 ——ncur
454 718 594 750 Genium
606 718 726 749 Romae
742 719 821 749 mihi
834 718 955 761 finffl'lfs
974 730 1089 755 mmm,

188 777 298 821 Quum
310 780 430 822 portis,
443 780 606 819 domibus,
623 781 772 820 thermis,
787 781 941 819 stabulis,
961 781 1089 812 soleatis

186 840 374 884 Adsiqnare
399 853 475 872 snos
500 841 639 873 Genios.-
661 854 782 889 perque
814 844 920 874 omnia
949 843 1090 874 membra

193 900 306 940 Urbis,
330 914 452 950 perque
475 903 576 943 locos,
611 904 788 935 Geniorum
811 905 910 936 millia
940 905 1041 936 multu

187 964 348 1009 Finyere‚
388 978 429 1001 ne
459 969 590 1010 propria
622 973 713 999 vacet
751 969 891 1012 angulus
925 968 1010 999 ullus
1052 969 1091 999 ab

541 1029 653 1061 umbra
663 1030 695 1059 1¹«

136 1086 194 1120 Sic
212 1086 346 1121 Servius
369 1091 422 1133 (ad
441 1090 525 1123 Aen.
546 1094 579 1132 5,
608 1093 656 1124 83
682 1098 714 1124 et
732 1093 811 1136 93)=
843 1093 979 1126 »Nullus
1008 1091 1092 1124 enim

136 1150 229 1182 locus
250 1152 318 1184 sine
338 1153 443 1186 Genio
466 1160 534 1186 est«
559 1161 592 1186 et
608 1156 741 1188 Festus:
760 1155 858 1197 millii,
885 1156 1000 1200 inquit,
1026 1156 1092 1188 Ge-

138 1212 225 1244 nium
250 1226 323 1247 esse
347 1221 540 1259 putaverunt
571 1217 666 1249 unius
696 1218 850 1262 cujusque
874 1218 938 1250 loci
964 1218 1087 1250 denum

139 1276 343 1319 Quibuscum
367 1280 551 1323 conspirant
569 1281 663 1312 etiam
681 1288 896 1323 monumenta,
921 1282 955 1314 in
978 1282 1094 1326 quibus

140 1337 309 1370 multifaria
341 1339 434 1371 obvia
477 1347 552 1372 sunt
586 1354 703 1383 genera
736 1343 931 1384 Geniorum,
983 1350 1095 1387 utpote

139 1398 345 1440 Aeta-nans,
376 1401 479 1441 Boni,
516 1402 620 1433 Caelii
649 1404 784 1444 montis,
817 1404 1012 1445 Centuriae,
1041 1405 1095 1437 Ci-
1122 1396 1129 1398 Π

140 1459 266 1501 vitatis,
307 1461 478 1502 Cohortis,
521 1463 698 1504 Coloniae,
738 1465 927 1506 Exercitus,
970 1466 1096 1507 Fontis,

141 1519 387 1563 Gubernatoris,
410 1522 588 1564 Historiae,
615 1523 827 1565 Horreorum,
853 1527 1009 1566 Jovialis,
1039 1527 1097 1558 Jo-

139 1583 206 1625 vis,
237 1584 332 1617 «Iovis
364 1584 488 1628 Stygii,
523 1586 685 1625 alimonis,
716 1587 836 1618 Larum
864 1588 1098 1629 Augustorum,

140 1647 233 1689 Loci,
256 1648 379 1688 Magni,
402 1647 580 1690 Mlmieipii,
605 1647 755 1686 Paciferi,
783 1648 950 1687 Plutonis,
968 1649 1099 1691 Populi,

143 1710 270 1755 Priapi,
288 1709 470 1753 Principis,
493 1709 646 1749 Publici,
664 1710 803 1741 Romani
824 1710 952 1754 populi,
976 1710 1100 1751 Sancti,

144 1773 305 1813 Senatus,
329 1771 461 1812 Somni,
493 1772 644 1813 Theatri,
672 1773 932 1820 Themin-orum,
955 1774 1102 1806 Viarum.

145 1836 232 1870 Vide
260 1836 375 1878 igitur,
407 1847 448 1868 an
474 1835 642 1868 Cunctalis
665 1837 731 1868 Lar
756 1837 865 1868 forsan
887 1836 942 1868 illc
970 1836 1011 1867 sit
1037 1836 1115 1869 Gv‘

146 1900 219 1932 nius
249 1899 489 1942 antiquissimus
523 1911 541 1932 a
564 1900 712 1931 Varrone
734 1900 796 1942 (ap.
815 1898 988 1940 Augustin.
1010 1900 1043 1939 7,
1067 1896 1103 1940 5)

146 1964 230 1996 inter
262 1962 340 1995 deos
375 1963 513 1995 selectos
547 1962 684 2003 relatus,
712 1963 768 2006 qui
800 1962 834 1993 in
866 1962 982 2006 lapidis
1010 1963 1105 1994 etiam

147 2028 240 2060 titulo
264 2026 327 2071 (ap.
350 2026 481 2058 Reines.
496 2039 530 2070 p.
551 2027 633 2059 185.
661 2026 745 2069 165)
774 2026 902 2058 nomine
934 2026 1032 2059 Genii
1055 2027 1106 2058 dei

148 2090 327 2129 decoratur,
352 2094 384 2120 et
408 2101 504 2132 quem
526 2088 743 2132 praepositum
768 2100 840 2120 esse
864 2089 1047 2120 statuebant
1068 2100 1104 2120 ae

149 2154 212 2186 vim
230 2153 347 2185 hahere
374 2153 516 2184 omnium
538 2164 648 2183 rerum
666 2150 1103 2195 qiqwzevzd11tvcvn(Augustin-

151 2218 185 2256 7,
209 2213 278 2259 15).
305 2214 472 2247 Cunctalz's
493 2213 577 2246 enim
598 2225 616 2245 a
641 2219 777 2246 cunctus
799 2213 1022 2254 derivandum,
1040 2224 1106 2245 non

153 2291 171 2311 a
198 2279 352 2311 cunctari.

227 2354 266 2374 ae
283 2339 454 2386 Neverita]
481 2341 552 2373 Dea
569 2340 692 2372 timoris
711 2340 762 2373 vel
778 2341 985 2373 reverentIac.
1000 2341 1103 2374 Vnm.

157 2421 203 2426 —
224 2402 292 2434 Alii
313 2403 458 2447 plerique
480 2402 554 2434 libri
576 2403 703 2435 lVerita.
738 2403 863 2434 Forsan
890 2404 1017 2434 [Verium
1046 2413 1105 2447 pro

156 2465 275 2504 Nerio,
305 2470 341 2495 ut
374 2464 501 2497 Gellius
531 2464 554 2496 l.
587 2466 642 2497 15.
672 2476 698 2496 c.
722 2465 788 2506 21,
820 2464 871 2496 vel
898 2466 1022 2496 Nerine
1048 2476 1106 2507 pro

157 2526 332 2564 Nereides,
355 2531 391 2556 ut
419 2531 596 2569 opportune
614 2526 765 2570 Neptuno
783 2527 968 2568 jungantur.
987 2526 1106 2558 Glossa

158 2594 263 2620 tamen
279 2587 462 2628 »Neveritm
482 2587 676 2620 reverentiae
700 2588 787 2620 dea.«
805 2588 909 2622 Gnow.
921 2607 967 2613 -
987 2588 1106 2621 Glossa

2026 171 2087 213 99

1149 274 1314 316 decima
1358 274 1621 315 convenistis.

1138 405 1309 437 lectionem
1322 405 1479 437 Neverila
1497 406 1621 437 firmare
1637 406 1768 439 videtur.
1782 406 1940 441 Gonz.—-
1951 406 2022 441 Sed
2036 421 2091 442 no-

1139 480 1212 500 rnen
1238 468 1419 499 inauditnm*
1439 481 1540 511 neque
1569 468 1672 509 idem,
1693 471 1779 513 quod
1798 472 1994 504 reverentia!
2020 471 2091 504 Au-

1140 531 1284 564 daciores
1302 544 1397 576 quam
1417 544 1488 574 ego,
1510 544 1575 577 ,pro
1589 533 1745 567 ,IVeuerz'ta
1761 536 1893 567 sortasse
1908 537 2094 567 Reum-itam.

1141 593 1401 634 substituissent-3.
1428 600 1460 625 et
1479 594 1541 625 tale
1563 594 1638 638 quid
1650 595 1718 637 jam
1741 596 1919 629 Vulcanius
1937 597 1970 629 iu
1987 603 2094 629 mente

1140 657 1291 689 habuisse
1315 658 1448 689 videtur.
1476 657 1544 690 Nec
1568 658 1662 690 (lcum
1687 665 1810 691 tantum
1833 660 1972 692 Timoris
1994 660 2094 692 fuisse

1140 719 1296 760 Virgilius
1321 718 1419 763 (Aen.
1445 720 1486 760 9,
1513 719 1615 763 719),
1646 720 1843 753 Claudianus
1875 721 1922 765 (in
1952 722 2028 753 Ruf.
2055 722 2093 761 1,

1141 781 1203 825 54)
1220 788 1251 813 ct
1269 782 1471 824 Augustinus
1489 783 1593 826 (epist.
1609 783 1671 826 44)
1693 789 1858 824 testantur,
1879 796 1974 828 quem
1993 785 2093 816 Laee-

1142 846 1327 877 daemonios
1355 846 1493 879 coluisse
1522 847 1716 879 Plutarchus
1736 848 1783 891 (in
1805 848 1928 880 Cleom.
1955 861 1986 891 p.
2007 848 2095 887 808)

1143 907 1254 947 docet,
1284 908 1340 939 sed
1366 908 1509 940 seminini
1528 908 1623 940 ctiam
1649 910 1773 950 generis
1797 909 1889 941 (leam
1908 909 2096 941 Paventium

1143 972 1226 1014 apud
1243 970 1460 1012 Augustinum
1479 971 1550 1015 (civ.
1573 972 1624 1004 dei
1647 973 1688 1012 4,
1715 973 1774 1016 11)
1791 973 1944 1005 Invenio-u
1973 973 2096 1015 Quum-

1144 1045 1206 1076 que
1230 1033 1423 1064 Plutarchus
1451 1034 1628 1074 monuerit,
1664 1033 1718 1065 ubi
1752 1040 1889 1074 metum,
1929 1033 1974 1064 ibi
2003 1033 2097 1065 etiam

1144 1098 1359 1128 rever-enham
1379 1108 1468 1136 esse,
1496 1104 1528 1128 ct
1551 1097 1684 1128 Servius
1703 1096 1755 1143 (ad
1771 1096 1854 1128 Aen.
1873 1098 1906 1137 7,
1930 1097 2019 1140 527)
2036 1102 2097 1127 tra-

1145 1158 1260 1190 diderit
1276 1159 1524 1190 ·›Venerationis
1547 1159 1721 1190 Plutonem
1744 1165 1866 1202 patrem
1888 1170 1997 1197 esse«,
2026 1168 2098 1201 pro-

1145 1220 1270 1252 baveris
1290 1220 1380 1251 deam
1407 1220 1446 1251 ab
1476 1219 1595 1252 ovidio
1620 1220 1703 1263 (fast.
1721 1220 1761 1260 5,
1786 1219 1847 1262 25)
1873 1219 2100 1251 Reum-entiam

1145 1282 1262 1314 dictam
1285 1282 1419 1314 eandem
1436 1294 1454 1313 a
1471 1286 1584 1313 nostro
1609 1293 1737 1326 quoque
1756 1281 1918 1326 appellari.
1946 1279 2100 1314 Attamen

1146 1347 1307 1389 vulgatam
1326 1358 1392 1379 non
1413 1346 1516 1379 ausim
1538 1350 1660 1377 mutare
1682 1345 1863 1377 lectionem.

1221 1409 1339 1455 Conse]
1360 1410 1507 1442 Consum
1523 1421 1541 1441 a
1559 1410 1711 1453 Neptuno
1730 1408 1914 1450 distinguit,
1939 1419 2005 1441 non
2024 1418 2100 1438 vero

1147 1469 1335 1511 Ausonius,
1359 1471 1415 1514 qui
1439 1470 1540 1502 canit:
1565 1471 1667 1501 »Tum
1690 1470 1784 1502 Jovis
1805 1476 1837 1502 et
1858 1469 1961 1502 Consi
1982 1480 2103 1510 germa-

1149 1544 1210 1562 nus
1233 1533 1405 1563 Tartareus
1431 1532 1519 1563 Dis«
1553 1531 1651 1562 Item:
1674 1530 1837 1563 »Caenida
1858 1530 2014 1561 convertit
2030 1539 2104 1572 pro-

1149 1593 1198 1623 les
1222 1594 1375 1623 Saturnia
1392 1593 1549 1624 Consum
1584 1583 1759 1623 Memincre
1777 1593 1965 1635 Dionysius,
1988 1592 2106 1631 Varro,

1149 1651 1374 1693 Augustinus,
1405 1651 1557 1685 Servius:
1584 1653 1642 1683 sed
1669 1658 1702 1683 et
1723 1653 1835 1683 Livius
1858 1658 1890 1684 ct
1911 1653 2106 1683 Plutarchus

1151 1713 1329 1746 Consualia
1351 1714 1517 1745 nominant
1533 1713 1625 1753 resta,
1653 1724 1736 1755 quae
1758 1713 1927 1752 celebrata,
1952 1712 1985 1743 ni
2003 1712 2108 1753 fallor,

1152 1775 1305 1815 vigesimo
1330 1775 1433 1818 primo
1459 1774 1617 1815 Augusti,
1644 1773 1824 1817 iterumque
1850 1774 1973 1806 decimo
1996 1774 2109 1817 quinto

1153 1836 1352 1868 Decembris.
1378 1837 1445 1867 Pro
1464 1835 1599 1879 Capella
1623 1834 1732 1876 glossa
1752 1840 1882 1866 vestus:
1906 1835 2037 1867 »Conso
2052 1832 2108 1881 τῷ

1154 1897 1226 1947 ὑιῷ
1246 1898 1318 1945 τῆς
1335 1897 1488 1938 Ἴόιὸοςιι
1518 1898 1624 1931 Gnor.
1644 1917 1692 1922 —
1718 1898 1822 1931 Conse
1847 1899 1967 1931 habent
1985 1898 2109 1942 priores

1155 1961 1312 1993 editiones
1347 1966 1380 1992 et
1410 1960 1503 1992 multi
1528 1972 1546 1991 e
1571 1960 1662 1991 libris
1684 1960 1830 2004 scriptis,
1858 1960 1985 1992 codices
2015 1959 2109 1991 ctiam

1155 2023 1366 2054 Monacenses
1391 2027 1529 2065 quatuor
1551 2021 1604 2065 (Β.
1628 2021 1667 2053 C.
1691 2022 1732 2054 D.
1753 2021 1816 2065 E.).
1863 2020 1932 2053 Alii
1958 2021 2110 2053 exhibent

1155 2084 1269 2124 (losse,
1308 2083 1395 2127 quod
1418 2083 1509 2115 facile
1535 2082 1706 2125 intelligeS,
1733 2082 1829 2114 modo
1848 2083 2008 2115 breviatae
2031 2082 2108 2114 scri-

1152 2147 1271 2191 ptionis
1286 2157 1401 2178 vocum
1417 2146 1520 2190 qualis
1534 2146 1649 2178 consul
1661 2150 1720 2177 cct.
1736 2145 1927 2177 memineris.
1949 2145 2109 2177 Fortassis

1158 2211 1198 2242 ad
1237 2210 1373 2241 eundem
1406 2209 1501 2241 deum
1538 2209 1633 2240 etiam
1661 2208 1829 2240 referenda
1869 2208 2035 2253 inscriptio
2061 2214 2110 2240 cst

1162 2274 1309 2306 »Cososo
1344 2273 1422 2304 deo«
1456 2273 1620 2313 dedicata,
1654 2272 1731 2304 lieet
1756 2272 1929 2304 Rcinesius
1966 2274 2016 2316 (pf
2036 2271 2102 2302 121

1155 2351 1186 2370 n.
1216 2337 1277 2380 84)
1310 2336 1413 2368 locale
1444 2348 1563 2368 numen
1596 2336 1762 2377 intelligat.
1810 2336 1972 2379 Quoniam
1999 2339 2104 2365 aunem

1155 2399 1327 2443 scriptores
1341 2404 1466 2430 veteres
1483 2409 1593 2430 omnes
1617 2397 1760 2430 Comum
1779 2397 1950 2440 appellant,
1968 2396 2027 2426 hoe
2046 2404 2103 2425 no-

1157 2473 1231 2493 men
1252 2459 1380 2492 omnino
1405 2465 1473 2491 erat
1492 2459 1744 2503 praeferendum.
1772 2457 1988 2490 Consiliorum
2013 2454 2107 2486 deum

1157 2523 1256 2555 fuisse
1282 2522 1449 2567 perhibent
1474 2521 1593 2565 (Varro
1612 2520 1651 2552 L.
1670 2520 1709 2552 L.
1737 2521 1767 2550 5.
1792 2531 1821 2562 p.
1844 2530 1884 2549 m.
1909 2517 1966 2549 54.
1992 2517 2108 2548 Festus

1157 2596 1234 2617 voce
1272 2584 1455 2617 Consualia.
1501 2582 1635 2625 Dionys.
1669 2580 1772 2612 Ilalic.
1800 2579 1834 2610 2.
1858 2591 1888 2623 p.
1919 2579 1990 2612 100
2016 2576 2110 2623 Sylh.

1624 2644 1667 2675 15
1690 2640 1713 2666 ²³⁴

1695 275 1824 317 Venit
1864 290 1919 316 cx
1957 275 2088 318 altera
2118 280 2176 320 525
