2310 2860
153 1633 238 1654 ν-νευ

151 1649 240 1674 002)

269 122 362 167 544
839 118 1038 160 Martiani
1069 117 1267 173 Capellae
1297 117 1370 158 lib.
1390 117 1465 159 IV.
1496 120 1526 169 ᾗ.
1549 119 1652 160 554.

433 297 581 348 QUID
615 297 893 341 INTERSIT
923 296 1108 339 INTER
1138 295 1492 339 DIVISIONEM
1521 296 1600 338 ET
1632 295 2054 341 PARTITIONEM.
2085 315 2089 320 ⁷

436 403 612 446 Interest
651 415 791 446 autem
830 406 937 445 inter
978 386 1232 444 div'risionem
1271 412 1310 444 et
1347 403 1639 459 partitionem,
1689 402 1805 459 quod
1836 403 1878 443 in
1910 403 2113 446 divisione
2143 419 2220 461 per

267 479 426 521 formas
459 483 695 534 currimus,
737 483 780 523 in
811 482 1031 537 partitione
1061 496 1138 537 per
1169 491 1321 537 partes.
1378 484 1564 525 Formae
1597 492 1738 524 autem
1772 493 1890 534 sunt,
1936 497 2048 538 quae
2078 483 2220 539 generi

265 562 572 616 subjiciuntur,
616 574 655 605 et
684 565 773 619 ejus
804 563 1091 605 definitionem
1126 573 1270 605 tenere
1300 574 1476 619 possunt
1506 574 1545 605 et
1574 579 1756 617 nomen,
1816 574 1953 620 partes
1984 572 2081 604 sunt
2111 578 2223 619 quae

267 644 310 685 in
334 653 417 684 toto
443 654 559 696 sunt,
591 654 630 686 et
651 644 939 686 definitionem
970 659 1223 700 nunquam,
1254 659 1410 686 nomen
1438 645 1652 687 interdum
1677 646 1803 687 totius
1827 646 2016 701 recipere
2038 654 2224 701 possunt.

266 725 497 766 Possumus
535 734 678 767 tamen
719 741 849 767 unam
888 725 1159 783 eandemque
1197 741 1290 769 rem
1329 736 1368 768 et
1406 742 1484 783 pro
1524 742 1677 782 genere
1717 735 1756 767 et
1794 741 1872 782 pro
1907 736 1991 768 toto
2022 726 2225 782 accipere,

267 805 341 847 sed
387 806 466 847 alia
515 807 701 861 quadam
751 808 815 860 vi3
869 817 916 848 ut
952 817 1012 849 est
1049 807 1205 860 homo,
1259 822 1389 863 quem
1436 808 1470 848 si
1507 808 1549 848 in
1591 808 1922 860 adolescentem,
1974 823 2143 859 senem,
2187 815 2228 847 et

268 901 456 942 puerum
500 886 691 928 dividere
730 887 1019 939 voluerimus,
1061 901 1193 943 genus
1236 897 1317 940 est,
1366 897 1406 929 et
1435 888 1601 929 formae
1632 889 1743 943 ejus3
1798 903 1931 943 quem
1962 888 1996 928 si
2025 888 2068 928 in
2100 895 2228 943 caput

268 976 308 1007 et
329 966 456 1022 pedes
482 977 521 1008 et
547 982 699 1009 manus
722 968 869 1024 partiri
898 968 1179 1020 voluerimus,
1210 978 1350 1010 totum
1379 979 1439 1011 est
1469 979 1508 1010 et
1530 979 1669 1025 partes
1702 969 1814 1023 ejus;
1846 970 1949 1024 quia
1972 968 2227 1020 adolescens,

267 1063 420 1100 senex,
467 1058 506 1089 ct
542 1063 671 1104 puer,
722 1063 828 1104 quas
868 1049 1028 1091 formas
1068 1065 1156 1090 esse
1193 1050 1407 1100 diximus,
1462 1059 1501 1090 et
1538 1065 1695 1090 nomen
1726 1050 1911 1090 hominis
1942 1050 2152 1105 recipiunt
2185 1057 2226 1089 et

269 1127 579 1179 definitionem,
623 1139 670 1170 ut
707 1139 746 1169 et
783 1145 913 1171 senex
951 1130 1116 1171 dicatur
1155 1114 1485 1170 homo³animal
1523 1130 1727 1171 rationale
1769 1130 1970 1181 mortale,
2016 1138 2056 1170 et
2092 1143 2226 1185 puer,

271 1217 310 1248 et
349 1207 611 1261 adolescens3
660 1219 788 1265 caput
818 1225 920 1251 vero
952 1220 992 1252 et
1021 1210 1170 1266 pedes,
1217 1225 1324 1266 quas
1355 1219 1493 1266 partes
1524 1225 1613 1251 esse
1644 1210 1854 1261 diximus,
1901 1225 2045 1265 neque
2074 1208 2227 1250 defini-

269 1289 429 1329 tionem
466 1288 671 1341 hominis,
712 1304 855 1346 neque
894 1306 1052 1332 nomen
1090 1292 1280 1347 accipere
1322 1302 1518 1347 possunt,
1568 1291 1673 1346 quia
1705 1306 1783 1333 nec
1822 1301 1952 1348 caput
1980 1299 2117 1348 potest
2145 1289 2228 1332 dici

269 1369 402 1413 homo
437 1371 595 1413 animal
629 1371 810 1424 risibile,
848 1387 928 1414 nee
958 1372 1109 1429 pedes,
1153 1388 1231 1413 nee
1265 1387 1433 1415 manus.

877 1528 1027 1579 QUID
1073 1528 1165 1572 SIT
1203 1529 1623 1580 AEQUIVOCUM.

436 1634 739 1688 Aequivocum
771 1643 852 1686 est,
896 1634 1069 1690 quando
1104 1636 1341 1676 multarum
1374 1649 1521 1676 rerum
1552 1649 1692 1676 unum
1724 1644 1783 1676 est
1812 1649 1991 1685 nomen,
2038 1632 2113 1674 sed
2141 1648 2228 1675 non

273 1714 420 1756 eadem
454 1715 664 1766 definitio,
696 1725 743 1757 ut
771 1715 849 1757 leo.
907 1716 1023 1759 Nam
1046 1727 1259 1772 quantum
1292 1717 1345 1759 ad
1375 1732 1531 1758 nomen
1562 1717 1765 1773 pertinet,
1796 1731 1928 1758 verus
1959 1725 1999 1757 et
2028 1716 2163 1772 pictus
2189 1725 2230 1757 et

274 1795 458 1836 eoelestis
489 1795 554 1836 leo
595 1795 769 1851 dicitur3
813 1808 1025 1853 quantum
1063 1799 1117 1842 ad
1146 1799 1461 1851 definitionem,
1508 1798 1626 1841 aliter
1667 1812 1795 1840 verus
1835 1797 2057 1850 definitur,
2108 1796 2229 1839 aliter

273 1877 428 1933 pictus,
468 1886 506 1917 et
538 1877 656 1919 aliter
686 1878 885 1920 coelestis.

349 1983 495 2031 interest]
513 1985 607 2019 Hanc
621 1987 829 2020 differentiam
846 1994 921 2033 post
941 1988 1130 2021 Ciceronem
1148 1989 1224 2033 (top.
1277 1985 1496 2032 ὁμώνυμον.
1547 1987 1696 2021 Eundem
1731 1994 1910 2032 sequnntur
1936 1986 2139 2030 Augustinus
2163 1985 2227 2029 (op.

275 2046 312 2089 7)
340 2046 491 2079 docuerat
517 2047 755 2092 Quinctilianus
779 2049 837 2094 (5,
870 2051 934 2091 10,
957 2052 1026 2092 653
1059 2063 1129 2095 pag.
1151 2051 1226 2084 264

275 2107 410 2152 Spald.).

349 2177 381 2203 et
403 2183 460 2214 pro
480 2169 609 2216 qenere]
636 2172 744 2205 verba
769 2174 952 2218 transposui
976 2174 1151 2207 secundum
1175 2187 1226 2207 co-

277 2234 363 2267 dices
383 2235 595 2267 Monacenses
612 2235 665 2279 (C.
683 2237 722 2279 F)
743 2243 774 2268 et
791 2239 1087 2271 Darmstattensem.
1106 2239 1145 2271 In
1163 2239 1228 2272 edi-

275 2298 318 2330 tis
337 2303 437 2330 lotum
458 2298 556 2342 priori
579 2299 650 2331 loco
672 2300 811 2343 positum
834 2307 910 2333 erat.

352 2373 419 2392 esse
447 2358 607 2405 diximus]
636 2360 691 2393 Sic
718 2362 842 2394 codices
865 2363 1078 2396 Monacenses
1103 2363 1156 2407 (C,
1175 2363 1227 2407 F),

276 2421 540 2454 Dat-mstattensis
562 2427 593 2453 et
610 2411 882 2455 Reiehenauensis¹
904 2437 963 2469 pro
988 2426 1122 2457 dicimus
1144 2425 1229 2470 apud

279 2486 437 2519 Grotium.

353 2547 574 2597 aequivocum]
593 2549 647 2583 Ex
665 2548 842 2586 Aristotele
860 2552 972 2596 (eateg.
987 2552 1020 2597 1)
1035 2552 1089 2586 ubi
1105 2552 1229 2588 Graece

1276 2052 1302 2084 I.
1327 2065 1361 2096 p.
1376 2053 1475 2096 196),
1498 2052 1620 2084 Fronto
1644 2053 1839 2097 (11.p.474
1862 2052 1965 2095 Maj.)‚
1987 2050 2144 2083 Boethius
2162 2050 2227 2093 (op.

1276 2127 1307 2159 p.
1331 2115 1364 2145 5.
1389 2115 1423 2145 G.
1456 2113 1561 2157 115),
1592 2115 1830 2157 Quinctilianus
1859 2114 1912 2157 (8,
1940 2114 1978 2152 2,
2005 2113 2068 2151 153
2099 2124 2128 2155 p.
2152 2111 2225 2143 205

1279 2175 1420 2219 Spald.),
1452 2175 1667 2208 Cassiodorus
1695 2176 1760 2219 (op.
1788 2187 1818 2218 p.
1843 2176 1914 2206 358
1945 2173 2051 2217 Gaia),
2082 2172 2227 2205 Isidorus

1279 2238 1386 2282 (etym.
1413 2238 1453 2278 2,
1481 2239 1546 2278 26,
1576 2238 1616 2277 25
1638 2249 1669 2280 p.
1691 2237 1761 2268 104
1786 2235 1901 2279 Ater.)
1925 2241 1984 2267 cet.
2009 2235 2228 2266 Romanorum

1278 2307 1422 2333 oratores
1443 2300 1630 2332 Aristotelis
1656 2299 1848 2340 categorias,
1876 2310 1957 2343 quae
1981 2310 2066 2332 nunc
2089 2310 2226 2343 sequun-

1278 2369 1345 2403 tur,
1376 2363 1476 2407 probe
1502 2362 1650 2402 novisse,
1682 2367 1777 2404 atque
1801 2361 1834 2392 in
1857 2372 1950 2392 usum
1976 2373 2068 2392 suum
2093 2360 2228 2393 vertisse

1276 2425 1368 2457 testis
1389 2430 1437 2456 est
1460 2424 1574 2456 Cicero
1603 2423 1656 2466 (de
1682 2428 1759 2454 orat.
1778 2423 1818 2463 2,
1842 2424 1891 2456 56
1919 2427 1951 2454 et
1971 2427 2049 2454 orat.
2072 2422 2144 2466 52).

1352 2488 1495 2520 coelestis
1519 2484 1584 2530 leo]
1611 2484 1746 2527 Signum
1769 2484 1802 2516 in
1825 2484 1984 2525 Zodiaeo,
2015 2484 2048 2516 in
2075 2494 2139 2527 quo
2167 2481 2227 2517 Sol

1278 2561 1386 2583 mense
1407 2548 1556 2591 Augusto
1580 2553 1730 2580 moratur.
1745 2546 1875 2582 Gnossa
1898 2547 1980 2591 (cod.
2000 2547 2125 2582 Monac.
2148 2545 2201 2589 F).
