2310 2860
663 191 861 234 Martiani
902 191 1101 248 Capellae
1137 191 1208 234 lib.
1237 190 1290 234 II.
1329 193 1362 244 §‚
1388 192 1481 234 178.

98 313 209 355 quae
246 299 297 341 sit
332 300 525 341 oscinum
564 300 726 351 mitior,
764 301 806 341 in
851 299 1091 341 certaminis
1129 307 1387 341 tentamenta
1426 299 1634 354 pulsabat.

96 389 392 434 praenotatum
423 381 527 436 gerit
557 395 713 423 nomen
746 382 900 423 mensis
926 379 1148 434 cujusdam
1180 379 1460 435 Memphitici.

1966 194 2056 238 229

1691 301 1788 357 Ipsa
1829 317 1928 343 vcro
1969 303 2052 345 Ibis

1522 380 1642 422 Hanc
1673 383 1873 424 tabellam
1916 399 2053 440 quum

95 459 297 514 ingestam
328 460 407 501 sibi
438 461 697 516 conspiceret
731 462 846 517 virgo
879 471 1099 511 venerata,
1139 461 1234 502 licet
1263 461 1405 517 sponsi
1436 472 1703 516 cognosceret
1735 475 2051 519 argumentum,

91 548 235 581 tamen
260 555 345 582 non
365 555 468 583 ausa
497 551 557 583 est
579 543 667 583 sine
690 543 998 598 supplicatione
1027 542 1217 584 transire.
1251 544 1378 585 Tunc
1401 544 1525 585 etiam
1550 544 1767 586 candidior
1792 547 2055 590 Atlantidum

93 683 154 716 que
187 672 295 713 attuli,
335 672 443 718 ibique
472 676 551 706 duas
585 674 678 706 etiam
715 686 855 717 gemmas
894 675 1049 722 interpre-

92 741 176 768 tatus
204 748 292 777 sum,
326 749 404 781 quas
429 738 584 771 lectorum
616 739 718 773 oculis
746 739 796 772 hic
818 740 952 782 subjeci.

153 2502 349 2549 certaminis]
366 2503 534 2546 Pugnaces
549 2505 649 2547 gallos
669 2506 862 2548 gallinaceos
878 2516 949 2538 csse
960 2504 1028 2547 jam

80 2568 252 2611 antiquitas
276 2565 366 2597 novit
389 2566 532 2609 adeoque
555 2567 682 2609 publiea
703 2567 831 2599 illorum
855 2567 1027 2600 certamina

79 2629 226 2669 instituit,
250 2627 336 2673 quod
355 2626 492 2660 Aeliano
519 2633 597 2660 teste
618 2629 695 2672 (var.
713 2629 786 2662 hist.
805 2630 839 2670 2,
862 2629 924 2672 28)
943 2629 1027 2661 The-

1102 676 1265 716 mistocles
1289 677 1409 721 primus
1434 676 1572 709 Athenis
1598 679 1710 711 secisse
1737 680 1845 712 fertur.
1874 679 1970 712 Adde
1988 683 2053 713 Pli-

1101 739 1188 771 nium
1211 740 1297 783 (hist.
1318 746 1382 772 nat.
1405 741 1467 780 10,
1490 741 1554 779 21,
1587 741 1665 784 24),
1691 742 1867 774 Lucianum
1889 744 1941 785 (de
1966 757 2053 788 gym-

1100 813 1167 833 nas.
1191 804 1249 834 57.
1278 802 1352 834 Vll.
1376 814 1406 846 p.
1435 803 1505 834 199
1530 802 1633 846 Bip.),
1664 804 1872 836 Plutarchum
1901 805 2051 848 (Lycurg.

1099 875 1129 908 p.
1146 864 1210 904 523
1239 864 1277 895 de
1301 864 1390 896 stoie.
1410 876 1541 908 repugn.
1568 877 1599 908 p.
1620 866 1746 908 1049),
1783 867 1976 899 Pausaniam
2002 869 2049 911 (G,

1098 929 1163 968 2G,
1188 928 1220 959 2.
1247 929 1288 969 9,
1315 929 1380 968 22,
1403 928 1457 971 4),
1481 941 1684 973 geminasque
1713 930 1812 973 (Mus.
1826 930 1913 963 Flor.
1931 932 1965 972 2,
1990 934 2050 973 91,

1097 991 1128 1021 5.
1155 990 1255 1022 Licet.
1277 1002 1391 1032 gemm.
1408 1003 1438 1034 p.
1458 990 1541 1022 253.
1566 991 1665 1022 Rossi
1691 1004 1805 1034 gemm.
1827 999 1889 1025 aut.
1912 993 1953 1025 ll.
1976 995 2049 1027 226

1095 1065 1186 1097 sequ.
1208 1055 1323 1087 Montf.
1340 1059 1402 1085 ant.
1418 1054 1460 1095 V,
1479 1055 1541 1086 tab.
1555 1054 1626 1097 47).
1655 1055 1723 1088 Sed
1744 1057 1900 1089 vocabula
1925 1058 2050 1090 »mitior

1093 1119 1255 1150 oscinum«
1282 1118 1366 1162 apud
1383 1123 1528 1150 nostrum
1551 1119 1627 1163 quid
1645 1120 1705 1151 sibi
1725 1120 1833 1161 velint,
1856 1122 1931 1163 jure
1953 1134 2048 1165 quae-

1090 1193 1142 1213 ras
1159 1181 1347 1227 mirei-isque
1365 1182 1573 1227 interpretes,
1608 1183 1663 1227 qui
1689 1196 1787 1228 quum
1806 1185 1931 1227 singula
1951 1186 2048 1218 verba

1090 1247 1208 1290 passim
1229 1246 1405 1289 explicent,
1437 1247 1471 1278 in
1493 1247 1638 1279 obscuris
1661 1249 1828 1280 sententiis
1853 1250 2047 1293 provinciam

1089 1320 1178 1340 suam
1212 1309 1348 1352 turpiter
1375 1309 1559 1341 destituant.
1585 1310 1674 1352 Ego,
1712 1317 1869 1355 quatenus
1901 1324 2045 1355 possum,

1088 1370 1230 1413 explico:
1264 1370 1429 1415 »pulsabat
1461 1371 1649 1414 (incitabat,
1683 1385 1778 1404 manu
1809 1374 1861 1405 vel
1887 1375 1989 1417 pede)
2013 1375 2047 1406 in

1087 1431 1269 1464 certaminis
1299 1437 1510 1472 tentamenta,
1551 1445 1633 1477 quae
1664 1434 1749 1465 inter
1781 1436 1908 1467 oscines
1939 1436 2046 1468 mitior

1086 1495 1128 1527 sit
1149 1494 1202 1539 (id
1228 1501 1293 1536 est,
1318 1501 1353 1527 ut
1375 1496 1546 1528 certamine
1575 1497 1790 1540 experiretur,
1825 1504 1895 1530 utra
1920 1505 2042 1531 certan-

1084 1560 1164 1591 tium
1184 1559 1328 1592 oscinum
1346 1560 1492 1602 ignavior
1510 1566 1605 1604 atqnc
1630 1561 1766 1593 debilior
1785 1562 1893 1605 esset).

1161 1620 1297 1666 mensis]
1325 1621 1471 1653 Incertus
1501 1621 1535 1652 in
1559 1623 1621 1653 hoe
1643 1623 1763 1654 mensis
1786 1624 1914 1656 nomine
1942 1625 2042 1669 expli-

1087 1685 1188 1716 cando
1211 1685 1279 1726 jam
1310 1684 1447 1717 vidimus
1479 1684 1565 1717 Ἀἰ-05
1592 1685 1705 1717 doctos
1734 1691 1766 1717 et
1791 1686 1874 1718 inter
1902 1699 1936 1719 se
1962 1700 2041 1732 pug-

1086 1752 1199 1778 nantes
1222 1746 1405 1790 (Jahlonsk.
1434 1746 1469 1779 in
1491 1748 1601 1791 pantb.
1625 1748 1663 1788 5,
1696 1749 1736 1788 53
1763 1760 1795 1792 p.
1818 1749 1898 1781 162.
1923 1749 2043 1792 Georg.

1084 1808 1118 1840 in
1150 1809 1248 1852 praef.
1287 1809 1326 1840 ad
1353 1809 1464 1850 fragm.
1499 1820 1612 1851 evang.
1645 1809 1721 1841 Joh.
1746 1822 1777 1854 p.
1799 1811 1904 1853 140),
1938 1823 2042 1855 neque

1084 1871 1217 1913 mirum,
1242 1871 1455 1904 Jablonskius
1480 1872 1564 1904 enim
1585 1872 1709 1913 locum,
1734 1886 1798 1918 quo
1817 1874 1938 1915 nititur,
1963 1876 2041 1907 Plu-

1084 1936 1186 1968 tarchi
1209 1936 1325 1980 (symp.
1341 1937 1381 1977 9,
1411 1938 1453 1977 5,
1479 1949 1512 1980 Ρ.
1530 1937 1616 1980 758)
1639 1937 1781 1969 nondum
1808 1939 1884 1970 satis
1903 1939 2040 1983 expliea—

1083 2003 1189 2037 verat,
1233 2003 1265 2028 et
1290 1997 1451 2040 Georgius
1478 1998 1517 2029 de
1550 1998 1652 2030 literis
1671 1998 1879 2043 Aegyptiacis
1906 2012 2040 2044 prorsus

1083 2059 1203 2091 ineerta
1220 2059 1352 2102 profert.
1372 2059 1458 2092 Vide
1475 2059 1584 2103 potius
1599 2060 1743 2102 Hugium
1762 2068 1908 2093 nostrum
1927 2063 2043 2108 (myth.¹

1081 2135 1115 2167 p.
1143 2124 1213 2155 185
1240 2122 1329 2166 not.).
1366 2123 1607 2156 verisimillima
1640 2124 1747 2157 Grotii
1782 2131 1832 2157 est
1864 2127 2038 2167 sententia,

1083 2186 1139 2231 qui
1160 2187 1198 2219 ad
1214 2187 1350 2231 primum
1367 2186 1600 2231 Aegyptiorum
1620 2201 1772 2230 mensem,
1796 2190 1850 2233 qui
1870 2191 1909 2222 ab
1928 2203 2037 2223 eorum

1081 2249 1241 2282 Mercurio
1272 2250 1395 2284 Θωυθ
1421 2262 1538 2282 nomen
1567 2251 1705 2296 accepit,
1743 2252 1935 2285 Mattianum
1957 2254 2034 2285 allu-

1081 2312 1156 2343 dere
1182 2311 1353 2342 arbitratur
1376 2310 1417 2356 (ἓ.
1439 2312 1509 2344 102
1535 2313 1626 2355 noL).
1667 2314 1861 2358 Quanquam
1879 2315 1911 2346 in
1939 2314 2033 2345 tantis

1081 2375 1221 2407 tenebris
1248 2380 1365 2407 certam
1392 2376 1575 2420 opinionem
1601 2377 1769 2422 concipere
1792 2390 1850 2409 nec
1872 2378 1947 2409 licet
1973 2388 2032 2408 nee

1079 2439 1167 2471 libet.

1155 2501 1325 2548 ingestam]
1353 2503 1510 2546 Quamvis
1537 2504 1663 2536 codices
1680 2504 1892 2537 Monacenscs
1917 2502 1970 2545 (C.
1986 2503 2031 2538 D,

1072 2565 1118 2596 E.
1133 2565 1188 2608 G),
1211 2565 1488 2606 Darmstattensis,
1509 2564 1791 2606 Cantabrigiensis,
1813 2563 2029 2600 Britannicus.

1078 2627 1287 2670 Bodlejanus,
1304 2627 1486 2670 Hugianus‚
1508 2632 1540 2660 et
1557 2626 1736 2660 Vossianus
1756 2637 1814 2670 pro
1834 2628 2030 2671 conspiceret

2092 305 2168 345 ³78

2089 388 2171 427 179

2088 549 2106 588 1
2113 549 2171 588 80
