2310 2860
759 165 958 208 Martiani
988 164 1186 222 Capellae
1222 165 1295 207 lib.
1314 163 1388 206 111.
1426 166 1458 216 ᾗ.
1478 163 1579 205 290.

2059 162 2145 204 297

953 321 1032 365 DE
1066 319 1382 365 ANALOGIA.

365 404 570 460 Analogia
600 413 659 445 est
687 404 834 460 igitur,
883 417 995 458 quae
1029 404 1177 445 Latine
1215 402 1431 458 proportio
1462 399 1637 450 dieitur,
1676 398 1912 440 observatio
1943 397 2148 438 similium
2176 391 2267 435 290

197 486 306 527 inter
331 500 374 526 se
396 486 683 542 loquelarum,
724 486 837 528 Nam
862 485 1054 540 primum
1074 485 1219 525 onmia
1242 484 1416 525 nomina
1438 483 1587 524 Latina
1608 480 1834 523 duodecim
1850 480 1979 522 literis
2002 480 2149 521 termi-

196 573 374 608 nantur:
402 566 622 608 vocalibus
647 566 853 623 quinque,
884 575 923 605 et
948 564 1274 607 semivocalibus
1305 578 1393 615 sex,
1425 572 1553 618 atque
1583 576 1670 603 una
1699 571 1820 602 muta
1844 560 1898 613 T,
1928 569 1977 601 ut
2006 568 2148 616 caput.

198 645 236 686 A
268 646 395 701 igitur
427 647 642 688 vocalium
672 646 812 702 prima
840 645 1037 686 terminat
1066 645 1323 696 masculina,
1357 654 1405 686 ut
1435 644 1634 695 Catilina,
1665 642 1895 699 Iugurtha3
1933 642 2151 692 feminina,

197 737 246 770 ut
287 728 475 781 advena3
527 728 731 770 feminina
776 727 900 768 etiam
950 727 1136 778 Graeca,
1184 734 1233 765 ut
1282 725 1466 776 Helena,
1518 721 2154 778 A11dromaelia;*pronomina

274 835 436 883 cundwin]
460 834 661 883 Ἀναλογία
682 843 731 868 est
757 836 941 881 proportio,
966 847 1047 879 quae
1070 833 1154 878 apud

198 899 421 941 grammaticos
445 899 559 931 dieitur
583 895 780 947 ἀναφορὰ,
808 899 827 930 i.
853 911 881 930 c.
909 897 1040 937 relatio,
1072 901 1154 927 teste

199 961 382 994 Ammonio.
396 963 542 995 Vcrcax.
560 982 607 986 —
631 963 758 994 Gellius
776 963 830 1005 (2,
857 961 936 1005 25);
964 961 1021 993 »In
1038 959 1154 992 Latino

200 1037 346 1057 sermone
371 1026 453 1056 sieut
469 1026 548 1057 etin
567 1025 693 1057 Graeco
713 1025 766 1056 alii
787 1021 1003 1068 ἀναλογίαν
1019 1035 1154 1066 sequen-

199 1089 272 1119 dam
299 1093 507 1132 putaverunt,
537 1087 590 1118 alii
612 1085 850 1129 ἀνωμαλίαν.
885 1083 1085 1129 Ἀναλογία
1104 1091 1155 1115 est

200 1149 350 1180 similium
384 1149 494 1179 similis
532 1148 719 1188 declinatio,
757 1160 850 1191 quam
881 1147 1009 1190 quidam
1040 1147 1154 1177 Latine

199 1215 435 1256 proportionem
460 1218 592 1253 vocant3
633 1208 837 1255 ἀνωμαλία
867 1216 916 1242 est
944 1210 1155 1253 inaequalitas

202 1276 450 1307 declinationum
472 1276 736 1307 consuetudinem
760 1287 908 1318 sequens.
950 1275 1025 1305 Duo
1050 1279 1155 1305 autem

202 1339 321 1371 Graeci
350 1339 544 1379 grammatici
578 1339 719 1369 illustres
743 1336 949 1369 Aristarchus
972 1343 1003 1368 et
1028 1338 1154 1377 Crates,

203 1413 324 1432 sumnia
352 1405 411 1443 ope
434 1400 487 1430 ille
515 1396 746 1444 ἀναλογίαν,
779 1399 830 1431 hic
853 1395 1080 1442 ἀνωμαλίαν
1103 1399 1155 1429 de-

202 1462 392 1494 sensnm-ita
427 1462 502 1504 Qua
528 1461 567 1492 de
589 1472 623 1492 re
648 1461 752 1492 Varro
782 1461 834 1504 (de
859 1461 897 1492 L.
915 1460 954 1492 L.
979 1460 1051 1492 libr.
1072 1461 1094 1491 8
1116 1459 1155 1490 al)

203 1524 301 1566 init.):
319 1523 453 1555 »Crates
471 1522 589 1554 nobilis
604 1522 838 1563 grammaticus,
867 1522 922 1565 qui
938 1522 1038 1552 fretus
1053 1521 1154 1564 Clu-y-

203 1588 295 1631 sippo
326 1587 453 1618 homine
488 1585 687 1626 acutissimo,
725 1586 780 1628 qui
810 1585 938 1628 reliquit
969 1597 1025 1616 sex
1055 1585 1155 1615 libros

205 1646 293 1694 περὶ
316 1647 388 1693 τῆς
407 1644 649 1691 ἀνωμαλίας,
672 1647 721 1678 his
742 1647 832 1678 libris
850 1652 960 1678 contra
974 1647 1155 1689 ‹muloyiam

203 1719 297 1756 atque
326 1712 548 1744 Aristarchum
577 1717 627 1743 est
654 1711 765 1751 nixus,
805 1710 861 1741 scd
887 1710 946 1749 ita,
982 1716 1015 1740 ut
1040 1709 1155 1752 scripta

203 1775 344 1806 indicant
373 1774 460 1815 ejuS,
490 1779 526 1805 ut
554 1773 697 1805 neutrius
724 1773 869 1804 videatur
898 1771 1074 1815 perdidisse
1100 1782 1155 1803 vo-

205 1837 428 1869 luntatem.—
454 1836 501 1868 Hi
528 1836 582 1879 qui
604 1837 637 1866 in
663 1835 826 1878 loquendo
849 1835 962 1877 partim
990 1833 1082 1876 sequi
1103 1832 1154 1874 ju-

206 1898 283 1928 bent
301 1910 361 1929 nos
384 1897 658 1936 consuetudinem,
682 1897 795 1940 partim
818 1896 983 1935 rationem,
1006 1907 1070 1926 non
1092 1901 1157 1926 tam

207 1960 402 2003 discrepant,
429 1960 516 2003 quod
536 1959 732 1990 consuetudo
754 1964 785 1990 et
802 1958 944 1998 analogia
962 1957 1157 1999 conjunctio-

207 2033 258 2053 res
281 2028 355 2053 sunt
380 2022 463 2053 inter
488 2033 539 2061 se,
569 2034 663 2065 quam
688 2021 720 2052 bi
743 2021 890 2052 credunt:
910 2021 995 2063 quod
1017 2025 1066 2050 cst
1084 2025 1157 2050 nata

207 2097 248 2116 ex
272 2085 408 2128 quadam
429 2084 659 2116 consuetudine
681 2084 838 2126 [molossia.
863 2082 976 2125 Neque
998 2082 1158 2113 anomalia

208 2158 313 2191 neque
328 2147 479 2190 analo-qia
495 2152 544 2177 est
562 2146 774 2189 repudianda«
797 2151 856 2178 eet.
883 2145 1004 2178 Confer
1023 2152 1055 2176 et
1077 2143 1157 2177 Sex-

209 2214 276 2240 tum
299 2209 494 2252 Empiricum
527 2208 615 2252 (adv.
641 2220 768 2250 gramm.
795 2209 834 2247 1,
858 2209 921 2248 10,
947 2209 1016 2239 179
1040 2207 1158 2250 5ιηιι.),

212 2270 267 2313 qui
299 2276 330 2302 et
359 2271 426 2313 ipse
453 2282 546 2302 usum
574 2270 727 2314 loquendi
751 2270 885 2301 maxime
908 2270 1158 2314 respiciendum,

212 2336 377 2379 unaloqiae
399 2336 517 2366 nullam
537 2336 599 2367 vim
620 2336 652 2366 in
675 2335 875 2376 grammatica
895 2347 965 2366 csse
988 2334 1160 2367 contendit.

214 2396 436 2435 Verissimum,
459 2397 579 2439 siquid
602 2397 702 2437 aliud,
727 2397 964 2441 Quinctilianus
983 2398 1029 2441 (l,
1053 2399 1087 2437 G,
1115 2398 1159 2428 16

214 2470 244 2500 p.
270 2457 340 2489 147
362 2457 486 2500 Spald.)
513 2458 619 2489 docet:
651 2459 741 2491 »Non
772 2460 871 2499 enim,
902 2472 999 2503 quum
1025 2460 1160 2503 primum

215 2519 409 2560 tingerentur
439 2518 599 2559 homines,
634 2522 782 2564 analo-qia
815 2521 950 2553 demissa
980 2522 1071 2553 coelo
1101 2522 1162 2552 sor-

215 2592 298 2612 mam
318 2579 470 2624 loquendi
494 2579 596 2611 dedit.-
610 2581 667 2612 sed
690 2581 817 2614 inventa
838 2589 902 2623 cst,
928 2590 1095 2627 postquam
1119 2583 1164 2614 lo-

1204 832 1398 877 quebantur,
1435 838 1467 864 ct
1492 837 1637 864 notatum
1665 833 1698 863 in
1729 842 1893 871 sermone,
1923 831 1999 874 quid
2026 840 2154 874 quoque

1204 896 1299 927 modo
1327 895 1465 928 caderet.
1491 894 1603 938 Itaque
1630 905 1695 925 non
1718 894 1842 924 ratione
1865 892 1991 931 nititur,
2021 891 2079 922 sed
2101 901 2155 922 ex-

1205 960 1331 1003 emplo;
1362 971 1421 991 nce
1449 959 1501 990 lex
1533 964 1581 989 est
1612 957 1780 1001 loquendi,
1812 956 1868 987 scd
1895 954 2091 994 observatio,
2122 958 2158 984 ut

1204 1023 1305 1067 ipsam
1330 1024 1510 1066 analogiam
1534 1022 1622 1052 nulla
1646 1033 1697 1052 res
1727 1021 1787 1052 alia
1812 1019 1937 1059 feccrit,
1964 1030 2059 1062 quam
2083 1028 2159 1049 con-

1206 1087 1368 1118 suetudo.«
1409 1087 1498 1118 Idem
1525 1086 1620 1130 paulo
1646 1091 1717 1117 ante
1739 1085 1791 1128 (l,
1820 1085 1858 1123 G,
1889 1082 1962 1125 12):
1990 1081 2075 1114 ”Sed
2096 1091 2159 1112 me·

1205 1150 1388 1181 minerimus
1410 1162 1475 1181 non
1498 1161 1556 1193 per
1577 1149 1680 1180 omnia
1708 1148 1781 1179 duci
1801 1147 1968 1189 aualoqine
1994 1155 2090 1188 posse
2113 1155 2159 1175 ra-

1205 1211 1340 1251 tionem,
1362 1223 1459 1254 quum
1478 1211 1538 1241 sihi
1561 1210 1629 1254 ipsa
1651 1208 1794 1253 plurimis
1816 1208 1849 1239 iu
1870 1207 1950 1239 locis
1971 1210 2155 1250 repugnet«

1280 1276 1395 1306 Latine
1416 1272 1590 1318 proportio]
1616 1273 1739 1304 Eadem
1763 1271 1858 1302 modo
1886 1270 1920 1302 in
1947 1269 2093 1301 versibus
2117 1268 2162 1299 di-

1206 1344 1304 1370 xerat.
1337 1338 1577 1380 Quinctilianus
1612 1337 1672 1380 (l,
1695 1337 1736 1375 G,
1766 1336 1812 1374 55,
1853 1346 1886 1378 p.
1912 1333 1983 1365 159
2017 1330 2163 1376 Spald.):

1214 1400 1423 1442 »Analogiam
1454 1400 1597 1443 proxime
1635 1411 1675 1430 ex
1713 1397 1839 1430 Graeco
1872 1396 2100 1428 transferentes
2130 1393 2164 1425 in

1204 1462 1354 1495 Latinum
1378 1462 1612 1504 proportionem
1638 1464 1860 1491 vocaverunt«
1900 1457 2027 1488 Pariter
2052 1455 2163 1488 Vitru-

1205 1524 1276 1556 vius
1296 1524 1347 1566 (5,
1375 1523 1409 1565 l)
1432 1528 1464 1554 et
1489 1522 1604 1554 Cicero
1624 1521 1675 1564 (dc
1700 1520 1783 1551 univ.
1803 1518 1857 1562 4),
1885 1518 1940 1562 qui
1961 1517 2097 1561 primum
2128 1528 2163 1548 se

1207 1597 1318 1616 ausum
1344 1584 1420 1616 dicit
1440 1584 1597 1616 Graecam
1615 1594 1725 1613 rocem
1743 1582 1787 1612 ita
1805 1586 1943 1619 vertere,
1972 1590 2164 1622 quamquam

1206 1648 1310 1680 Yam-0
1334 1647 1386 1690 (de
1408 1647 1444 1678 L.
1463 1647 1501 1677 L.
1524 1647 1546 1677 9
1569 1645 1650 1687 init.)
1672 1644 1759 1675 illius
1783 1643 1940 1674 ‘versionis
1961 1648 2072 1673 auctor
2089 1647 2164 1673 erat.

1206 1709 1332 1741 Deinde
1355 1707 1481 1740 Seneca
1505 1708 1567 1752 (cp.
1589 1707 1660 1738 120
1691 1719 1721 1750 p.
1749 1706 1820 1737 665
1846 1703 1962 1747 Lips.):
1991 1704 2071 1734 »hoc
2094 1714 2162 1734 ver-

1206 1771 1282 1804 bum
1305 1768 1513 1814 (analogia)«,
1543 1768 1663 1813 inquit,
1697 1779 1812 1811 »quum
1837 1765 1947 1797 Latini
1970 1764 2164 1807 grammatici

1208 1833 1334 1865 civitate
1356 1830 1560 1871 donaverint,
1587 1842 1645 1872 ego
1669 1829 1880 1860 damnandum
1902 1839 1967 1859 non
1989 1834 2079 1871 put0,
2105 1837 2166 1858 nec

1207 1897 1241 1929 in
1266 1908 1355 1928 suam
1388 1895 1546 1927 civitatem
1570 1893 1808 1936 redigendunr«
1859 1891 1986 1924 Gellius
2017 1891 2093 1934 (Ιὸ,
2126 1888 2163 1931 9)

1208 1960 1364 1990 rationem
1388 1958 1603 2001 proportionis
1630 1956 1722 1996 dicit,
1745 1966 1825 1999 quac
1851 1954 2000 1997 analogia
2024 1950 2163 1995 appelle-

1209 2024 1271 2052 tur.
1296 2019 1441 2051 Isidorus
1466 2020 1573 2063 (etym.
1595 2019 1626 2058 1,
1647 2018 1706 2058 28,
1731 2018 1761 2047 1.
1780 2016 1843 2060 Op.
1862 2014 1920 2047 III.
1942 2027 1972 2058 p.
1987 2014 2036 2046 47
2052 2010 2164 2054 Arcv.)

1211 2083 1406 2125 »analogiam
1425 2082 1539 2114 Latine
1557 2081 1796 2126 proportionem
1814 2079 1895 2110 diei«
1916 2078 2014 2110 refert
2036 2075 2163 2121 quidem

1210 2145 1268 2178 sed
1281 2145 1380 2185 addit,
1403 2144 1485 2176 sicut·
1497 2149 1622 2176 noster:
1642 2148 1692 2175 »et
1705 2141 1855 2174 similium
1871 2138 2162 2184 comparationem«

1285 2207 1429 2253 advena]
1463 2207 1567 2251 Atqui
1593 2207 1714 2238 advena
1746 2204 1922 2237 communis
1950 2209 2000 2235 est
2023 2199 2162 2243 generis:

1211 2276 1317 2301 utrum
1346 2281 1422 2311 crgo
1455 2282 1558 2300 avena
1586 2267 1780 2310 legendnm?
1818 2279 1858 2297 an
1883 2265 1924 2296 sit
1951 2264 2002 2295 hic
2031 2262 2163 2292 duarum

1210 2331 1395 2363 vocularum
1419 2331 1560 2362 desectus
1584 2331 1645 2361 hoe
1669 2330 1767 2360 ferme
1788 2333 1896 2371 pacto:
1926 2324 1975 2356 »A
1991 2323 2086 2363 igitur
2108 2332 2162 2351 VO-

1212 2393 1327 2425 calium
1349 2392 1450 2436 prima
1476 2391 1623 2423 terminat
1644 2389 1835 2428 masculina,
1863 2392 1897 2417 nt
1921 2383 2074 2422 Catilina,
2102 2381 2161 2413 Ju-

1213 2457 1343 2498 gurtha,
1370 2455 1529 2495 feminina,
1549 2460 1584 2486 ut
1601 2455 1710 2493 Musa,
1737 2449 1923 2487 communia,
1943 2452 1978 2477 ut
2001 2445 2164 2477 advenan‘?

1216 2517 1380 2555 Gnor.-
1406 2517 1445 2548 In
1473 2517 1636 2555 omnibus,
1672 2521 1735 2545 tam
1769 2510 1876 2550 editis,
1915 2518 2009 2552 quam
2039 2505 2163 2551 scriptis

1217 2581 1327 2622 libris,
1354 2581 1466 2615 eadem
1491 2586 1539 2613 est
1560 2578 1672 2618 lectio,
1702 2585 1799 2618 quare
1817 2572 1897 2605 nihil
1921 2569 2053 2604 correxi.

1722 2639 1769 2669 58
