2310 2860
2045 171 2095 203 111

134 265 262 306 unius
306 263 404 306 fidei
445 274 572 318 atque
616 264 846 304 industriae
885 262 1128 313 crediderit,
1174 277 1328 305 verum
1374 266 1498 306 etiam
1548 267 1677 322 ipsius
1716 270 1797 311 viri
1839 271 2092 315 immortalis

133 346 386 396 memoriae,
433 359 563 400 quem
605 358 741 398 quum
783 342 836 382 ab
879 357 928 381 eo
966 342 1064 383 inde
1101 352 1311 399 tempore,
1358 360 1447 400 quo
1487 347 1576 388 Vos
1614 363 1684 389 me
1723 351 1904 393 amicitia
1939 352 2091 396 Vestra

132 425 307 481 dignum
349 425 636 476 existimastis,
682 422 802 478 quasi
840 422 1021 464 alterum
1056 433 1218 479 patrem
1252 440 1428 467 summa
1469 442 1565 468 cum
1605 429 1754 483 pietate
1786 441 1913 486 atque
1945 433 2090 475 obser-

134 508 275 549 vantia
307 517 555 563 prosecutus
586 507 686 556 sim,
736 504 912 545 minime
943 504 1089 547 deceat
1119 522 1167 547 eo
1196 507 1239 548 in
1270 509 1438 564 negotio
1469 509 1713 563 destituere,
1761 515 1880 567 cujus
1920 516 1988 556 ille
2022 531 2089 557 me

132 590 346 632 rationum
379 591 741 642 consiliorumque
780 587 975 628 omnium
1022 586 1109 626 fere
1146 588 1393 643 participem
1428 588 1574 630 fecerit
1603 590 1678 641 ita,
1724 601 1770 632 ut
1800 593 1903 634 nihil
1935 610 2091 650 prope-

131 670 310 712 modum
344 669 513 724 majoris
553 668 757 709 momenti
797 669 837 710 in
878 678 960 709 tota
992 667 1074 707 hac
1111 682 1240 723 opera
1273 668 1522 723 praestitum
1554 670 1624 721 sit,
1675 671 1795 723 cujus
1825 688 1908 714 non
1941 689 2089 716 causas

132 760 172 792 et
209 758 459 806 argumenta
507 764 559 790 ex
597 749 728 804 ipsius
771 765 844 791 ore
889 749 1176 805 perceperim,
1228 765 1370 804 neque
1420 751 1663 792 universam
1711 761 1874 794 tantum
1916 756 2090 796 instituti

130 830 311 872 formam
344 830 572 872 identidem
605 830 711 872 mihi
746 833 1009 887 exposuerit,
1053 830 1125 872 sed
1155 831 1208 871 de
1239 831 1458 886 plerisque
1489 831 1613 871 etiam
1650 832 1919 886 gravioribus
1952 847 2090 886 quae-

129 911 332 951 stionibus
360 911 532 952 consilia
565 926 736 952 mecum
766 913 1009 961 contulerit,
1041 913 1240 966 ipsasque
1267 911 1371 952 adeo
1404 910 1600 962 schedas,
1633 926 1739 966 quas
1772 912 2088 953 commentandi

128 1005 254 1031 causa
303 992 522 1032 festinante
568 992 734 1032 calamo
775 991 1103 1047 conscripsisset,
1162 990 1478 1046 perlustrandas
1525 991 1629 1030 mihi
1671 992 1929 1032 commiserit
1972 991 2088 1045 judi-

128 1072 330 1125 ciumque
363 1087 507 1112 meum
540 1071 593 1111 de
623 1072 670 1112 iis
703 1072 999 1112 candidissime
1032 1072 1276 1126 elllagitarit.
1340 1071 1471 1120 Quod
1504 1081 1645 1112 tamen
1676 1087 1729 1112 ne
1753 1072 1932 1126 jactandi
1960 1087 2086 1114 causa

127 1167 197 1193 me
230 1152 369 1192 dicere
402 1152 631 1201 existimes,
678 1160 723 1191 ut
754 1152 943 1206 aliquam
977 1151 1131 1191 scilieet
1162 1152 1300 1206 operis
1334 1152 1561 1206 meritique
1587 1163 1752 1208 partem
1790 1168 1812 1194 a
1843 1154 2012 1209 Koppio
2043 1154 2086 1194 in

127 1246 274 1273 meum
307 1248 462 1273 nomen
503 1232 779 1282 transferam,
824 1248 900 1273 nec
932 1233 996 1273 Te
1029 1233 1153 1287 sugit,
1193 1233 1273 1274 Vir
1305 1234 1610 1285 Illustrissime,
1663 1235 1799 1275 multo
1829 1235 1950 1275 illum
1984 1235 2087 1275 faei-

128 1311 276 1354 liorem
310 1314 436 1353 fuisse
466 1314 507 1353 in
541 1313 760 1354 audiendis
792 1329 923 1368 quam
956 1314 997 1354 in
1029 1314 1256 1369 sequendis
1289 1314 1472 1356 aliorum
1507 1315 1705 1366 consiliis,
1748 1325 1881 1370 utque
1913 1316 2086 1356 omnino

127 1407 212 1432 non
245 1401 571 1431 consentancum
612 1401 700 1431 erat
737 1392 955 1434 hominem
989 1396 1190 1449 propositi
1230 1397 1545 1436 tenacissimum
1588 1396 1723 1437 aliena
1758 1396 2000 1436 auctoritate
2031 1396 2085 1436 ab

127 1471 320 1511 institutis
361 1469 446 1509 suis
485 1468 710 1518 deterreri,
764 1472 817 1508 ita
859 1471 940 1510 hoc
978 1474 1019 1512 in
1053 1474 1216 1526 negotio
1256 1475 1374 1514 haud
1406 1477 1490 1514 seio
1522 1490 1573 1514 an
1611 1475 1757 1515 eadem
1792 1491 1965 1529 prorsus
1997 1491 2085 1525 res,

128 1558 389 1606 quapropter
428 1548 496 1589 ille
534 1557 573 1589 et
611 1563 787 1603 operam
830 1542 973 1589 meam'
1010 1559 1050 1589 et
1086 1550 1293 1603 judicium
1332 1552 1635 1606 qualecunque
1674 1563 1906 1606 expeteret,
1956 1554 2084 1594 simul

128 1633 170 1673 in
195 1646 320 1672 causa
352 1630 480 1671 fuerit
504 1639 550 1670 ut
576 1630 743 1670 monitis
775 1630 877 1670 meis
903 1630 1043 1671 minus
1076 1646 1208 1686 quam
1242 1632 1439 1686 equidem
1471 1633 1622 1673 vellem
1657 1643 1857 1674 uteretur.
1902 1635 2084 1686 Etenim,

128 1723 176 1755 ut
203 1714 340 1754 statim
375 1713 417 1753 in
450 1711 717 1767 praefationis
748 1712 893 1752 limine
924 1712 1106 1767 ingenue
1137 1713 1358 1769 profitear,
1399 1714 1516 1768 quod
1548 1714 1673 1754 etiam
1705 1729 1789 1754 non
1820 1713 1982 1754 dicente
2014 1730 2083 1756 me

129 1793 269 1850 quivis
309 1793 466 1834 harum
503 1792 723 1833 literarum
763 1806 920 1847 gnarus
959 1807 1012 1832 ex
1056 1791 1146 1847 ipso
1187 1810 1315 1850 opere
1360 1804 1598 1850 cognoscet,
1639 1810 1722 1835 non
1757 1803 1844 1835 erat
1874 1794 2083 1849 Koppius,

130 1877 302 1931 qualem
335 1891 450 1916 nunc
480 1875 743 1931 philologum
778 1890 865 1915 esse
898 1875 1122 1925 volumus,
1169 1874 1237 1914 vel
1270 1889 1292 1915 a
1324 1875 1593 1930 linguarum,
1646 1874 1839 1930 inprimis
1870 1876 2081 1926 Graecae,

130 1956 326 1997 interiore
351 1956 506 2006 notitia,
540 1955 606 1995 vel
633 1970 654 1995 a
679 1955 968 1995 subtilioribus
995 1956 1092 1997 artis
1117 1956 1282 1997 criticae
1306 1965 1434 2011 atque
1460 1949 1695 2010 exegeticae
1719 1955 1882 2010 legibus
1907 1956 2082 1998 omnino

129 2040 377 2090 instructus,
432 2052 572 2093 neque
612 2037 653 2078 id
693 2038 850 2079 mirum
893 2053 981 2079 esse
1020 2036 1169 2094 poterit
1206 2036 1249 2077 in
1288 2051 1408 2087 sene,
1453 2035 1529 2089 qui
1567 2049 1705 2089 quum
1744 2035 2078 2077 robustissimam

132 2128 308 2160 aetatem
352 2118 524 2173 negotiis
562 2117 741 2173 publicis
783 2117 974 2173 gerendis
1012 2117 1302 2174 impendisset,
1352 2130 1642 2171 magnamque
1687 2115 1796 2157 vitae
1833 2125 1998 2171 partem
2037 2117 2079 2157 in

129 2215 300 2241 summo
330 2199 502 2241 honoris
528 2199 687 2254 fastigio
720 2199 965 2239 constitutus
990 2198 1096 2239 inter
1126 2198 1374 2254 gravissima
1405 2211 1587 2237 munera
1618 2197 1949 2252 principumque
1978 2211 2080 2237 con-

130 2282 219 2323 silia
259 2281 540 2336 transegisset,
591 2295 723 2335 prope
767 2278 1160 2334 quinquagenarius
1207 2279 1384 2321 demum
1429 2279 1656 2319 turbarum
1697 2279 1886 2319 civilium
1927 2293 2079 2333 perpe-

131 2372 314 2418 tuaeque
354 2376 498 2403 rorum
538 2361 732 2401 omnium
775 2360 1059 2401 conversionis
1100 2371 1315 2416 pertaesus
1347 2360 1398 2402 ad
1430 2359 1587 2400 harum
1618 2373 1662 2399 se
1692 2358 1910 2400 literarum
1942 2357 2079 2398 studia

132 2444 373 2494 contulerit,
423 2457 471 2482 ac
515 2457 568 2482 ne
606 2451 697 2482 tum
746 2440 922 2496 quidem
963 2441 1003 2482 in
1048 2455 1133 2483 una
1181 2456 1330 2484 earum
1377 2450 1495 2497 parte
1536 2438 1782 2489 constiterit,
1833 2438 1904 2478 sed
1943 2447 2077 2479 totum

133 2521 378 2564 eruditionis
417 2523 566 2565 orbem
607 2532 749 2566 mente
785 2537 864 2567 sua
910 2522 1301 2580 comprehenderit,
1343 2521 1538 2577 dumque
1576 2529 1616 2561 et
1653 2518 1923 2560 orientalibus
1953 2518 2080 2560 literis

1625 2601 1643 2634 Ι
1664 2601 1684 2624 *
