2310 2860
727 161 925 205 Martiani
966 163 1164 221 Capellae
1194 165 1265 207 lib.
1288 165 1364 208 IV.
1395 168 1425 219 ᾗ.
1449 166 1550 210 556.

828 322 977 371 QUID
1014 322 1105 364 SIT
1140 322 1477 366 UNIVOCUM.

341 427 588 469 Univocum
623 437 703 479 ost,
756 428 929 484 quando
961 429 1150 470 duarum
1188 438 1262 470 aut
1298 430 1491 485 plurium
1523 445 1672 474 rerum
1703 447 1841 476 unum
1871 450 2030 479 nomen
2066 446 2126 480 est
2153 435 2244 479 556

170 515 209 547 et
248 504 454 558 definitio,
514 516 561 548 ut
601 507 739 549 vestis.
805 508 918 548 Nam
961 518 999 550 et
1028 509 1171 550 birrus
1211 518 1251 550 et
1281 511 1422 552 tunica
1453 527 1609 553 nomen
1640 514 1764 555 vestis
1795 514 1954 558 habent
1984 526 2023 558 ct
2051 517 2126 559 de·

169 586 402 629 finitionem
443 598 620 644 possunt
657 589 860 644 accipere.
920 589 1033 645 Ergo
1065 592 1147 632 hoc
1179 592 1415 636 univocum
1453 594 1496 636 in
1526 595 1688 651 generis
1719 597 1825 639 serie
1858 598 2125 654 intelligitur,

169 669 286 727 quod
317 679 357 712 et
384 684 543 712 nomen
574 679 614 711 et
646 669 933 711 definitionem
966 670 1038 712 dat
1068 671 1216 713 formis
1246 674 1348 714 suis.

847 827 995 877 QUID
1041 827 1450 871 PLURIVOCUM.

335 933 613 975 Plurivocum
654 943 734 985 est,
774 932 947 989 quando
979 933 1122 974 multis
1153 936 1399 978 nominibus
1433 949 1521 980 una
1551 950 1617 980 res
1648 936 1821 992 dicitur,
1862 949 1908 982 ut
1937 941 2121 999 gladiu33
2149 942 2236 985 557

163 1028 263 1055 nam
304 1023 344 1055 et
374 1015 480 1055 ensis
513 1023 552 1055 et
581 1028 732 1055 mucro
764 1013 878 1055 idem
910 1014 1156 1070 significant.

664 1170 826 1221 QUAE
864 1171 1052 1214 REBUS
1091 1172 1287 1215 VERBA
1331 1174 1444 1216 SUA
1484 1175 1632 1217 SINT.

330 1276 478 1318 Rebus
523 1276 656 1318 verba
693 1291 772 1318 sua
808 1287 925 1331 sunt,
977 1292 1090 1334 quae
1122 1280 1333 1323 naturalia
1371 1290 1500 1338 atque
1538 1282 1666 1324 etiam
1704 1283 1880 1340 propria
1917 1281 2119 1336 dicimus,
2152 1286 2240 1328 558

164 1365 210 1398 ut
240 1356 368 1413 lapis,
406 1357 596 1412 lignum,
630 1367 669 1399 et
700 1367 848 1399 cetera.

926 1464 1088 1515 QUAE
1131 1465 1363 1507 ALIENA.·

327 1552 479 1593 Aliena
508 1561 626 1603 sunt,
675 1566 787 1607 quae
817 1553 981 1593 ratione
1014 1554 1157 1609 aliqua
1195 1564 1471 1606 mutuantur,
1516 1556 1584 1597 vel
1614 1566 1787 1613 propter
1816 1557 2120 1610 necessitatem,
2148 1559 2239 1602 553

232 1659 342 1706 uestis]
369 1660 459 1692 Idem
478 1659 659 1704 exemplum
675 1660 760 1704 apud
775 1660 934 1697 Isidorum
952 1661 1062 1705 (etym.
1077 1661 1111 1701 2,
1163 1663 1222 1693 hae
1247 1672 1326 1693 voce
1352 1661 1515 1705 Vopiscus
1545 1663 1599 1706 qui
1626 1664 1684 1694 ait:
1707 1664 1846 1696 »Donati
1867 1670 1943 1696 sunt
1965 1665 2004 1696 ab
2023 1663 2119 1698 Atre·

157 1725 221 1765 26,
247 1726 288 1765 53
319 1737 351 1769 p.
374 1724 444 1756 104
467 1722 579 1767 Arcv.)
605 1724 731 1765 legitur.
766 1724 982 1756 Cassiodorus
1006 1730 1111 1756 autem

158 1790 200 1833 (p.
220 1789 292 1821 558
324 1787 422 1831 Gar.)
454 1786 666 1819 Aristotelem
691 1792 819 1819 secutus
846 1789 907 1819 hoe
932 1788 1111 1819 substituit:

165 1851 314 1892 »animal‚
337 1851 454 1895 quippe
475 1851 562 1894 quod
583 1856 647 1881 tam
670 1851 781 1890 homo,
802 1863 895 1894 quam
915 1851 1001 1882 bos.«
1024 1851 1110 1882 Boe-

157 1914 224 1945 thio
250 1914 299 1958 (p.
316 1915 338 1946 5
357 1914 378 1945 f.
397 1919 429 1944 et
452 1913 543 1957 115)
571 1913 723 1945 nunivoca
745 1919 835 1952 sunt,
860 1925 942 1956 quae
971 1914 1030 1944 suh
1057 1925 1109 1946 eo-

157 1977 230 2008 dem
254 1975 382 2007 nomine
403 1980 435 2006 et
455 1974 513 2005 sub
540 1974 651 2005 eadem
675 1975 852 2005 substantia
874 1974 1102 2006 continentur.«

157 2040 281 2073 Graece
304 2034 518 2082 συνώνυμα
540 2037 756 2082 appellantur,
780 2037 926 2069 nimirum
948 2040 1055 2070 birrus
1077 2044 1109 2070 et

156 2105 285 2142 tunica,
311 2113 393 2147 quae
420 2101 489 2146 pari
513 2101 639 2143 generis
666 2101 795 2133 nominc
822 2107 925 2133 vestes
948 2102 1010 2133 diei
1033 2113 1107 2146 pos-

158 2171 247 2206 sunt,
283 2176 348 2196 non
381 2175 498 2206 genera
530 2163 615 2206 ipsa,
647 2163 734 2206 quod
765 2163 941 2195 Martianus
976 2170 1106 2209 putasse

155 2228 296 2269 videtur,
323 2227 378 2272 qui
398 2233 517 2259 vestem
536 2226 706 2259 univocum
734 2227 915 2270 appellavit.

230 2287 352 2334 birrus]
378 2288 522 2320 Isidorus
551 2288 634 2320 idem
659 2288 749 2332 ponit
775 2288 964 2333 exemplum.
1003 2288 1106 2322 Multa

158 2349 197 2381 de
218 2349 304 2381 birro
328 2349 469 2381 studiose
499 2349 629 2391 collegit
654 2350 815 2383 Mem-sius
848 2356 959 2382 noster
992 2350 1026 2382 in
1047 2351 1105 2383 cri-

157 2411 220 2442 tico
241 2410 445 2450 Arnobiano‚
471 2410 522 2441 cui
545 2411 617 2442 addi
633 2412 737 2455 possit
753 2411 899 2444 Zonarae
918 2412 1022 2453 locus,
1052 2412 1107 2456 qui

158 2475 200 2507 ait
221 2470 343 2520 βηρὸν
364 2477 486 2505 vestem
503 2483 574 2504 esse
593 2474 735 2516 sericam,
758 2476 843 2508 unde
865 2482 897 2508 et
918 2472 1106 2522 ὁλοβηραὶ,

156 2542 263 2571 vestes
289 2536 322 2568 in
346 2535 464 2567 codice.
499 2534 539 2567 In
564 2535 691 2569 Glossis
716 2550 797 2582 quae
825 2540 951 2571 Isidoro
975 2540 1105 2572 attribu-

1161 1724 1274 1758 baticis
1293 1724 1370 1756 birri
1383 1725 1505 1769 petiti.«
1521 1725 1624 1758 Gno-r.
1634 1745 1681 1750 ——
1694 1726 1844 1772 Inprimis
1861 1728 1932 1760 vide
1947 1728 2118 1761 Pithocum

1162 1786 1299 1830 (advers.
1321 1786 1353 1827 I,
1385 1788 1431 1819 16
1452 1787 1485 1818 in
1511 1787 1605 1822 Grut.
1630 1788 1725 1834 lamp.
1751 1789 1788 1821 T.
1812 1789 1854 1822 Π.
1883 1802 1914 1834 p.
1932 1789 2032 1833 765),
2062 1790 2117 1834 qui

1160 1851 1261 1886 multa
1282 1851 1321 1882 dc
1343 1863 1421 1883 voce
1444 1852 1499 1883 illa
1526 1853 1696 1894 congessit.

1228 1911 1440 1957 plurivocum]
1461 1914 1553 1946 Haec
1574 1920 1649 1946 suut
1670 1927 1752 1958 quac
1776 1926 1838 1948 nos
1859 1915 2048 1960 plerumque
2064 1927 2113 1960 sy·-

1158 1984 1297 2017 nonyma
1321 1974 1535 2018 appellamus,
1570 1975 1728 2008 Boethius
1755 1977 1803 2020 (p.
1826 1977 1918 2021 115)
1944 1979 2116 2011 multivoca

1158 2036 1243 2068 dicit.
1272 2037 1424 2069 Ceterum
1445 2039 1593 2070 subtilius
1617 2045 1728 2071 nostro
1745 2040 1985 2083 Quinctilianus
2005 2042 2038 2073 in
2059 2041 2112 2073 iis-

1157 2100 1230 2132 dem
1251 2102 1406 2146 exemplis
1428 2103 1506 2146 (10,
1532 2105 1571 2144 1,
1596 2105 1660 2144 113
1686 2116 1716 2148 p.
1734 2105 1780 2136 10
1802 2103 1994 2148 Spalding.):
2021 2110 2113 2136 »sunt

1157 2168 1263 2195 autem
1285 2164 1346 2195 alia
1368 2164 1463 2206 hujus
1485 2170 1634 2205 naturae,
1659 2171 1694 2197 ut
1714 2165 1800 2197 idem
1818 2166 1964 2210 pluribus
1980 2166 2112 2199 vocibus

1157 2226 1335 2267 declarent,
1370 2227 1414 2258 ita
1442 2233 1478 2259 ut
1503 2228 1584 2260 nihil
1616 2228 1870 2270 significationis,
1909 2240 1973 2273 quo
2002 2228 2110 2272 potius

1155 2288 1271 2328 utaris,
1302 2288 1444 2329 intersit,
1483 2295 1520 2321 ut
1550 2292 1636 2322 ensis
1667 2295 1700 2322 et
1732 2291 1878 2334 astutius,-
1919 2290 1994 2329 alia,
2027 2299 2109 2331 quae

1157 2351 1281 2383 etiamsi
1302 2353 1430 2396 propria
1451 2364 1556 2385 rerum
1573 2354 1749 2397 aliquarum
1774 2354 1838 2385 sint
1858 2352 2000 2391 nomina,
2024 2361 2108 2395 τρο-

1157 2413 1281 2454 πικῶς
1309 2416 1401 2459 quasi
1423 2421 1529 2449 tamen
1553 2417 1593 2448 ad
1619 2417 1754 2449 cundem
1781 2416 1976 2448 intellectum
1999 2414 2106 2446 ferun-

1155 2482 1222 2517 tur,
1251 2482 1287 2507 ut
1304 2477 1429 2519 ferrum
1452 2484 1484 2510 et
1509 2491 1626 2511 mucro.
1634 2494 1645 2508 «

1231 2540 1441 2587 mutuantur]
1469 2540 1526 2574 Sic
1553 2543 1666 2586 scripsi
1688 2553 1705 2573 e
1729 2540 1838 2573 codice
1861 2539 1983 2581 Grotii,
2012 2539 2107 2572 adsti-

157 2607 253 2634 untur
267 2599 384 2644 legitur
400 2598 642 2645 »amphibalum,
660 2600 779 2634 birrum
799 2603 975 2636 villosum«
1003 2603 1111 2636 Utitur
1158 2603 1289 2648 pulante
1317 2605 1457 2639 secunda
1486 2618 1582 2639 manu
1610 2606 1643 2637 in
1669 2602 1929 2645 Darmstattensi,
1958 2613 2018 2648 pro
2039 2614 2106 2635 mu-

1654 2665 1702 2697 44
