2310 2860
746 140 946 183 Martiani
979 139 1179 196 Capellae
1209 140 1280 181 lib.
1308 141 1386 182 IX.
1418 144 1448 194 ᾗ.
1472 141 1570 183 921.

2044 145 2129 185 71ῖέ

165 248 397 291 melodiam
444 248 673 290 omnisonis
727 248 1050 291 convenientem
1092 248 1286 303 pulsibus
1337 248 1617 291 modulorum
1663 250 1888 292 machinae
1935 250 2128 293 obeuntis

164 330 255 387 ipsa
285 331 485 387 rapiditas
517 341 557 372 et
589 332 780 372 concinat
809 340 848 372 et
872 339 1090 386 agnoscat3
1120 330 1193 371 sed
1218 330 1422 386 quoniam
1452 346 1617 372 emersa
1643 333 1763 373 terris
1794 333 1913 388 virgo
1938 343 2127 389 nuptura

162 414 430 455 vanescentia
468 414 852 470 intercapedinatae
889 413 1136 470 prolixitatis
1179 414 1337 455 oblivia
1373 414 1462 467 jam
1498 427 1654 468 supero
1688 413 1815 454 debet
1859 415 2003 470 vigore
2040 415 2127 456 dis-

165 502 330 546 cutere,
382 496 495 551 jussa
540 510 817 551 percurram,
866 496 901 536 si
939 496 1057 552 prius
1101 496 1288 551 ingratae
1334 494 1597 536 mortalitatis
1641 495 1868 536 commoda
1911 497 2127 552 repediata

160 589 418 617 recenseam.
477 577 595 618 Dum
628 592 698 618 me
737 577 898 633 quippe
936 593 1186 632 germanam
1234 577 1552 633 gemellamque
1589 577 1706 617 coelo
1748 577 1816 617 illa
1855 579 2128 634 incogitabilis
2156 576 2246 619 922

161 654 409 710 effigientiae
448 658 660 712 genuisset
704 658 986 710 immensitas,

1048 659 1235 700 sidereae
1286 658 1562 699 revolutionis
1609 672 1816 699 excursus
1866 669 1993 714 atque
2037 661 2128 716 ipsa

162 739 286 780 totius
331 740 453 781 molis
497 741 719 783 volumina
763 743 957 783 comitata
1003 755 1179 796 superos
1222 739 1458 794 incitosque
1508 739 1695 795 fulgores
1740 740 1875 781 modis
1919 743 2126 783 associans

163 833 367 861 numeros
417 836 501 862 non
541 821 718 877 reliqui3

783 822 852 863 sed
907 837 1047 878 quum
1098 822 1169 862 illa
1217 835 1367 861 monas
1415 821 1798 876 intellectualisque
1843 822 1948 862 lueis
1989 823 2129 878 prima

161 897 361 941 formatio
387 902 549 943 animas
576 903 760 944 fontibus
793 913 1038 944 emanantes
1069 903 1110 943 in
1136 913 1350 944 terrarum
1382 902 1624 944 habitacula
1656 903 1836 958 rigaret,
1868 904 2129 946 moderatrix

161 995 312 1023 earum
336 983 450 1037 jussa
480 999 576 1024 sum
609 984 835 1038 demeare3
866 985 1053 1041 denique
1084 1000 1287 1027 numeros
1322 985 1609 1040 cogitabilium
1641 985 1883 1026 motionum
1918 986 2131 1041 totiusque

164 1062 394 1104 voluntatis
433 1065 645 1119 impulsus
679 1065 770 1120 ipsa
801 1080 950 1107 rerum
983 1065 1228 1122 dispensans
1260 1070 1580 1124 congruentiam
1613 1069 1922 1124 temperabam.
1981 1070 2128 1119 Quam
2160 1069 2250 1110 925

161 1158 252 1185 rem
293 1145 452 1186 debere
497 1147 750 1187 mortalibus
797 1149 1005 1189 universis
1043 1148 1370 1203 Theophrastus
1417 1149 1646 1200 laboravit3

1706 1149 1960 1205 Pythagorei
2003 1150 2127 1190 etiam

159 1225 418 1279 docuerunt,
455 1227 659 1268 ferociam
702 1228 832 1269 animi
871 1229 980 1269 tibiis
1020 1239 1093 1270 aut
1124 1228 1279 1270 fidibus
1314 1230 1577 1281 mollientes,
1632 1243 1730 1269 eum
1763 1230 2015 1285 corporibus
2056 1229 2131 1270 ad-

233 1392 401 1424 melodiam
427 1391 614 1437 onmis-onis]
641 1392 798 1423 Nimirum
823 1394 1028 1436 sphaerarum
1046 1404 1122 1424 con·

161 1462 306 1497 centum,
346 1456 385 1488 de
411 1468 474 1500 quo
502 1456 649 1500 superius
679 1456 720 1501 (ξ.
740 1458 838 1500 905).

236 1517 421 1564 repediata]
450 1519 547 1551 Forte
573 1520 763 1562 repudiata,
792 1519 825 1550 ni
853 1519 944 1550 malis
969 1519 1122 1562 repedate

162 1583 292 1627 antiqua
317 1595 405 1616 voce.
441 1584 608 1626 Repe-dare
631 1583 715 1614 enim
741 1588 792 1614 est
811 1584 923 1626 pedem
944 1584 1122 1622 retrahere,

161 1651 196 1676 ut
217 1645 413 1686 grammatici
437 1646 563 1677 docent.
582 1645 743 1677 Gnor.———
768 1644 807 1677 lu
833 1645 973 1686 margine
998 1645 1122 1678 facilior

161 1707 257 1739 lectio
294 1713 399 1740 exstat
429 1709 584 1751 repetita,
623 1707 680 1738 scd
713 1708 774 1739 hoc
806 1707 874 1749 jam
908 1707 941 1739 in
973 1707 1122 1751 sequenti

161 1782 345 1802 recenseam
377 1770 577 1810 continctur3
612 1781 710 1813 quare
739 1769 846 1801 malim
872 1771 1058 1813 repudiata,
1087 1775 1121 1802 nt

162 1845 256 1878 supra
271 1835 365 1866 etiam
379 1833 516 1878 (§.899)
535 1834 728 1875 »terrigenae
746 1834 930 1865 stoliditatis
945 1833 1119 1875 ignaviam«

162 1901 193 1927 et
226 1896 430 1927 »melicornm
464 1896 636 1927 indocilem
664 1895 907 1927 mortalitatem«
941 1908 1010 1927 eam
1044 1896 1121 1928 orbe

163 1958 321 2002 terrisque
346 1957 492 1999 abegisse
520 1957 609 1988 dixit.

238 2019 340 2066 coelo]
364 2021 441 2064 Quo
465 2020 580 2052 melius
601 2019 767 2064 sequentia
785 2019 961 2061 intelligas,
993 2019 1044 2050 adi
1068 2031 1122 2063 pa-

162 2085 399 2129 laeographiam
424 2097 526 2116 meam
553 2084 693 2116 criticam
722 2084 807 2128 (III,
835 2083 863 2129 ἓ.
880 2083 967 2128 470)
991 2089 1023 2116 et
1046 2084 1121 2116 Pla-

163 2155 270 2181 tonem
296 2149 348 2192 (dc
373 2160 407 2179 rc
433 2148 523 2192 publ.
544 2149 576 2187 7,
605 2160 636 2191 p.
653 2148 721 2179 551
745 2147 882 2191 Stcph.).

235 2208 444 2255 effiyientiae]
471 2209 541 2242 Alii
570 2215 653 2241 teste
683 2209 798 2242 Grotio
827 2209 861 2241 in
890 2208 1031 2251 margine
1059 2209 1121 2252 effi-

165 2277 315 2314 donnae,
340 2275 427 2318 qnod
450 2275 564 2306 codem
592 2274 690 2314 redit,
735 2273 893 2318 siquidem
910 2275 971 2306 hoc
991 2273 1063 2305 loco
1082 2273 1122 2304 de

166 2349 289 2368 summo
321 2337 381 2368 deo
419 2348 524 2368 rerum
558 2337 698 2368 omnium
734 2341 877 2368 creatore
907 2348 948 2368 ex
975 2335 1122 2367 Platonis

167 2399 323 2432 sententia
347 2398 507 2442 loquitur3
544 2399 601 2431 sed
623 2412 693 2431 cam
716 2398 818 2443 ipsam
840 2399 882 2431 ob
903 2411 1031 2431 causam
1054 2398 1122 2430 vul-

167 2471 270 2507 gatam
293 2463 464 2495 lectionem
492 2463 635 2507 quamvis
660 2463 902 2495 insolentiorcm
925 2462 1073 2508 praetuli.

241 2524 380 2571 animas]
407 2525 553 2557 Platonis
570 2525 735 2557 Timaeum
754 2526 885 2571 respicit
910 2526 952 2571 (p.
969 2527 1030 2560 41.
1049 2525 1122 2570 42),

169 2591 221 2623 nbi
251 2596 420 2635 postquam
448 2589 550 2635 ipsius
580 2589 689 2621 mundi
723 2590 825 2622 anima
857 2590 1048 2623 harmonicis
1073 2602 1121 2624 ra-

1173 1393 1314 1425 tionibus
1338 1395 1474 1426 conssata
1501 1396 1597 1427 suerit
1622 1397 1665 1439 (p.
1683 1398 1741 1428 55.
1765 1397 1844 1439 56),
1870 1397 1984 1428 eodem
2012 1403 2131 1440 tempe-

1173 1462 1317 1487 ramento
1344 1457 1437 1488 etiam
1458 1457 1600 1498 singulas
1620 1458 1783 1489 hominnm
1804 1458 1924 1489 animas
1944 1458 2130 1491 distributas

1173 1530 1244 1550 esse
1267 1518 1413 1560 legimus,
1440 1520 1490 1550 De
1515 1520 1650 1551 monade
1680 1520 1751 1551 vide
1777 1520 1924 1563 superius
1947 1519 1990 1565 (ἓ.
2010 1521 2104 1564 751).

1247 1580 1465 1626 moderatrix]
1494 1582 1544 1612 Dc
1564 1582 1593 1613 vi
1618 1582 1756 1613 musices
1778 1582 1816 1613 ad
1840 1582 2050 1614 excolendum
2075 1584 2130 1614 ho-

1172 1642 1289 1673 miuem
1315 1655 1354 1674 cx
1379 1643 1539 1675 sententia
1568 1644 1716 1675 Platonis
1743 1644 1869 1686 egregia
1894 1650 1999 1676 exstat
2021 1645 2128 1689 dispu-

1172 1707 1250 1738 tatio
1279 1705 1588 1739 Annc-dcn-Texii
1617 1708 1776 1752 (Trajccti
1799 1709 1838 1740 ad
1866 1709 1970 1741 Rhen.
1998 1710 2129 1752 1816),

1172 1781 1265 1814 quam
1294 1769 1376 1801 vide.

1251 1831 1513 1878 Theophrastus]
1552 1833 1768 1877 Theophrasti
1802 1833 1902 1865 libros
1936 1835 1974 1866 de
2009 1836 2130 1867 nmsz'ca

1172 1895 1282 1926 laudat
1313 1895 1477 1936 Diogenes
1514 1894 1662 1925 Laertius
1688 1896 1748 1939 (5,
1774 1895 1863 1939 47);
1898 1896 2023 1938 insigne
2047 1898 2129 1940 frag-

1173 1965 1314 1991 mentum
1341 1964 1446 1990 exstat
1476 1958 1560 2003 apud
1587 1959 1802 2003 Porphyrium
1828 1960 1879 2004 (in
1903 1961 2128 1993 Harmonicam

1173 2024 1352 2056 Ptolemaei
1375 2036 1407 2067 p.
1423 2024 1526 2067 ΜΕ),
1554 2023 1626 2055 side
1643 2024 1825 2056 Fabricium
1852 2024 1897 2069 (in
1921 2025 1998 2057 bibl.
2018 2025 2076 2058 Gr.
2094 2027 2128 2058 5.

1172 2088 1212 2128 95
1243 2099 1272 2129 p.
1291 2086 1394 2128 25³),
1420 2086 1476 2130 qni
1499 2087 1691 2119 Martianum
1714 2098 1844 2131 quoque
1865 2087 1950 2119 idem
1976 2099 2057 2133 opus
2081 2099 2126 2119 re-

1173 2149 1295 2194 spicere
1317 2153 1437 2180 censet.

1244 2210 1398 2255 ferociam
1413 2208 1526 2256 animi]
1554 2208 1743 2242 Athenaeus
1762 2211 1836 2255 (14,
1857 2212 1920 2251 183
1946 2223 1976 2254 p.
1989 2210 2062 2243 625
2077 2210 2127 2254 t'.):

1174 2271 1378 2322 θησαυρός
1397 2275 1478 2310 ἐστι
1502 2272 1567 2309 καὶ
1583 2273 1741 2315 βέβαιος
1765 2272 1789 2320 ἡ
1816 2271 1980 2319 μουσικὴ
2005 2270 2127 2309 ἅπασι

1173 2344 1258 2379 τοῖς
1274 2338 1448 2382 μαθοῦσι
1466 2337 1717 2374 παιδευθεῖσί
1730 2349 1786 2372 τε·
1802 2335 1868 2372 καὶ
1881 2334 1956 2384 γὰρ
1975 2334 2025 2372 τὰ
2042 2335 2126 2383 ἢθη

1174 2398 1350 2436 παιδεύει
1380 2399 1444 2436 καὶ
1475 2398 1571 2441 τοὺς
1602 2386 1827 2445 θυμοειὸεῑῖ·
1854 2397 1919 2434 καὶ
1940 2396 2012 2439 τὰς
2030 2396 2127 2445 γνώ-

1174 2476 1249 2509 μας
1270 2460 1487 2512 διαφόρους
1500 2460 1779 2510 καταπραϋνει·
1795 2462 1980 2502 Ηλεινίας
1992 2462 2092 2510 γοῦν
2106 2462 2127 2497 ὸ

1174 2525 1451 2576 Πυθαγόρειος
1484 2527 1549 2564 καὶ
1589 2528 1644 2576 τῴ
1681 2526 1755 2574 βίῳ
1796 2524 1861 2561 καὶ
1895 2531 1981 2567 τοῖς
2011 2524 2127 2573 ἤθεσι

1173 2590 1395 2640 διαφορῶν,
1436 2592 1472 2628 εἴ
1502 2600 1599 2626 ποτε
1635 2587 1838 2629 συνέβαινε
1868 2587 2128 2634 χαλεπαίνειν

1642 2654 1690 2685 80
1707 2650 1728 2674 *
