2310 2860
715 183 914 225 Martiam
945 182 1144 239 capenae
1182 180 1326 225 nav.
1363 185 1394 236 ᾗ.
1415 167 1512 225 ¹527.
1999 189 2090 231 455

144 305 256 332 nunc
286 290 425 332 Aulus
451 289 633 331 Caecina
657 290 824 332 cederet
848 291 961 332 Sexti
984 290 1122 331 Ebuci
1142 289 1451 345 impudentiae,
1483 304 1617 346 quam
1642 300 1735 333 tuin
1758 293 1800 334 in
1824 295 1869 334 vi
1901 294 2101 338 faciunda

144 371 261 411 cessit
293 371 535 412 audaeiae.“
595 371 719 420 Quae
752 371 893 411 multis
926 380 1085 411 constat
1119 386 1170 411 ex
1203 370 1430 421 membris,
1474 385 1585 426 quae
1616 377 1723 412 κῶλα
1755 375 1907 417 Graeci
1938 377 2097 430 dicunt,

145 459 183 491 et
213 466 265 491 ex
298 452 440 503 caesis,
473 466 584 506 quae
616 452 791 500 κόμματα
824 450 1048 505 appellant.
1088 450 1337 492 Menibrum
1372 461 1431 492 est
1461 467 1558 507 pars
1590 456 1787 495 orationis
1819 471 1870 496 ex
1901 458 2099 514 pluribus

141 533 283 573 verbis
316 533 505 573 absolute
536 533 698 587 aliquid
733 532 988 587 significans,
1020 532 1101 572 hoc
1132 531 1282 573 modo:
1306 532 1423 583 „Etsi
1458 548 1633 584 vereor,
1663 536 1846 588 judices,
1895 553 1947 578 ne
1973 547 2098 592 turpe

142 614 193 654 sit
229 630 307 670 pro
346 614 573 656 fortissimo
616 616 710 656 viro
748 615 886 655 dicere
927 613 1196 667 incipientem
1235 612 1432 654 timere.“
1501 614 1683 655 Caesum
1727 626 1867 657 autem
1909 627 1968 657 est
2001 632 2099 672 pars

143 695 341 736 orationis
380 711 432 736 ex
470 695 638 737 duobus
670 705 742 737 aut
772 694 966 750 pluribus
1005 694 1146 734 verbis
1184 694 1377 734 nondum
1420 694 1580 748 aliquid
1622 696 1810 737 absolute
1841 697 2099 753 significans3

142 789 396 830 quanquam
445 791 609 817 caesam
658 775 890 816 orationem
926 774 1141 824 dicamus,
1187 788 1324 828 quum
1364 776 1528 830 singula
1566 778 1696 818 verba
1728 779 1910 833 quodvis
1942 779 2098 834 signifi-

142 857 277 898 cantia
307 858 605 912 proferuntur,
636 867 683 898 ut
713 867 793 898 est:
826 857 963 908 „Quis
998 865 1057 896 est
1089 855 1164 896 iste
1195 856 1377 907 Lollius,
1410 857 1484 911 qui
1515 857 1603 897 sine
1634 858 1748 899 ferro
1782 874 1834 898 ne
1857 873 1970 898 nunc
2003 860 2101 913 qui·

142 935 239 977 dem
280 947 420 978 tecum
462 938 548 979 cst?
595 938 701 988 Quis
741 947 801 979 est
830 939 903 979 iste
943 937 1125 987 Lollius,
1182 936 1364 991 armiger
1407 936 1630 989 Catilinae,
1677 939 1850 994 stipator
1894 940 1954 979 tui
2003 953 2102 979 cor-

140 1017 274 1071 poris,
324 1019 550 1058 eoncitator
594 1018 959 1066 tabernariorum,
1016 1031 1265 1072 percussor,
1315 1017 1523 1073 lapidator
1561 1020 1768 1060 curiae?“
1826 1021 1880 1062 Et
1909 1021 1952 1061 in
1988 1020 2100 1062 Ver-

139 1097 259 1137 rinis:
294 1097 509 1148 „Comites
548 1098 607 1137 illi
651 1098 800 1137 delecti
851 1111 1004 1137 manus
1053 1107 1172 1138 erant
1230 1106 1347 1139 tuae:
1393 1100 1575 1150 accensi,
1634 1099 1808 1151 medici,
1866 1100 2102 1155 aruspices,

137 1177 322 1227 scribae,
376 1187 472 1218 tuae
513 1187 632 1218 erant
671 1180 868 1217 manus.“
943 1177 1110 1218 Verum
1157 1179 1352 1234 superior
1387 1180 1587 1234 periodus
1630 1190 1788 1221 constat
1833 1195 1885 1221 ex
1929 1180 2098 1222 duobus

139 1258 345 1299 membris
370 1268 410 1300 et
434 1274 485 1299 ex
511 1260 645 1300 trihus
671 1269 711 1300 et
736 1275 787 1300 ex
814 1269 1016 1315 quatuor,
1050 1258 1269 1300 interdum
1295 1267 1334 1298 et
1357 1273 1453 1311 sex3
1488 1260 1688 1314 quamvis
1714 1276 1765 1301 ex
1790 1275 1877 1301 uno
1904 1261 2100 1303 membro

213 1373 309 1408 qnam
331 1359 417 1405 τιιηι]
450 1361 549 1403 Quod
575 1373 631 1404 pro
657 1362 744 1393 hisee
775 1362 881 1394 verbis
909 1362 992 1405 apud
1023 1374 1095 1393 nos-

139 1430 221 1455 trum
239 1425 406 1466 legebatur
416 1430 606 1471 nqnanlum«
622 1425 654 1455 in
671 1425 756 1456 notis
771 1425 838 1466 jam
858 1425 995 1456 correxit
1013 1424 1095 1456 Gro-

142 1487 214 1518 tius.
241 1486 285 1517 Et
303 1486 446 1529 quamvis
472 1486 556 1529 apud
577 1485 730 1529 Aquilam
748 1486 873 1527 legatur
896 1498 1008 1529 »quain
1029 1491 1096 1516 tum

139 1560 237 1591 quum
250 1548 283 1579 in
299 1547 447 1580 fiieiunda
463 1547 560 1578 cessit
575 1547 737 1587 audacia«,
759 1553 844 1579 recte
866 1553 971 1578 tamen
986 1552 1097 1578 noster

140 1624 157 1643 e
185 1611 405 1653 Quinctiliano
434 1616 466 1642 et
489 1611 646 1643 Cicerone
670 1611 740 1654 ipso
771 1611 967 1651 defenditur,
992 1609 1095 1654 Aqui-

138 1676 188 1707 lae
215 1676 312 1717 igitur
337 1676 443 1708 locuni
473 1680 658 1719 corruptum
680 1687 750 1706 esse
771 1680 871 1719 patet.

212 1752 253 1771 ex
282 1738 446 1784 membris]
482 1739 596 1771 Cicero
621 1739 712 1783 (orat.
740 1738 818 1781 62):
847 1750 946 1782 »quae
975 1737 1095 1770 Graeci

139 1797 312 1844 κόμματα
339 1806 371 1833 et
397 1799 502 1835 κῶλα
529 1801 711 1841 nominant,
737 1800 846 1832 neseio
871 1812 928 1832 cur
945 1812 1005 1831 nos
1029 1812 1094 1831 non

139 1867 225 1893 reete
249 1864 351 1894 incisa
375 1868 408 1893 et
429 1863 569 1894 membra
596 1862 765 1893 dieamus.«
798 1860 894 1893 Adde
917 1861 1094 1893 Auctorem

141 1923 180 1954 ad
204 1923 404 1954 Herennium
425 1923 478 1966 (4,
508 1923 583 1965 19),
610 1923 864 1966 Quinctilianum
882 1923 936 1966 (9,
963 1923 1004 1962 4,
1028 1923 1094 1962 223

139 1998 172 2030 p.
189 1987 260 2018 553
288 1985 430 2029 Spald.),
456 1984 609 2029 Aquilam
632 1986 676 2029 (p.
695 1986 776 2017 159.
805 1984 906 2028 160),
938 1990 970 2016 et
990 1984 1093 2018 Isido-

139 2060 209 2081 rum
231 2050 339 2093 (etym.
362 2050 400 2089 1,
431 2049 496 2089 20,
521 2049 545 2079 2
571 2048 683 2092 scqu.).

214 2114 277 2145 etsi
299 2111 423 2157 vereor]
452 2112 566 2144 Oratio
589 2123 648 2156 pro
669 2111 790 2144 Milone
813 2111 852 2143 ab
874 2111 975 2145 initio.

213 2187 290 2220 pars
316 2175 483 2221 orationis]
510 2175 549 2207 In
567 2175 662 2207 editis
682 2181 830 2218 corrupte
847 2177 926 2207 hace
946 2174 1094 2216 legeban-

141 2244 207 2270 tur:
234 2251 324 2283 »pars
351 2240 503 2271 orationis
529 2251 569 2271 cx
593 2239 718 2270 duobus
743 2245 797 2269 aut
819 2239 965 2282 pluribus
988 2238 1094 2270 verbis

143 2301 218 2332 dum
243 2301 412 2343 quiequam
444 2301 590 2332 absolute
618 2301 874 2342 significamus«,
909 2301 966 2331 sed
993 2300 1094 2332 codex

141 2361 347 2394 Monacensis
369 2360 425 2404 (C)
445 2362 512 2402 jam
536 2374 594 2405 pro
617 2362 848 2406 posterioribus
873 2362 978 2393 verbis
1001 2373 1092 2406 prae-

142 2424 193 2455 bet
224 2422 362 2465 »aliquid
384 2421 529 2453 absolute
556 2423 775 2464 significansu3
803 2423 887 2455 unde
910 2429 1092 2469 comparato

142 2483 263 2528 Aquila
288 2483 331 2526 (p.
353 2483 435 2525 160)
457 2495 562 2515 veram
586 2484 754 2516 lectionem
777 2485 912 2517 restitui.

218 2549 278 2578 iste
294 2545 430 2591 Lollius]
456 2547 596 2578 Rcstitui
615 2559 632 2578 e
655 2548 817 2581 codicibus
832 2549 1018 2582 Monaeensi
1037 2548 1093 2594 (C)

144 2616 176 2644 ct
191 2609 454 2651 Darmstauensi,
478 2610 564 2654 quod
587 2610 671 2655 apud
691 2611 795 2655 ipsum
814 2625 941 2657 quoque
963 2613 1093 2646 Cicero-

1147 1376 1219 1395 nem
1242 1364 1313 1408 (pro
1332 1364 1427 1395 domo
1446 1363 1481 1407 5)
1500 1364 1632 1405 legitur,
1657 1365 1739 1398 male
1766 1365 1918 1399 Grotius:
1945 1369 2034 1413 »quis
2051 1375 2102 1400 est

1146 1424 1260 1456 Lolli.«

1222 1483 1392 1530 lapidator]
1429 1485 1531 1516 Deest
1556 1486 1694 1518 Iicitator
1716 1486 1966 1529 fori.Gno·1·.-—
1993 1489 2101 1522 Grotii

1146 1560 1287 1580 errorem
1315 1561 1355 1581 ex
1379 1549 1485 1591 inepta
1507 1548 1547 1579 R.
1571 1547 1728 1592 Stephani
1751 1551 1971 1583 emendatione
1994 1558 2100 1584 ortum

1140 1611 1209 1653 jam
1243 1612 1365 1643 notavit
1402 1611 1615 1642 Ruhnkeuius
1657 1612 1696 1643 ad
1731 1612 1885 1656 Aquilam
1918 1615 1967 1658 (p.
1994 1615 2101 1658 160),

1146 1675 1201 1706 ubi
1232 1675 1316 1706 idem
1340 1675 1520 1717 exemplum
1539 1679 1658 1715 exstat,
1687 1676 1742 1706 sed
1764 1676 1797 1706 in
1820 1677 1968 1708 extremis
1994 1679 2100 1710 *erbis

1145 1739 1310 1784 paululum
1332 1738 1544 1769 immutatum:
1572 1750 1776 1781 npewussor,
1802 1739 1934 1771 latrator
1947 1741 2022 1779 fori,
2046 1742 2099 1773 de-

1145 1801 1316 1845 populator
1340 1800 1473 1831 curiaen«
1507 1799 1685 1843 Utrumque
1707 1805 1810 1831 tamen
1834 1801 1978 1833 turbasse
1998 1802 2100 1846 ipsius

1144 1863 1208 1895 loci
1231 1861 1435 1895 Ciceroniani
1458 1861 1650 1904 comparatio
1670 1861 1812 1893 docebit:
1838 1862 1939 1905 »Quis
1967 1870 2018 1895 est
2039 1864 2100 1895 iste

1144 1925 1294 1956 Lollius?
1323 1924 1377 1967 qui
1396 1923 1464 1954 sine
1483 1923 1566 1954 ferro
1592 1934 1632 1953 ne
1657 1934 1742 1953 nune
1768 1922 1896 1965 quidem
1918 1929 2022 1956 tecum
2039 1931 2100 1965 est,

1145 1986 1200 2028 qui
1223 1991 1254 2016 te
1279 1985 1407 2016 tribuno
1429 1983 1549 2028 plebis,
1572 1983 1651 2015 nihil
1677 1983 1716 2014 de
1743 1995 1794 2015 me
1819 1984 1937 2025 dicam,
1964 1986 2020 2017 sed
2045 1986 2102 2028 qui

1145 2046 1206 2079 Cn.
1220 2047 1412 2090 Pompejum
1435 2043 1688 2075 interficiendum
1712 2044 1908 2089 depoposcit.
1942 2045 2027 2089 Quis
2050 2053 2102 2079 est

1145 2110 1205 2142 iste
1230 2109 1388 2151 Sergius?
1424 2107 1558 2148 armiger
1580 2107 1754 2147 Catilinae,
1789 2108 1923 2152 stipator
1951 2110 1999 2141 tui
2030 2122 2098 2142 cor-

1144 2173 1248 2217 poris,
1273 2172 1404 2214 signit'er
1428 2170 1610 2211 seditionis,
1639 2171 1814 2204 concitator
1835 2172 2097 2213 tabernariorum,

1145 2234 1312 2265 damnatus
1336 2231 1537 2274 injuriarum,
1561 2244 1748 2275 percussor,
1771 2232 1946 2277 lapidator,
1967 2234 2029 2266 fori
2045 2234 2097 2266 de—

1144 2295 1333 2340 populator,
1363 2294 1516 2325 obsessor
1541 2294 1675 2325 curiae.«

1216 2356 1357 2402 comites]
1386 2357 1501 2389 Cicero
1518 2356 1564 2401 (in
1581 2357 1674 2390 Verr.
1699 2358 1739 2398 2,
1765 2356 1839 2400 10)=
1863 2356 2025 2390 »Comites
2045 2356 2095 2388 illi

1143 2421 1190 2453 tui
1214 2421 1329 2453 delecti
1366 2433 1478 2452 manus
1512 2426 1602 2452 erant
1632 2427 1714 2453 tuae.
1752 2420 1926 2461 Praefecti,
1956 2420 2094 2461 scribae,

1142 2485 1272 2525 medici,
1298 2484 1438 2524 accensi,
1468 2483 1645 2527 aruspices,
1678 2495 1852 2528 praecones
1877 2488 1966 2514 erant
1982 2494 2095 2515 manus

1144 2555 1244 2581 tuae.«
1273 2547 1409 2579 Brevior
1428 2546 1523 2579 etiam
1537 2552 1648 2578 nostro
1668 2546 1787 2590 Aquila
1803 2546 1847 2589 (p.
1862 2546 1932 2577 160
1944 2546 2096 2590 Ruhnk.).

1144 2612 1247 2645 Vides
1279 2622 1344 2644 non
1375 2611 1478 2645 omnia
1511 2611 1549 2644 ab
1574 2611 1644 2643 istis
1668 2620 1739 2641 esse
1766 2608 1940 2652 exscripta,
1973 2610 2029 2642 sed
2058 2622 2095 2643 ea

2131 1178 2219 1223 529
