2310 2860
780 130 979 173 Martiani
1017 130 1215 187 Capellae
1254 132 1324 173 lib.
1350 131 1382 173 Ι.
1421 134 1451 185 §.
1481 134 1546 175 15.

206 246 438 293 actumque
466 237 788 279 flammantibus
820 239 939 280 velut
968 248 1163 281 auratam
1194 238 1424 279 caesariem
1451 239 1566 281 rutili
1595 240 1760 283 verticis
1786 242 1989 284 imitatur.

2095 141 2158 182 43

2046 243 2157 286 Hinc

205 332 382 374 quoque
413 319 681 374 Sagittarius,
727 319 825 360 hinc
857 334 1035 375 quoque
1060 319 1322 370 Vulnificus,
1355 319 1472 374 quod
1499 322 1630 377 possit
1659 323 1879 366 radiorum
1903 325 2052 380 jaculis
2076 326 2159 368 icta

204 407 439 453 penetrare.
469 398 800 440 Demonstrabat
815 407 1034 455 praeterea
1049 400 1209 442 Virtuti
1229 399 1448 455 Cyllenius
1474 416 1620 444 amnes
1646 404 1855 458 quosdam
1881 405 2053 447 coelitus
2078 406 2155 447 ‹le—
2186 408 2241 447 14

203 476 403 530 fluentes,
437 494 545 534 quos
571 480 851 522 transeundos
886 495 975 521 esse
1007 481 1278 536 perhibebat,
1307 492 1355 523 ut
1385 482 1437 524 acl
1470 499 1568 524 cum
1604 485 1769 540 ipsum,
1807 500 1939 541 quem
1968 488 2157 543 reperire

203 573 332 600 curae
357 569 430 612 cst,
462 562 747 616 pervenirent.
777 562 946 603 Verum
968 561 1138 603 eosdem
1166 576 1309 602 amnes
1333 562 1608 605 diversicolor
1629 565 1890 608 fluentorum
1910 567 2157 623 discrepan-

201 640 308 681 tium
332 641 448 682 unda
471 642 677 697 raptabat.
712 642 884 698 Quippe
912 643 1076 698 primus
1100 642 1329 684 diffusioris
1356 658 1404 685 ac
1427 644 1580 700 prolixi
1608 647 1792 688 ambitus
1814 664 1965 704 gurges
1989 650 2156 691 liventis

202 736 341 776 aquae
381 723 601 764 volumine
644 723 872 775 nebuloso,
917 734 1045 779 atque
1084 725 1227 779 algidis
1268 724 1503 765 admodum
1536 726 1751 782 pigrisque
1785 730 1982 771 cursibus
2013 731 2156 772 haesi—

200 804 328 845 tabat.
358 804 540 846 Interius
572 805 677 846 alius
708 805 823 846 lactis
853 806 982 847 instar
1013 805 1306 861 candidaeque
1336 805 1441 846 lucis
1474 806 1583 847 mitis
1614 821 1692 862 per
1722 809 1865 850 omnia
1897 810 2156 867 quietusque

199 921 382 954 Saturnalia
404 922 480 955 dicit
501 923 556 967 (1,
586 923 654 966 17).
697 923 743 955 Hi
769 924 850 956 radii
875 925 963 957 suere
1000 925 1150 960 duodeni,

199 985 288 1018 Solis
314 986 353 1017 ad
371 987 567 1030 exemplum,
593 987 676 1018 sicut
690 987 845 1029 Virgilius
867 987 963 1033 (Aen.
988 989 1044 1029 12,
1068 991 1151 1031 165)

198 1049 282 1089 vult,
316 1050 355 1081 de
376 1061 451 1090 rege
475 1049 592 1082 Latino
613 1062 748 1082 canens:

246 1129 294 1135 —-
310 1128 358 1134 —
373 1129 421 1134 —-
444 1113 516 1142 »cui
536 1117 678 1154 tempora
704 1113 825 1143 circum

246 1172 368 1204 Aurali
387 1173 434 1203 bis
457 1184 516 1204 sex
537 1173 637 1204 radiis
653 1173 815 1217 ffidyentia
841 1175 974 1217 cingunt

244 1233 330 1266 Solis
357 1236 412 1265 αυί
430 1236 617 1277 specimen.«
639 1252 687 1257 —
708 1254 756 1259 —

272 1294 484 1341 Saqitlarius]
510 1295 652 1328 Naevius
688 1296 751 1341 (ap.
779 1296 920 1329 Macrob.
943 1295 1011 1329 Sat.
1035 1296 1069 1336 6,
1098 1296 1149 1340 5):

204 1357 348 1390 »Deinde
374 1359 501 1402 pollens
528 1361 655 1403 saqittis
682 1359 821 1402 inclytus
850 1360 1056 1403 arquitenens
1079 1372 1149 1392 san-

196 1424 330 1463 ctusque
344 1419 482 1463 Delphis
507 1425 683 1463 prognatus
704 1419 842 1462 Pythius
866 1420 1016 1463 Apollo.«
1048 1421 1150 1452 Maxi-

195 1494 266 1513 mus
294 1482 410 1525 Tyrius
435 1482 512 1525 (lo,
543 1484 574 1513 8.
603 1482 640 1512 T.
658 1482 683 1512 1.
703 1494 735 1525 p.
761 1483 832 1513 182
857 1482 996 1525 Reisk.):
1021 1480 1150 1519 »5:va-

195 1556 262 1589 ημι
279 1541 343 1578 καὶ
367 1542 438 1578 τοὺ
463 1539 716 1583 Ἀπόλλωνος,
743 1540 910 1588 τοξότης
931 1541 951 1577 o‘
972 1542 1068 1583 θεὸς
1086 1543 1150 1577 καὶ.

194 1602 389 1650 μουσικὸς
419 1602 482 1639 καὶ
505 1603 608 1651 φιλῶ
627 1602 698 1648 μὲν
716 1600 840 1638 αὐτοῦ
856 1602 928 1650 τὴν
948 1601 1148 1650 ἁρμονίαν,

196 1667 394 1716 φοβοῦμαι
424 1666 465 1703 δὲ
497 1665 572 1714 τήν
602 1666 792 1709 togatam«
835 1668 939 1712 (Add.
968 1669 1080 1699 Burni.
1113 1669 1153 1700 ad

193 1732 342 1777 Propert.
360 1745 391 1777 p.
411 1733 494 1764 814.
514 1737 546 1763 et
568 1731 775 1763 Ammianum
800 1732 856 1772 19,
888 1744 920 1775 p.
943 1732 1013 1763 149
1032 1732 1151 1774 Lind.).

276 1797 402 1828 Virtuti
418 1794 596 1840 Cyllenius]
623 1795 672 1827 Ita
692 1794 887 1838 transposita
905 1800 979 1826 sunt
1000 1795 1096 1826 verba
1120 1795 1152 1827 iu

195 1858 358 1892 codicibus
381 1858 650 1897 Dal-mstattcnsi,
679 1857 868 1891 Mon-acensi
888 1857 964 1901 (D),
987 1858 1151 1900 Hughmo,

195 1926 228 1952 et
250 1920 284 1952 in
309 1920 383 1951 libri
404 1919 684 1961 Norim'hcrgensis‘
711 1918 917 1950 variantibus.

269 1995 380 2015 amnes
397 1981 565 2030 quosdam]
594 1981 728 2025 Septem
752 1981 904 2023 intelligit
921 1981 1076 2025 planetas.
1101 1982 1150 2014 Ita

195 2046 364 2086 dicuntur,
395 2046 469 2089 quia
489 2045 523 2077 in
545 2045 676 2076 modum
699 2044 838 2076 amnium
866 2044 989 2076 lubrico
1012 2046 1150 2089 quodam

193 2107 280 2139 ssexu
304 2107 467 2152 periodico
492 2106 673 2138 volvuntur.
714 2106 970 2138 Diversicolores
992 2111 1085 2147 sunt,
1117 2107 1150 2139 id

194 2171 282 2215 quod
302 2171 429 2202 Plinius
446 2170 531 2202 dicit.
550 2170 668 2202 GLoss.
686 2169 769 2214 (eod.
789 2170 916 2203 Monac.
934 2169 977 2213 E)
995 2190 1042 2195 —
1072 2170 1149 2201 Isid.

194 2235 272 2277 orig.
298 2234 330 2279 (l.
357 2235 419 2275 14,
456 2229 534 2277 2'7):
566 2232 700 2282 »Amnis
727 2233 843 2265 fluvius
872 2239 922 2265 est
952 2245 1082 2265 nemore
1113 2245 1149 2266 ae

193 2298 360 2330 frondibus
384 2297 571 2337 redimitus,
611 2302 643 2328 et
668 2309 709 2328 ex
730 2297 801 2340 ipsa
828 2297 1019 2329 amoenitate
1047 2297 1149 2328 amnis

194 2364 334 2391 vocatur.
342 2374 352 2387 a
379 2359 454 2391 Non
473 2359 581 2402 inepte
600 2358 697 2400 igitur
713 2370 730 2390 a
745 2358 903 2391 Martiano
922 2351 1069 2402 planetae
1089 2359 1148 2390 sub

196 2420 334 2452 anmium
354 2420 490 2462 imagine
513 2420 746 2451 deseribuntur.
771 2420 868 2451 Radii
892 2420 977 2452 enim
1003 2432 1021 2452 e
1045 2420 1148 2452 stellis

197 2483 369 2516 emicantes
402 2495 469 2514 non
493 2484 689 2515 incommode
720 2495 793 2515 cum
816 2483 946 2515 flumine
973 2483 1149 2528 comparari

197 2551 344 2593 possunt.
367 2545 469 2579 Gom.
484 2565 530 2570 -—
544 2545 658 2591 Neque
674 2547 850 2589 commode,
868 2553 904 2579 ut
923 2547 998 2579 milii
1019 2547 1147 2593 quidem

1203 926 1337 957 ridetur.
1387 925 1462 958 Non
1487 926 1572 958 enim
1590 927 1737 970 planetae
1764 929 1842 972 ipsi,
1871 930 1927 961 sed
1955 941 2065 962 eorum
2087 943 2156 963 cur-

1203 999 1258 1018 sus
1276 987 1381 1019 fluviis
1404 993 1478 1019 sunt
1495 988 1615 1020 similes
1636 994 1669 1020 ct
1687 989 1847 1022 Mercurio
1866 993 2053 1023 transeundi
2068 999 2159 1024 erant

1202 1050 1372 1083 comitante
1398 1062 1470 1083 eum
1493 1051 1632 1083 Virtute.
1671 1052 1746 1085 lloe
1769 1059 1864 1097 pacto
1887 1054 2041 1099 explicari
2062 1055 2158 1088 etiam

1201 1117 1310 1155 potest
1337 1112 1449 1155 »primi
1472 1112 1618 1143 diffusior
1642 1125 1678 1145 ac
1703 1114 1849 1157 prolixus
1863 1116 2047 1156 (ambitusn,
2070 1117 2158 1159 quod

1202 1187 1267 1206 non
1283 1175 1345 1206 nisi
1360 1176 1399 1207 ad
1416 1175 1586 1215 circulum,
1614 1188 1709 1220 quem
1724 1178 1859 1209 meando
1878 1179 1989 1219 efficit,
2013 1185 2158 1223 spectare

1200 1244 1317 1282 potest.
1358 1238 1409 1271 Ac
1431 1252 1472 1271 ne
1494 1239 1571 1283 quid
1593 1240 1736 1279 dubites,
1766 1241 1817 1272 adi
1834 1242 1954 1273 sontem
1976 1255 1994 1274 e
2012 1255 2076 1287 quo
2100 1255 2157 1275 no-

1202 1308 1268 1333 ster
1293 1302 1399 1333 hausit
1416 1302 1513 1346 (Plat.
1535 1303 1615 1334 Tim.
1645 1316 1676 1346 p.
1691 1305 1740 1335 56
1765 1305 1785 1335 f.
1811 1303 1924 1349 Steph.
1952 1311 1984 1337 et
2003 1306 2041 1337 de
2062 1306 2103 1338 R.
2119 1306 2157 1338 P.

1204 1365 1259 1395 10.
1282 1376 1311 1406 p.
1330 1365 1413 1395 616.
1429 1363 1525 1407 617).
1552 1365 1615 1395 Ubi
1631 1370 1741 1397 contra
1758 1366 1892 1407 gurgitis
1911 1367 2039 1400 nomine
2059 1367 2159 1400 utitur

1200 1425 1395 1466 Martianus,
1423 1426 1468 1457 ihi
1493 1426 1654 1470 planetam
1672 1429 1779 1471 ipsum
1800 1429 1960 1472 intelligit.

1275 1486 1420 1533 coelitus]
1446 1488 1495 1520 Ne
1512 1489 1589 1532 quid
1607 1490 1760 1530 omittam,
1785 1491 1877 1523 codd.
1891 1493 2158 1527 Darmstattensis

1202 1554 1234 1580 et
1264 1548 1435 1590 llugianus
1464 1551 1602 1595 quodam
1627 1557 1699 1582 cetu
1727 1551 1863 1592 habent,
1899 1558 1932 1585 et
1956 1554 2052 1597 paulo
2082 1561 2158 1599 post

1201 1621 1260 1652 pro
1284 1611 1326 1640 ml
1344 1621 1417 1641 eum
1440 1609 1593 1641 exhibent
1621 1612 1664 1642 ad
1688 1612 1801 1650 deum,
1839 1625 1899 1656 pro
1921 1626 2018 1646 curae
2042 1615 2157 1648 deinde

1205 1683 1302 1710 cura,
1330 1682 1388 1714 pro
1409 1671 1608 1714 fluentormn
1627 1672 1766 1716 denique
1783 1673 1953 1715 Ilugianus
1972 1676 2157 1719 fluentium.

1922 1736 1990 1768 Sed
2015 1738 2055 1769 dc
2080 1739 2157 1771 scri-

1203 1801 1315 1839 pturae
1339 1795 1520 1827 sinceritate
1540 1796 1660 1828 dubito.
1682 1797 1790 1829 chr.
1812 1798 1866 1842 (ad
1887 1798 1982 1832 ovid.
2005 1807 2079 1833 met.
2098 1804 2157 1844 11,

1202 1858 1286 1889 611.
1316 1870 1347 1901 p.
1375 1857 1459 1900 794)
1480 1877 1528 1882 —
1572 1858 1641 1890 Cur
1671 1858 1820 1890 dubitat?
1857 1861 1943 1903 Quia
1964 1863 2157 1896 Martiauum

1203 1919 1337 1959 cursim,
1376 1931 1443 1951 non
1464 1925 1567 1950 totum
1590 1920 1677 1962 legit.
1704 1921 1808 1965 (Vide
1826 1921 1908 1954 iufra
1935 1922 1963 1967 §.
1986 1925 2044 1956 67.
2064 1925 2157 1969 811)

1273 1980 1411 2027 primus]
1438 1981 1599 2014 Saturnus
1624 1982 1774 2014 innuitur.
1793 1983 1895 2015 Gorz.
1918 2003 1965 2008 —
2002 1986 2156 2018 Planetae

1281 1731 1499 1777 diversicolor]
1526 1732 1675 1764 Latinum
1704 1745 1770 1765 non
1802 1740 1860 1767 est.

1201 2043 1308 2086 potius
1332 2056 1461 2076 cursus:
1484 2056 1550 2076 non
1574 2044 1659 2076 enim
1683 2044 1844 2077 Saturnus
1868 2046 1938 2089 ipse
1964 2048 2083 2079 ambitu
2107 2055 2157 2080 est

1202 2105 1362 2146 diffusior,
1395 2107 1453 2138 sed
1481 2117 1612 2146 cursus,
1648 2095 1789 2147 ntum,
1818 2108 1963 2149 longior,
1982 2110 2065 2140 unde
2086 2110 2156 2153 ipse

1201 2167 1320 2199 tardior
1340 2180 1412 2200 esse
1436 2168 1562 2200 videtur
1582 2167 1623 2212 (ξ.
1645 2170 1701 2200 70.
1723 2169 1941 2201 855Nitruv.
1965 2171 1998 2202 9.
2022 2183 2053 2214 p.
2071 2172 2154 2203 264.

1201 2230 1273 2261 266
1292 2230 1365 2273 Bip.
1382 2229 1515 2262 Lucian.
1532 2229 1656 2262 Astrol.
1674 2230 1732 2262 21.
1748 2242 1780 2275 p.
1798 2230 1882 2263 225.
1896 2231 1970 2276 Bip.
1987 2232 2152 2274 Palaeogr.

1199 2305 1269 2325 mea
1287 2293 1355 2325 crit.
1377 2294 1435 2326 ΙΠ.
1461 2292 1488 2337 §.
1513 2294 1610 2338 252).

1274 2359 1410 2389 interius
1434 2356 1530 2402 alins]
1556 2357 1695 2402 Jupiter.
1739 2358 1882 2390 »Deinde
1916 2364 1967 2390 est
1989 2358 2151 2390 hominum

1198 2420 1308 2462 generi
1329 2433 1504 2465 prosperus
1524 2426 1558 2453 et
1579 2421 1726 2453 salutaris
1748 2421 1802 2454 ille
1818 2421 1940 2462 fulgor,
1962 2420 2017 2463 qui
2037 2420 2152 2453 dicitur

1197 2482 1309 2514 Jovis«
1336 2483 1419 2527 (Cic.
1440 2494 1540 2515 somn.
1562 2482 1630 2526 Se.)
1655 2483 1756 2516 GoEz.
1771 2500 1818 2505 —
1835 2480 2023 2524 Propertius
2042 2481 2090 2525 (4,
2116 2483 2149 2523 1,

1200 2543 1382 2588 1o5)12unc
1397 2544 1560 2590 planetam
1574 2544 1701 2578 felicem
1719 2542 1865 2588 appellat.
1893 2540 1961 2576 Sed
1976 2541 2048 2584 lege
2061 2543 2147 2579 Mar-
