2310 2860
86 347 172 389 267

201 163 290 206 282

770 158 968 203 Martiani
1005 157 1204 215 Capellae
1240 157 1314 199 lib.
1342 156 1416 199 ΙΙΙ.
1446 159 1477 210 §.
1498 156 1600 200 266.

1816 235 1834 246 e

202 271 356 325 jungit,
386 269 545 311 dicens:
577 268 678 309 huic
704 268 952 317 Terentiae,
984 264 1194 315 Orbiliae3
1227 263 1433 305 Lucinius
1457 264 1494 305 A
1526 273 1565 305 et
1593 264 1635 315 Ι,
1665 274 1705 305 et
1730 265 1948 307 Lucretius
1979 267 2142 318 crebro,

204 361 243 392 et
283 358 422 391 noster
464 348 608 398 Maro,
649 347 789 398 aulai,
835 346 976 403 pictai.

1039 346 1146 386 Item
1190 344 1302 386 duae
1342 345 1565 399 juncturae
1606 354 1726 396 sunt,
1770 360 1909 400 quum
1938 348 2146 388 sociamus

206 429 387 484 syllabas
417 436 589 482 propter
619 426 772 481 pedem
804 427 872 467 vel
904 440 1100 476 versum,
1137 434 1185 466 ut
1213 425 1325 466 duae
1353 425 1397 465 in
1428 439 1513 466 una
1543 434 1714 480 repente
1743 425 1996 481 depereant,
2029 438 2075 468 ut
2104 429 2145 469 in

206 509 485 567 synaloephe,
525 509 593 551 vel
625 523 764 564 quum
793 508 937 550 literae
968 508 1258 550 exeluduntur
1288 523 1310 549 e
1342 508 1495 559 verbo,
1540 517 1586 548 ut
1614 507 1657 548 in
1689 508 1844 563 eclipsi.

963 664 1042 705 DE
1101 663 1390 708 FASTIGIO.

373 770 587 811 Hactenus
627 768 679 809 de
724 769 951 822 juncturis,
997 783 1110 810 nune
1154 769 1206 810 de
1254 770 1414 825 fastigio
1466 769 1713 820 videmnus,

206 854 391 893 Graecos
421 854 508 903 περὶ
541 855 774 903 ,προςῳὸιῶν
805 850 1053 906 appellatur.

206 961 302 991 vestis
325 965 357 990 ct
373 960 462 990 aulai
476 958 631 1000 Virgilius
650 958 882 990 amantissimus
899 958 1066 990 vetustatis
1089 969 1155 989 ear-

205 1021 343 1054 minibus
365 1022 507 1053 inseruit.
547 1021 608 1052 Est
636 1021 668 1052 in
689 1023 748 1053 liae
773 1034 900 1065 quoque
928 1027 1016 1065 parte
1039 1022 1158 1052 Lucilii

205 1091 420 1129 praeceptum,
443 1084 529 1128 quod
550 1084 623 1128 quia
644 1084 788 1128 pluribus
809 1085 985 1128 explicatur
1001 1085 1156 1123 versibus,

208 1147 235 1177 si
257 1147 328 1190 quis
351 1158 463 1190 parum
486 1146 609 1185 eredat,
644 1146 727 1188 apud
750 1146 853 1188 ipsum
882 1146 913 1176 in
938 1157 1024 1175 nono
1053 1144 1157 1187 requi-

206 1214 291 1249 ΜΝ,
318 1209 373 1239 ubi
394 1209 479 1251 quod
499 1207 707 1251 Spaldingius
726 1208 887 1239 annotavit
908 1208 990 1238 idem
1010 1209 1074 1238 sere
1098 1209 1159 1238 hoe

206 1275 410 1313 praeceptum
428 1269 527 1300 fuisse
543 1268 642 1300 videri
665 1281 700 1300 ae
722 1269 841 1309 Nigidii
858 1269 963 1309 Figuli
980 1269 1063 1312 apud
1082 1269 1158 1300 Gel-

205 1331 283 1364 lium
305 1330 382 1374 (15,
397 1331 474 1372 23),
495 1329 645 1362 MartIani
666 1330 738 1361 loco
762 1330 984 1368 confirmatur-3
1011 1330 1159 1370 Nigidius

206 1397 293 1424 certe
316 1396 348 1422 et
370 1391 438 1434 ipse
458 1390 631 1432 genitivum
650 1402 709 1433 per
733 1389 765 1420 A
777 1390 804 1430 1,
839 1390 977 1421 dativum
1003 1402 1061 1434 per
1088 1389 1159 1421 ΑΕ

207 1454 302 1486 scribi
325 1454 435 1495 jussit.
475 1454 667 1497 Quanquam
695 1452 834 1484 datii-um
865 1465 991 1496 quoque
1017 1465 1075 1496 per
1106 1452 1161 1484 ΑΙ

206 1516 358 1559 scriptum
380 1527 451 1546 esse
476 1521 508 1546 et
529 1515 671 1557 lapidum
695 1514 778 1545 tituli
802 1520 833 1545 et
854 1514 1007 1545 librorum
1030 1514 1162 1556 vestigia

205 1582 374 1609 testantur.
400 1577 523 1610 Confer
547 1575 781 1607 Schneiderum
806 1575 843 1617 (1³
847 1587 922 1606 orm.
947 1588 977 1618 p.
1000 1576 1072 1618 25).

282 1662 451 1707 Lucinius]
478 1662 533 1693 An
554 1662 721 1693 Licinius?
740 1661 844 1694 Gnor.
859 1681 905 1685 —
925 1660 962 1693 Si
984 1673 1057 1693 vera
1083 1663 1162 1692 haee

208 1727 322 1767 lectio,
342 1732 398 1758 aut
417 1726 575 1757 Licinium
594 1725 761 1756 Imbricem
787 1724 1013 1765 intelligerem,
1036 1730 1162 1767 poetam

209 1791 382 1830 comicum,
409 1795 464 1820 aut
491 1788 642 1820 Porcium
663 1787 837 1826 Licinium,
869 1800 963 1830 quem
990 1787 1162 1819 tveicher·

210 1860 261 1884 tus
284 1854 381 1896 (poet.
401 1853 455 1884 lat.
474 1852 588 1895 reliqu.
611 1864 643 1895 p.
665 1851 749 1893 158)
765 1851 925 1891 juniorem
946 1851 1089 1881 Terentii
1112 1863 1163 1882 ae-

210 1917 336 1959 qualem
369 1916 468 1947 fuisse
500 1915 694 1958 suspicatum
740 1914 797 1944 scd
831 1914 863 1945 in
896 1914 991 1945 tantis
1024 1914 1164 1945 tenebris

210 1977 289 2008 nihil
316 1983 436 2008 mutare
463 1982 618 2019 pracstatg
651 1975 837 2019 praesertim
864 1987 961 2018 quum
988 1976 1056 2019 ipse
1080 1976 1164 2007 Mar-

210 2041 316 2071 tianus
352 2040 412 2070 hoe
441 2039 513 2071 loco
545 2040 625 2070 adeo
653 2038 824 2077 caecutiat,
856 2044 890 2068 ut
919 2051 1015 2082 quum
1040 2040 1079 2070 de
1111 2040 1165 2070 da·

212 2102 276 2133 tivo
299 2112 374 2132 casu
402 2100 566 2142 loquatur,
596 2100 726 2141 gcnitixi
747 2099 781 2131 in
801 2098 850 2130 Al
874 2101 1018 2143 exempla
1038 2102 1164 2139 ass'erat·5

213 2162 352 2194 dativum
378 2172 483 2204 neque
511 2161 594 2203 apud
616 2161 801 2192 Lucretium
824 2173 928 2204 neque
953 2162 1036 2205 apud
1057 2162 1165 2203 Virgi-

213 2226 290 2258 lium
314 2224 359 2256 sie
382 2223 542 2255 terminari
566 2230 698 2255 constat.

289 2302 325 2331 in
347 2297 428 2343 una]
453 2298 502 2330 Ita
526 2298 652 2330 codices
684 2299 888 2331 Monacensis
916 2299 973 2344 (C)
998 2305 1030 2331 et
1052 2300 1166 2332 Darm·

217 2360 381 2393 stattensis
404 2371 462 2404 pro
487 2361 523 2391 in
551 2371 649 2390 unam.
671 2359 704 2391 in
731 2359 833 2391 editis.

289 2443 493 2490 synaloephe]
519 2444 743 2487 Synaloephen
755 2450 880 2477 veteres
904 2447 1097 2487 grammatici
1121 2448 1167 2479 di-

219 2508 333 2540 cebant
360 2518 456 2551 quam
486 2506 587 2538 nostri
612 2506 774 2538 elisionem
793 2508 994 2548 (Schneider.
1020 2509 1167 2542 clement.

219 2583 250 2617 p.
270 2570 370 2615 152),
397 2581 501 2614 neque
525 2569 559 2601 iu
580 2569 724 2602 versibus
749 2574 870 2602 tantum
886 2582 995 2605 rerum
1016 2573 1110 2605 etiam
1133 2573 1166 2605 in

1772 769 1847 824 qui
1884 768 2002 810 locus
2039 768 2154 824 apud

1112 850 1191 890 Hic
1221 851 1263 890 in
1294 851 1373 890 tria
1413 850 1683 891 discernitur:
1715 865 2005 905 unaquaeque
2042 851 2155 891 enim

1206 969 1300 1001 prosa
1325 957 1427 990 eidem
1450 958 1556 989 locum
1579 958 1695 989 dabant
1720 958 1942 1002 (Quinctilian.
1959 958 2000 998 9,
2027 959 2067 998 4,
2088 958 2157 998 56,

1206 1033 1236 1064 p.
1256 1020 1352 1064 546).
1386 1022 1472 1054 Huic
1500 1027 1605 1053 autem
1633 1022 1750 1064 ubique
1778 1022 1961 1064 adjungitur
1983 1022 2156 1065 ecthlipsis,

1208 1094 1324 1125 quum,
1354 1088 1388 1113 ut
1413 1082 1456 1112 ait
1480 1083 1631 1114 Valerius
1655 1083 1782 1113 Probus
1804 1083 1852 1126 (p.
1879 1083 1976 1114 1440
2002 1082 2155 1124 Putsch.)

1216 1143 1315 1173 »inter
1336 1154 1370 1173 se
1392 1154 1501 1185 aspere
1522 1143 1776 1174 concurrentium
1797 1143 2000 1186 syllabarum,
2024 1143 2155 1174 interce-

1209 1205 1303 1237 dente
1326 1205 1393 1236 sola
1415 1206 1450 1238 Μ
1469 1206 1560 1237 litera
1582 1212 1794 1245 consonante,
1818 1212 1850 1237 ct
1866 1206 2007 1238 vocalem
2029 1212 2061 1237 et
2083 1218 2157 1238 eon-

1210 1272 1392 1301 sonantem,
1420 1279 1514 1310 quam
1533 1267 1688 1307 diximus,
1716 1268 1791 1298 elidi
1808 1279 1940 1298 neeesse
1963 1273 2048 1307 estu3
2075 1268 2159 1298 unde

1211 1335 1352 1372 apparet,
1377 1331 1460 1372 apud
1478 1336 1621 1361 nostrum
1639 1341 1767 1374 quoque
1787 1331 1989 1362 scribendum
2005 1331 2073 1362 sore
2087 1341 2161 1362 mox

1211 1395 1246 1423 in
1269 1394 1432 1435 eellzlipsz',
1463 1393 1490 1423 si
1516 1399 1635 1424 eertum
1662 1400 1749 1425 esset
1775 1395 1991 1434 librariorum,
2022 1406 2087 1426 non
2113 1394 2159 1437 ip-

1212 1456 1278 1487 sius
1313 1457 1461 1488 Martiani
1490 1469 1627 1488 errorem
1653 1470 1732 1488 esse.
1780 1458 1916 1490 Varians
1945 1457 2040 1488 lectio
2074 1457 2161 1488 nulla

1212 1523 1278 1558 est,
1306 1518 1367 1549 nisi
1399 1519 1484 1560 quod
1509 1518 1541 1549 in
1569 1518 1825 1549 Reichcuaucusi
1857 1525 1888 1549 et
1914 1519 2161 1549 Darius-[attensi

1211 1591 1376 1623 perperam
1401 1580 1518 1620 eclypsi
1538 1578 1663 1619 legitur.

1287 1637 1375 1684 περὶ
1403 1638 1650 1685 προςῳὸιών]
1679 1640 1916 1682 Quinctilianus
1941 1641 1994 1683 (1,
2023 1643 2062 1681 ὅ,
2093 1641 2161 1681 223

1212 1713 1242 1743 p.
1261 1702 1329 1732 105
1355 1700 1496 1743 Spalim:
1515 1701 1677 1731 »Difficilis
1696 1701 1803 1732 obserx
1813 1701 1875 1732 atio
1895 1707 1944 1732 est
1965 1714 2022 1746 per
2038 1708 2163 1734 tenores

1213 1764 1307 1806 (quos
1338 1763 1465 1806 quidem
1492 1764 1530 1794 ab
1560 1764 1697 1807 antiquiS
1727 1764 1829 1796 dictos
1859 1771 1985 1796 tonores
2012 1766 2162 1809 comperi,

1214 1829 1249 1854 nt
1270 1824 1418 1856 videlieet
1442 1824 1598 1856 declinato
1620 1837 1638 1855 a
1657 1825 1790 1857 Graecis
1813 1826 1921 1866 verbo,
1945 1826 1999 1869 qui
2021 1823 2164 1866 τόνους

1215 1888 1356 1931 dieunt),
1386 1888 1436 1919 vel
1467 1894 1637 1927 accentus,
1669 1902 1748 1932 quas
1787 1890 1903 1922 Graeci
1939 1889 2163 1936 προςῳὸὶας

1217 1954 1350 1989 vocant,
1370 1962 1468 1992 quum
1487 1956 1577 1981 acuta
1602 1956 1632 1981 et
1653 1951 1756 1991 graxis
1777 1952 1836 1982 alia
1855 1963 1913 1995 pro
1938 1952 1998 1983 alia
2023 1953 2162 1996 ponitur,

1215 2017 1250 2042 ut
1274 2011 1307 2042 in
1335 2012 1396 2042 hoc
1423 2012 1597 2050 Cmnillnsj
1624 2011 1651 2042 si
1681 2012 1804 2044 aeuitur
1825 2013 1945 2056 prima-3,
1977 2019 2031 2045 aut
2059 2012 2162 2054 graiis

1214 2084 1272 2117 pro
1294 2073 1392 2112 flexa,
1422 2078 1457 2103 ut
1480 2073 1658 2116 Cethegus,
1687 2079 1718 2104 et
1747 2074 1798 2105 hie
1828 2074 1928 2117 prima
1963 2079 2069 2105 aeutax
2090 2086 2162 2105 nam

1215 2137 1261 2167 sie
1284 2135 1387 2166 media
1419 2142 1574 2176 mutatui-3
1609 2141 1663 2167 aut
1689 2138 1770 2167 flexa
1799 2148 1856 2180 pro
1879 2137 1981 2177 gravi,
2014 2142 2049 2168 ut
2074 2138 2162 2180 apice

1215 2198 1426 2229 circumducta
1451 2204 1621 2241 sequente«
1647 2203 1705 2229 cet.
1742 2198 1868 2227 Pariter
1888 2198 2031 2229 Isidorus
2056 2199 2164 2242 (etym.

1218 2261 1255 2299 1,
1282 2260 1347 2298 18,
1385 2260 1417 2290 1.
1441 2271 1470 2302 p.
1493 2260 1541 2290 29
1571 2258 1696 2300 Arer.)z
1726 2257 1923 2299 »Aeci-ntus,
1956 2260 2010 2303 qui
2041 2259 2163 2292 Graece

1213 2323 1361 2366 prosodia
1390 2322 1521 2362 dieitur,
1555 2334 1594 2353 ex
1622 2322 1748 2354 Graeco
1773 2334 1888 2353 nomen
1914 2323 2044 2367 acecpit.
2082 2324 2164 2355 Nam

1216 2386 1338 2419 Graece
1355 2383 1454 2431 πρὸς
1479 2385 1593 2416 Latine
1613 2386 1671 2420 ad,
1694 2381 1774 2431 (ρὃ
1803 2386 1926 2418 Graece
1950 2387 2066 2418 Latine
2088 2399 2163 2418 can-

1216 2456 1269 2482 tus
1289 2453 1346 2480 est.
1361 2468 1409 2473 ——
1436 2449 1542 2479 Latini
1561 2449 1679 2479 habent
1702 2453 1735 2480 et
1764 2449 1825 2480 alia
1847 2449 1985 2481 nomina.
2011 2450 2092 2481 Nam
2113 2463 2162 2482 ac-

1217 2517 1347 2550 centus,
1373 2515 1405 2541 et
1431 2516 1539 2547 tonos,
1563 2515 1594 2541 et
1615 2516 1741 2541 tenores
1762 2510 1886 2551 dicunt,
1908 2511 1981 2554 quia
2000 2511 2043 2542 ibi
2065 2522 2163 2542 sonus

1217 2573 1346 2615 crescit,
1371 2578 1403 2606 et
1430 2572 1574 2605 desinit«
1612 2572 1722 2617 Atque
1744 2573 1832 2606 lusce
1855 2574 2017 2617 antiquior
2038 2573 2162 2605 Gellius
