<?xml version="1.0" encoding="UTF-8"?>
<!DOCTYPE html PUBLIC "-//W3C//DTD XHTML 1.0 Transitional//EN"
    "http://www.w3.org/TR/xhtml1/DTD/xhtml1-transitional.dtd">
<html xmlns="http://www.w3.org/1999/xhtml" xml:lang="en" lang="en">
 <head>
  <title>
</title>
<meta http-equiv="Content-Type" content="text/html;charset=utf-8" />
  <meta name='ocr-system' content='tesseract 3.04.00' />
  <meta name='ocr-capabilities' content='ocr_page ocr_carea ocr_par ocr_line ocrx_word'/>
</head>
<body>
  <div class='ocr_page' id='page_1' title='image "./denuptiisphilolo00martuoft/denuptiisphilolo00martuoft_0293.png"; bbox 0 0 2310 2860; ppageno 0'>
   <div class='ocr_carea' id='block_1_1' title="bbox 731 201 1565 259">
    <p class='ocr_par' dir='ltr' id='par_1_1' title="bbox 731 201 1565 259">
     <span class='ocr_line' id='line_1_1' title="bbox 731 201 1565 259; baseline 0.001 -15"><span class='ocrx_word' id='word_1_1' title='bbox 731 201 932 245; x_wconf 83' lang='lat' dir='ltr'>Martiani</span> <span class='ocrx_word' id='word_1_2' title='bbox 970 201 1172 259; x_wconf 81' lang='lat' dir='ltr'><strong>Capellae</strong></span> <span class='ocrx_word' id='word_1_3' title='bbox 1210 202 1281 244; x_wconf 89' lang='lat' dir='ltr'>lib.</span> <span class='ocrx_word' id='word_1_4' title='bbox 1298 202 1372 245; x_wconf 87' lang='lat' dir='ltr'><strong>III.</strong></span> <span class='ocrx_word' id='word_1_5' title='bbox 1410 206 1441 256; x_wconf 61' lang='grc' dir='ltr'><strong>ᾗ.</strong></span> <span class='ocrx_word' id='word_1_6' title='bbox 1463 203 1565 247; x_wconf 79' lang='grc'><strong>250.</strong></span> 
     </span>
    </p>
   </div>
   <div class='ocr_carea' id='block_1_2' title="bbox 2031 208 2122 250">
    <p class='ocr_par' dir='ltr' id='par_1_2' title="bbox 2031 208 2122 250">
     <span class='ocr_line' id='line_1_2' title="bbox 2031 208 2122 250; baseline -0.011 0"><span class='ocrx_word' id='word_1_7' title='bbox 2031 208 2122 250; x_wconf 77' lang='grc'>265</span> 
     </span>
    </p>
   </div>
   <div class='ocr_carea' id='block_1_3' title="bbox 581 360 1698 412">
    <p class='ocr_par' dir='ltr' id='par_1_3' title="bbox 581 360 1698 412">
     <span class='ocr_line' id='line_1_3' title="bbox 581 360 1698 412; baseline 0.002 -10"><span class='ocrx_word' id='word_1_8' title='bbox 581 360 732 412; x_wconf 88' lang='lat' dir='ltr'>QUID</span> <span class='ocrx_word' id='word_1_9' title='bbox 779 360 871 402; x_wconf 88' lang='lat' dir='ltr'>SIT</span> <span class='ocrx_word' id='word_1_10' title='bbox 914 360 1203 403; x_wconf 84' lang='lat' dir='ltr'><strong>OFFICIUM</strong></span> <span class='ocrx_word' id='word_1_11' title='bbox 1250 360 1698 404; x_wconf 83' lang='lat' dir='ltr'><strong>GRAMMATICAE.</strong></span> 
     </span>
    </p>
   </div>
   <div class='ocr_carea' id='block_1_4' title="bbox 323 465 2237 524">
    <p class='ocr_par' dir='ltr' id='par_1_4' title="bbox 323 465 2237 524">
     <span class='ocr_line' id='line_1_4' title="bbox 323 465 2237 524; baseline 0.001 -16"><span class='ocrx_word' id='word_1_12' title='bbox 323 467 525 509; x_wconf 88' lang='lat' dir='ltr'>Officium</span> <span class='ocrx_word' id='word_1_13' title='bbox 552 483 654 509; x_wconf 87' lang='lat' dir='ltr'>vero</span> <span class='ocrx_word' id='word_1_14' title='bbox 689 481 833 508; x_wconf 84' lang='lat' dir='ltr'>mcum</span> <span class='ocrx_word' id='word_1_15' title='bbox 861 476 960 508; x_wconf 86' lang='lat' dir='ltr'>tunc</span> <span class='ocrx_word' id='word_1_16' title='bbox 990 467 1151 518; x_wconf 81' lang='lat' dir='ltr'>fuerat,</span> <span class='ocrx_word' id='word_1_17' title='bbox 1183 465 1304 509; x_wconf 88' lang='lat' dir='ltr'>docte</span> <span class='ocrx_word' id='word_1_18' title='bbox 1333 468 1518 510; x_wconf 86' lang='lat' dir='ltr'>scribere</span> <span class='ocrx_word' id='word_1_19' title='bbox 1549 469 1792 524; x_wconf 80' lang='lat' dir='ltr'>legercquc.</span> <span class='ocrx_word' id='word_1_20' title='bbox 1827 471 1956 512; x_wconf 88' lang='lat' dir='ltr'>Nune</span> <span class='ocrx_word' id='word_1_21' title='bbox 1987 473 2114 514; x_wconf 83' lang='lat' dir='ltr'>etiam</span> <span class='ocrx_word' id='word_1_22' title='bbox 2146 470 2237 512; x_wconf 67' lang='lat'>250</span> 
     </span>
    </p>
   </div>
   <div class='ocr_carea' id='block_1_5' title="bbox 151 548 1659 606">
    <p class='ocr_par' dir='ltr' id='par_1_5' title="bbox 151 548 1659 606">
     <span class='ocr_line' id='line_1_5' title="bbox 151 548 1659 606; baseline 0.001 -16"><span class='ocrx_word' id='word_1_23' title='bbox 151 548 258 590; x_wconf 88' lang='lat' dir='ltr'>illud</span> <span class='ocrx_word' id='word_1_24' title='bbox 297 550 487 601; x_wconf 84' lang='lat' dir='ltr'>accessit,</span> <span class='ocrx_word' id='word_1_25' title='bbox 543 559 590 590; x_wconf 87' lang='lat' dir='ltr'>ut</span> <span class='ocrx_word' id='word_1_26' title='bbox 628 563 773 590; x_wconf 86' lang='lat' dir='ltr'>meum</span> <span class='ocrx_word' id='word_1_27' title='bbox 811 548 861 589; x_wconf 89' lang='lat' dir='ltr'>sit</span> <span class='ocrx_word' id='word_1_28' title='bbox 896 549 1060 590; x_wconf 85' lang='lat' dir='ltr'>erudite</span> <span class='ocrx_word' id='word_1_29' title='bbox 1106 548 1338 604; x_wconf 79' lang='lat' dir='ltr'>intelligere</span> <span class='ocrx_word' id='word_1_30' title='bbox 1374 551 1659 606; x_wconf 78' lang='lat' dir='ltr'>probareque.</span> 
     </span>
    </p>
   </div>
   <div class='ocr_carea' id='block_1_6' title="bbox 1730 553 2123 602">
    <p class='ocr_par' dir='ltr' id='par_1_6' title="bbox 1730 553 2123 602">
     <span class='ocr_line' id='line_1_6' title="bbox 1730 553 2123 602; baseline 0.01 -10"><span class='ocrx_word' id='word_1_31' title='bbox 1730 553 1854 602; x_wconf 79' lang='lat' dir='ltr'>Quae</span> <span class='ocrx_word' id='word_1_32' title='bbox 1897 553 1983 594; x_wconf 88' lang='lat' dir='ltr'>duo</span> <span class='ocrx_word' id='word_1_33' title='bbox 2018 554 2123 596; x_wconf 86' lang='lat' dir='ltr'>mihi</span> 
     </span>
    </p>
   </div>
   <div class='ocr_carea' id='block_1_7' title="bbox 152 628 2119 689">
    <p class='ocr_par' dir='ltr' id='par_1_7' title="bbox 152 628 2119 689">
     <span class='ocr_line' id='line_1_7' title="bbox 152 628 2119 689; baseline 0.003 -19"><span class='ocrx_word' id='word_1_34' title='bbox 152 630 221 671; x_wconf 89' lang='lat' dir='ltr'>vel</span> <span class='ocrx_word' id='word_1_35' title='bbox 247 644 346 670; x_wconf 90' lang='lat' dir='ltr'>cum</span> <span class='ocrx_word' id='word_1_36' title='bbox 376 629 639 686; x_wconf 84' lang='lat' dir='ltr'>philosophis</span> <span class='ocrx_word' id='word_1_37' title='bbox 663 629 901 684; x_wconf 72' lang='lat' dir='ltr'>criticisque</span> <span class='ocrx_word' id='word_1_38' title='bbox 928 628 1128 670; x_wconf 82' lang='lat' dir='ltr'>videntur</span> <span class='ocrx_word' id='word_1_39' title='bbox 1159 645 1247 670; x_wconf 89' lang='lat' dir='ltr'>esse</span> <span class='ocrx_word' id='word_1_40' title='bbox 1280 632 1540 672; x_wconf 83' lang='lat' dir='ltr'>communia.</span> <span class='ocrx_word' id='word_1_41' title='bbox 1586 632 1700 688; x_wconf 79' lang='lat' dir='ltr'>Ergo</span> <span class='ocrx_word' id='word_1_42' title='bbox 1726 634 1905 674; x_wconf 85' lang='lat' dir='ltr'>istorum</span> <span class='ocrx_word' id='word_1_43' title='bbox 1931 645 2119 689; x_wconf 77' lang='lat' dir='ltr'>quatuor</span> 
     </span>
    </p>
   </div>
   <div class='ocr_carea' id='block_1_8' title="bbox 150 708 2117 770">
    <p class='ocr_par' dir='ltr' id='par_1_8' title="bbox 150 708 2117 770">
     <span class='ocr_line' id='line_1_8' title="bbox 150 708 2117 770; baseline 0.002 -18"><span class='ocrx_word' id='word_1_44' title='bbox 150 710 238 752; x_wconf 88' lang='lat' dir='ltr'>duo</span> <span class='ocrx_word' id='word_1_45' title='bbox 261 711 396 752; x_wconf 81' lang='lat' dir='ltr'>activa</span> <span class='ocrx_word' id='word_1_46' title='bbox 420 710 598 751; x_wconf 83' lang='lat' dir='ltr'>dicenda</span> <span class='ocrx_word' id='word_1_47' title='bbox 619 718 730 760; x_wconf 88' lang='lat' dir='ltr'>sunt,</span> <span class='ocrx_word' id='word_1_48' title='bbox 759 708 846 749; x_wconf 78' lang='lat' dir='ltr'>duo</span> <span class='ocrx_word' id='word_1_49' title='bbox 868 709 1112 764; x_wconf 78' lang='lat' dir='ltr'>spectativa.</span> <span class='ocrx_word' id='word_1_50' title='bbox 1147 711 1371 765; x_wconf 84' lang='lat' dir='ltr'>Siquidem</span> <span class='ocrx_word' id='word_1_51' title='bbox 1396 712 1688 767; x_wconf 85' lang='lat' dir='ltr'>impendimus</span> <span class='ocrx_word' id='word_1_52' title='bbox 1714 714 1943 766; x_wconf 76' lang='lat' dir='ltr'>actionem,</span> <span class='ocrx_word' id='word_1_53' title='bbox 1977 731 2117 770; x_wconf 84' lang='lat' dir='ltr'>quum</span> 
     </span>
    </p>
   </div>
   <div class='ocr_carea' id='block_1_9' title="bbox 152 791 887 848">
    <p class='ocr_par' dir='ltr' id='par_1_9' title="bbox 152 791 887 848">
     <span class='ocr_line' id='line_1_9' title="bbox 152 791 887 848; baseline -0.004 -14"><span class='ocrx_word' id='word_1_54' title='bbox 152 792 257 848; x_wconf 85' lang='lat' dir='ltr'>quid</span> <span class='ocrx_word' id='word_1_55' title='bbox 292 792 598 834; x_wconf 85' lang='lat' dir='ltr'>conscribimus</span> <span class='ocrx_word' id='word_1_56' title='bbox 630 791 887 847; x_wconf 80' lang='lat' dir='ltr'>lcgimusvc,</span> 
     </span>
    </p>
   </div>
   <div class='ocr_carea' id='block_1_10' title="bbox 951 792 2123 852">
    <p class='ocr_par' dir='ltr' id='par_1_10' title="bbox 951 792 2123 852">
     <span class='ocr_line' id='line_1_10' title="bbox 951 792 2123 852; baseline 0.005 -20"><span class='ocrx_word' id='word_1_57' title='bbox 951 792 1222 847; x_wconf 83' lang='lat' dir='ltr'>sequentium</span> <span class='ocrx_word' id='word_1_58' title='bbox 1271 807 1373 833; x_wconf 81' lang='lat' dir='ltr'>vcro</span> <span class='ocrx_word' id='word_1_59' title='bbox 1405 793 1644 848; x_wconf 80' lang='lat' dir='ltr'>spectaculo</span> <span class='ocrx_word' id='word_1_60' title='bbox 1676 793 1938 848; x_wconf 82' lang='lat' dir='ltr'>detinemur,</span> <span class='ocrx_word' id='word_1_61' title='bbox 1984 812 2123 852; x_wconf 86' lang='lat' dir='ltr'>quum</span> 
     </span>
    </p>
   </div>
   <div class='ocr_carea' id='block_1_11' title="bbox 150 871 2122 931">
    <p class='ocr_par' dir='ltr' id='par_1_11' title="bbox 150 871 2122 931">
     <span class='ocr_line' id='line_1_11' title="bbox 150 871 2122 931; baseline 0.003 -17"><span class='ocrx_word' id='word_1_62' title='bbox 150 875 305 931; x_wconf 81' lang='lat' dir='ltr'>scripta</span> <span class='ocrx_word' id='word_1_63' title='bbox 336 873 607 930; x_wconf 76' lang='lat' dir='ltr'>intelligimus</span> <span class='ocrx_word' id='word_1_64' title='bbox 643 882 716 914; x_wconf 84' lang='lat' dir='ltr'>aut</span> <span class='ocrx_word' id='word_1_65' title='bbox 745 872 1003 928; x_wconf 84' lang='lat' dir='ltr'>probamus;</span> <span class='ocrx_word' id='word_1_66' title='bbox 1047 871 1142 913; x_wconf 86' lang='lat' dir='ltr'>licet</span> <span class='ocrx_word' id='word_1_67' title='bbox 1174 873 1280 915; x_wconf 77' lang='lat' dir='ltr'>inter</span> <span class='ocrx_word' id='word_1_68' title='bbox 1314 888 1359 914; x_wconf 88' lang='lat' dir='ltr'>se</span> <span class='ocrx_word' id='word_1_69' title='bbox 1391 874 1581 929; x_wconf 85' lang='lat' dir='ltr'>quadam</span> <span class='ocrx_word' id='word_1_70' title='bbox 1613 876 1860 931; x_wconf 78' lang='lat' dir='ltr'>cognatione</span> <span class='ocrx_word' id='word_1_71' title='bbox 1893 878 2122 931; x_wconf 80' lang='lat' dir='ltr'>conjuncta</span> 
     </span>
    </p>
   </div>
   <div class='ocr_carea' id='block_1_12' title="bbox 148 1003 1110 1988">
    <p class='ocr_par' dir='ltr' id='par_1_12' title="bbox 148 1003 1110 1365">
     <span class='ocr_line' id='line_1_12' title="bbox 226 1003 1109 1049; baseline -0.002 -13"><span class='ocrx_word' id='word_1_72' title='bbox 226 1006 313 1049; x_wconf 75' lang='lat' dir='ltr'>apud</span> <span class='ocrx_word' id='word_1_73' title='bbox 344 1003 506 1049; x_wconf 83' lang='lat' dir='ltr'>Graecos]</span> <span class='ocrx_word' id='word_1_74' title='bbox 547 1004 595 1036; x_wconf 86' lang='lat' dir='ltr'>lta</span> <span class='ocrx_word' id='word_1_75' title='bbox 631 1016 648 1036; x_wconf 76' lang='lat' dir='ltr'>a</span> <span class='ocrx_word' id='word_1_76' title='bbox 675 1003 836 1037; x_wconf 78' lang='lat' dir='ltr'>Strabone</span> <span class='ocrx_word' id='word_1_77' title='bbox 868 1004 947 1049; x_wconf 78' lang='lat' dir='ltr'>(M.</span> <span class='ocrx_word' id='word_1_78' title='bbox 982 1016 1013 1047; x_wconf 89' lang='lat' dir='ltr'>p.</span> <span class='ocrx_word' id='word_1_79' title='bbox 1035 1004 1109 1035; x_wconf 79' lang='lat'>658</span> 
     </span>
     <span class='ocr_line' id='line_1_13' title="bbox 148 1060 1109 1112; baseline 0 -13"><span class='ocrx_word' id='word_1_80' title='bbox 148 1060 304 1109; x_wconf 78' lang='lat' dir='ltr'>Casanb.)</span> <span class='ocrx_word' id='word_1_81' title='bbox 333 1066 466 1110; x_wconf 79' lang='lat' dir='ltr'>Epicuri</span> <span class='ocrx_word' id='word_1_82' title='bbox 491 1072 582 1110; x_wconf 82' lang='lat' dir='ltr'>pater</span> <span class='ocrx_word' id='word_1_83' title='bbox 607 1066 747 1098; x_wconf 80' lang='lat' dir='ltr'>Neocles</span> <span class='ocrx_word' id='word_1_84' title='bbox 774 1060 1109 1112; x_wconf 63' lang='grc' dir='ltr'><em>γραμματοὸιὸίὶό-</em></span> 
     </span>
     <span class='ocr_line' id='line_1_14' title="bbox 150 1128 1108 1174; baseline -0.004 -11"><span class='ocrx_word' id='word_1_85' title='bbox 150 1129 271 1169; x_wconf 77' lang='grc' dir='ltr'><em>καλος</em></span> <span class='ocrx_word' id='word_1_86' title='bbox 294 1130 480 1174; x_wconf 76' lang='lat' dir='ltr'>appellatur.</span> <span class='ocrx_word' id='word_1_87' title='bbox 509 1129 631 1161; x_wconf 74' lang='lat' dir='ltr'>Confer</span> <span class='ocrx_word' id='word_1_88' title='bbox 647 1130 826 1171; x_wconf 77' lang='lat' dir='ltr'>Diogenem</span> <span class='ocrx_word' id='word_1_89' title='bbox 844 1129 1009 1161; x_wconf 87' lang='lat' dir='ltr'>Laertium</span> <span class='ocrx_word' id='word_1_90' title='bbox 1034 1128 1108 1171; x_wconf 84' lang='grc'>(10,</span> 
     </span>
     <span class='ocr_line' id='line_1_15' title="bbox 149 1193 1109 1238; baseline 0.001 -14"><span class='ocrx_word' id='word_1_91' title='bbox 149 1193 183 1224; x_wconf 83' lang='grc'>2.</span> <span class='ocrx_word' id='word_1_92' title='bbox 211 1206 241 1237; x_wconf 90' lang='lat' dir='ltr'>p.</span> <span class='ocrx_word' id='word_1_93' title='bbox 267 1193 341 1226; x_wconf 72' lang='grc'>604</span> <span class='ocrx_word' id='word_1_94' title='bbox 366 1193 493 1236; x_wconf 59' lang='lat' dir='ltr'>Mem),</span> <span class='ocrx_word' id='word_1_95' title='bbox 524 1193 722 1237; x_wconf 66' lang='lat' dir='ltr'>Hesyclnium</span> <span class='ocrx_word' id='word_1_96' title='bbox 756 1193 799 1237; x_wconf 82' lang='lat' dir='ltr'>(p.</span> <span class='ocrx_word' id='word_1_97' title='bbox 827 1194 900 1225; x_wconf 76' lang='grc'>855</span> <span class='ocrx_word' id='word_1_98' title='bbox 934 1205 965 1227; x_wconf 87' lang='lat' dir='ltr'>v.</span> <span class='ocrx_word' id='word_1_99' title='bbox 992 1203 1109 1238; x_wconf 68' lang='grc' dir='ltr'><em>’γραμ-</em></span> 
     </span>
     <span class='ocr_line' id='line_1_16' title="bbox 149 1252 1110 1301; baseline -0.002 -14"><span class='ocrx_word' id='word_1_100' title='bbox 149 1252 367 1301; x_wconf 67' lang='grc' dir='ltr'>ματιστής),</span> <span class='ocrx_word' id='word_1_101' title='bbox 399 1255 470 1287; x_wconf 81' lang='lat' dir='ltr'>add.</span> <span class='ocrx_word' id='word_1_102' title='bbox 493 1254 611 1290; x_wconf 83' lang='lat' dir='ltr'>Stallb.</span> <span class='ocrx_word' id='word_1_103' title='bbox 630 1255 684 1299; x_wconf 81' lang='lat' dir='ltr'>(ad</span> <span class='ocrx_word' id='word_1_104' title='bbox 704 1255 788 1287; x_wconf 74' lang='lat' dir='ltr'>Plat.</span> <span class='ocrx_word' id='word_1_105' title='bbox 809 1254 898 1289; x_wconf 86' lang='lat' dir='ltr'>Phil.</span> <span class='ocrx_word' id='word_1_106' title='bbox 921 1267 953 1298; x_wconf 88' lang='lat' dir='ltr'>p.</span> <span class='ocrx_word' id='word_1_107' title='bbox 972 1254 1059 1297; x_wconf 65' lang='lat'>116)</span> <span class='ocrx_word' id='word_1_108' title='bbox 1077 1259 1110 1285; x_wconf 87' lang='lat' dir='ltr'>et</span> 
     </span>
     <span class='ocr_line' id='line_1_17' title="bbox 150 1317 1110 1365; baseline -0.001 -15"><span class='ocrx_word' id='word_1_109' title='bbox 150 1318 291 1350; x_wconf 86' lang='lat' dir='ltr'>Dionem</span> <span class='ocrx_word' id='word_1_110' title='bbox 308 1318 458 1350; x_wconf 79' lang='lat' dir='ltr'>Cassium</span> <span class='ocrx_word' id='word_1_111' title='bbox 476 1320 550 1365; x_wconf 86' lang='grc'><strong>(28.</strong></span> <span class='ocrx_word' id='word_1_112' title='bbox 568 1333 598 1363; x_wconf 86' lang='lat' dir='ltr'>p.</span> <span class='ocrx_word' id='word_1_113' title='bbox 612 1320 668 1351; x_wconf 78' lang='lat'>15.</span> <span class='ocrx_word' id='word_1_114' title='bbox 689 1320 747 1358; x_wconf 78' lang='lat'>75,</span> <span class='ocrx_word' id='word_1_115' title='bbox 770 1321 801 1350; x_wconf 80' lang='lat'>5.</span> <span class='ocrx_word' id='word_1_116' title='bbox 822 1332 851 1362; x_wconf 91' lang='lat' dir='ltr'>p.</span> <span class='ocrx_word' id='word_1_117' title='bbox 868 1319 964 1350; x_wconf 77' lang='grc'>1259</span> <span class='ocrx_word' id='word_1_118' title='bbox 982 1317 1110 1360; x_wconf 85' lang='lat' dir='ltr'>Reim.).</span> 
     </span>
    </p>

    <p class='ocr_par' dir='ltr' id='par_1_13' title="bbox 150 1380 1110 1551">
     <span class='ocr_line' id='line_1_18' title="bbox 226 1380 1110 1429; baseline -0.002 -16"><span class='ocrx_word' id='word_1_119' title='bbox 226 1382 306 1429; x_wconf 79' lang='lat' dir='ltr'>quid</span> <span class='ocrx_word' id='word_1_120' title='bbox 336 1380 397 1426; x_wconf 77' lang='lat' dir='ltr'>sit]</span> <span class='ocrx_word' id='word_1_121' title='bbox 434 1382 606 1425; x_wconf 83' lang='lat' dir='ltr'>Inscriptio</span> <span class='ocrx_word' id='word_1_122' title='bbox 638 1383 717 1413; x_wconf 82' lang='lat' dir='ltr'>haec</span> <span class='ocrx_word' id='word_1_123' title='bbox 748 1388 779 1413; x_wconf 89' lang='lat' dir='ltr'>et</span> <span class='ocrx_word' id='word_1_124' title='bbox 816 1393 898 1426; x_wconf 83' lang='lat' dir='ltr'>quae</span> <span class='ocrx_word' id='word_1_125' title='bbox 931 1387 1110 1424; x_wconf 86' lang='lat' dir='ltr'>sequuntur</span> 
     </span>
     <span class='ocr_line' id='line_1_19' title="bbox 151 1442 1109 1486; baseline -0.002 -10"><span class='ocrx_word' id='word_1_126' title='bbox 151 1456 263 1476; x_wconf 88' lang='lat' dir='ltr'>omnes</span> <span class='ocrx_word' id='word_1_127' title='bbox 292 1445 407 1476; x_wconf 82' lang='lat' dir='ltr'>absunt</span> <span class='ocrx_word' id='word_1_128' title='bbox 431 1457 448 1475; x_wconf 83' lang='lat' dir='ltr'>a</span> <span class='ocrx_word' id='word_1_129' title='bbox 474 1444 638 1477; x_wconf 80' lang='lat' dir='ltr'>codicibus</span> <span class='ocrx_word' id='word_1_130' title='bbox 665 1443 832 1486; x_wconf 80' lang='lat' dir='ltr'>Anglieis,</span> <span class='ocrx_word' id='word_1_131' title='bbox 861 1442 1109 1476; x_wconf 81' lang='lat' dir='ltr'>Darmstattensi</span> 
     </span>
     <span class='ocr_line' id='line_1_20' title="bbox 150 1506 462 1551; baseline -0.003 -13"><span class='ocrx_word' id='word_1_132' title='bbox 150 1506 360 1551; x_wconf 76' lang='lat' dir='ltr'>pluribusque</span> <span class='ocrx_word' id='word_1_133' title='bbox 382 1506 462 1537; x_wconf 83' lang='lat' dir='ltr'>aliis.</span> 
     </span>
    </p>

    <p class='ocr_par' dir='ltr' id='par_1_14' title="bbox 148 1566 1110 1988">
     <span class='ocr_line' id='line_1_21' title="bbox 223 1566 1108 1613; baseline -0.001 -12"><span class='ocrx_word' id='word_1_134' title='bbox 223 1581 311 1602; x_wconf 80' lang='lat' dir='ltr'>num:</span> <span class='ocrx_word' id='word_1_135' title='bbox 328 1570 426 1601; x_wconf 75' lang='lat' dir='ltr'>etiam</span> <span class='ocrx_word' id='word_1_136' title='bbox 447 1566 539 1613; x_wconf 79' lang='lat' dir='ltr'>illud]</span> <span class='ocrx_word' id='word_1_137' title='bbox 567 1567 690 1601; x_wconf 81' lang='lat' dir='ltr'>Sextus</span> <span class='ocrx_word' id='word_1_138' title='bbox 707 1568 888 1611; x_wconf 78' lang='lat' dir='ltr'>Eiupirieus</span> <span class='ocrx_word' id='word_1_139' title='bbox 908 1567 992 1612; x_wconf 87' lang='lat' dir='ltr'>(adv.</span> <span class='ocrx_word' id='word_1_140' title='bbox 1007 1579 1108 1610; x_wconf 80' lang='lat' dir='ltr'>gram-</span> 
     </span>
     <span class='ocr_line' id='line_1_22' title="bbox 148 1631 1110 1678; baseline -0.002 -13"><span class='ocrx_word' id='word_1_141' title='bbox 148 1638 223 1665; x_wconf 84' lang='lat' dir='ltr'>mat.</span> <span class='ocrx_word' id='word_1_142' title='bbox 244 1635 281 1674; x_wconf 86' lang='lat'>1,</span> <span class='ocrx_word' id='word_1_143' title='bbox 305 1633 345 1674; x_wconf 90' lang='grc'>2,</span> <span class='ocrx_word' id='word_1_144' title='bbox 370 1634 432 1668; x_wconf 83' lang='grc'><strong>49.</strong></span> <span class='ocrx_word' id='word_1_145' title='bbox 458 1646 490 1678; x_wconf 89' lang='lat' dir='ltr'>p.</span> <span class='ocrx_word' id='word_1_146' title='bbox 505 1633 579 1665; x_wconf 82' lang='grc'>226</span> <span class='ocrx_word' id='word_1_147' title='bbox 603 1631 713 1675; x_wconf 70' lang='lat' dir='ltr'>Fabr.)</span> <span class='ocrx_word' id='word_1_148' title='bbox 742 1631 923 1676; x_wconf 76' lang='lat' dir='ltr'>»duplicem</span> <span class='ocrx_word' id='word_1_149' title='bbox 944 1643 1033 1663; x_wconf 80' lang='lat' dir='ltr'>esse«</span> <span class='ocrx_word' id='word_1_150' title='bbox 1066 1631 1110 1663; x_wconf 80' lang='lat' dir='ltr'>ait</span> 
     </span>
     <span class='ocr_line' id='line_1_23' title="bbox 157 1696 1109 1741; baseline 0.001 -15"><span class='ocrx_word' id='word_1_151' title='bbox 157 1697 424 1740; x_wconf 67' lang='lat' dir='ltr'>agi-anunnticam,</span> <span class='ocrx_word' id='word_1_152' title='bbox 451 1697 545 1729; x_wconf 83' lang='lat' dir='ltr'>aliam</span> <span class='ocrx_word' id='word_1_153' title='bbox 565 1709 649 1741; x_wconf 84' lang='lat' dir='ltr'>quae</span> <span class='ocrx_word' id='word_1_154' title='bbox 671 1696 785 1729; x_wconf 79' lang='lat' dir='ltr'>doceat</span> <span class='ocrx_word' id='word_1_155' title='bbox 808 1696 981 1737; x_wconf 78' lang='lat' dir='ltr'>elementa,</span> <span class='ocrx_word' id='word_1_156' title='bbox 1009 1700 1109 1728; x_wconf 86' lang='lat' dir='ltr'>artem</span> 
     </span>
     <span class='ocr_line' id='line_1_24' title="bbox 149 1757 1109 1803; baseline -0.001 -13"><span class='ocrx_word' id='word_1_157' title='bbox 149 1759 296 1791; x_wconf 87' lang='lat' dir='ltr'>nimirum</span> <span class='ocrx_word' id='word_1_158' title='bbox 323 1759 454 1802; x_wconf 82' lang='lat' dir='ltr'>legendi</span> <span class='ocrx_word' id='word_1_159' title='bbox 473 1765 506 1791; x_wconf 84' lang='lat' dir='ltr'>et</span> <span class='ocrx_word' id='word_1_160' title='bbox 528 1758 705 1799; x_wconf 68' lang='lat' dir='ltr'>scribendi,</span> <span class='ocrx_word' id='word_1_161' title='bbox 732 1758 844 1799; x_wconf 79' lang='lat' dir='ltr'>aliam,</span> <span class='ocrx_word' id='word_1_162' title='bbox 871 1770 953 1803; x_wconf 82' lang='lat' dir='ltr'>quae</span> <span class='ocrx_word' id='word_1_163' title='bbox 973 1757 1109 1790; x_wconf 79' lang='lat' dir='ltr'>facultas</span> 
     </span>
     <span class='ocr_line' id='line_1_25' title="bbox 149 1808 1107 1866; baseline -0.001 -13"><span class='ocrx_word' id='word_1_164' title='bbox 149 1823 336 1866; x_wconf 77' lang='lat' dir='ltr'>profundior</span> <span class='ocrx_word' id='word_1_165' title='bbox 358 1828 502 1854; x_wconf 71' lang='lat' dir='ltr'>versetur</span> <span class='ocrx_word' id='word_1_166' title='bbox 527 1822 561 1854; x_wconf 86' lang='lat' dir='ltr'>in</span> <span class='ocrx_word' id='word_1_167' title='bbox 586 1821 794 1854; x_wconf 82' lang='lat' dir='ltr'>examinanda</span> <span class='ocrx_word' id='word_1_168' title='bbox 816 1808 925 1853; x_wconf 35' lang='lat' dir='ltr'>&#39;etiam-</span> <span class='ocrx_word' id='word_1_169' title='bbox 943 1821 1107 1853; x_wconf 85' lang='lat' dir='ltr'>literarum</span> 
     </span>
     <span class='ocr_line' id='line_1_26' title="bbox 150 1883 1107 1926; baseline 0 -11"><span class='ocrx_word' id='word_1_170' title='bbox 150 1884 332 1925; x_wconf 80' lang='lat' dir='ltr'>cognitione</span> <span class='ocrx_word' id='word_1_171' title='bbox 356 1889 388 1916; x_wconf 87' lang='lat' dir='ltr'>et</span> <span class='ocrx_word' id='word_1_172' title='bbox 408 1889 537 1924; x_wconf 82' lang='lat' dir='ltr'>natura,</span> <span class='ocrx_word' id='word_1_173' title='bbox 565 1889 596 1915; x_wconf 90' lang='lat' dir='ltr'>et</span> <span class='ocrx_word' id='word_1_174' title='bbox 618 1884 650 1915; x_wconf 88' lang='lat' dir='ltr'>in</span> <span class='ocrx_word' id='word_1_175' title='bbox 673 1883 826 1914; x_wconf 79' lang='lat' dir='ltr'>orationis</span> <span class='ocrx_word' id='word_1_176' title='bbox 846 1883 1000 1926; x_wconf 73' lang='lat' dir='ltr'>pai-tibiis,</span> <span class='ocrx_word' id='word_1_177' title='bbox 1025 1895 1107 1926; x_wconf 81' lang='lat' dir='ltr'>quae</span> 
     </span>
     <span class='ocr_line' id='line_1_27' title="bbox 439 1944 1107 1988; baseline 0 -11"><span class='ocrx_word' id='word_1_178' title='bbox 439 1944 643 1987; x_wconf 72' lang='lat' dir='ltr'>Augustinus</span> <span class='ocrx_word' id='word_1_179' title='bbox 672 1944 731 1988; x_wconf 85' lang='lat' dir='ltr'>(de</span> <span class='ocrx_word' id='word_1_180' title='bbox 757 1945 824 1976; x_wconf 85' lang='lat' dir='ltr'>ord.</span> <span class='ocrx_word' id='word_1_181' title='bbox 846 1945 886 1984; x_wconf 88' lang='grc'>2,</span> <span class='ocrx_word' id='word_1_182' title='bbox 916 1945 972 1976; x_wconf 83' lang='grc'>12.</span> <span class='ocrx_word' id='word_1_183' title='bbox 994 1944 1059 1988; x_wconf 83' lang='lat' dir='ltr'>Op.</span> <span class='ocrx_word' id='word_1_184' title='bbox 1081 1944 1107 1977; x_wconf 88' lang='lat' dir='ltr'>I.</span> 
     </span>
    </p>
   </div>
   <div class='ocr_carea' id='block_1_13' title="bbox 148 2006 1107 2052">
    <p class='ocr_par' dir='ltr' id='par_1_15' title="bbox 148 2006 1107 2052">
     <span class='ocr_line' id='line_1_28' title="bbox 148 2006 1107 2052; baseline -0.003 -11"><span class='ocrx_word' id='word_1_185' title='bbox 148 2020 183 2052; x_wconf 88' lang='lat' dir='ltr'>p.</span> <span class='ocrx_word' id='word_1_186' title='bbox 201 2008 276 2040; x_wconf 80' lang='grc'>542</span> <span class='ocrx_word' id='word_1_187' title='bbox 295 2008 399 2050; x_wconf 79' lang='lat' dir='ltr'>Bas.),</span> <span class='ocrx_word' id='word_1_188' title='bbox 426 2013 596 2051; x_wconf 78' lang='lat' dir='ltr'>postquam</span> <span class='ocrx_word' id='word_1_189' title='bbox 618 2007 706 2050; x_wconf 82' lang='lat' dir='ltr'>prius</span> <span class='ocrx_word' id='word_1_190' title='bbox 730 2006 951 2048; x_wconf 73' lang='lat' dir='ltr'>grammaticae</span> <span class='ocrx_word' id='word_1_191' title='bbox 970 2006 1107 2039; x_wconf 86' lang='lat' dir='ltr'>officium</span> 
     </span>
    </p>
   </div>
   <div class='ocr_carea' id='block_1_14' title="bbox 150 1945 391 1978">
    <p class='ocr_par' dir='ltr' id='par_1_16' title="bbox 150 1945 391 1978">
     <span class='ocr_line' id='line_1_29' title="bbox 150 1945 391 1978; baseline 0 -1"><span class='ocrx_word' id='word_1_192' title='bbox 150 1945 188 1977; x_wconf 89' lang='lat' dir='ltr'>iis</span> <span class='ocrx_word' id='word_1_193' title='bbox 216 1951 372 1978; x_wconf 86' lang='lat' dir='ltr'>constent.</span> <span class='ocrx_word' id='word_1_194' title='bbox 380 1960 391 1974; x_wconf 89' lang='lat'><strong><em>«</em></strong></span> 
     </span>
    </p>
   </div>
   <div class='ocr_carea' id='block_1_15' title="bbox 146 2070 1110 2622">
    <p class='ocr_par' dir='ltr' id='par_1_17' title="bbox 146 2070 1110 2622">
     <span class='ocr_line' id='line_1_30' title="bbox 148 2070 1108 2111; baseline -0.001 -8"><span class='ocrx_word' id='word_1_195' title='bbox 148 2071 183 2103; x_wconf 86' lang='lat' dir='ltr'>in</span> <span class='ocrx_word' id='word_1_196' title='bbox 198 2071 362 2103; x_wconf 79' lang='lat' dir='ltr'>tradendis</span> <span class='ocrx_word' id='word_1_197' title='bbox 380 2070 547 2103; x_wconf 78' lang='lat' dir='ltr'>elementis</span> <span class='ocrx_word' id='word_1_198' title='bbox 563 2071 743 2111; x_wconf 82' lang='lat' dir='ltr'>literarum,</span> <span class='ocrx_word' id='word_1_199' title='bbox 768 2071 912 2102; x_wconf 81' lang='lat' dir='ltr'>doctrina</span> <span class='ocrx_word' id='word_1_200' title='bbox 937 2071 1108 2103; x_wconf 86' lang='lat' dir='ltr'>verborum</span> 
     </span>
     <span class='ocr_line' id='line_1_31' title="bbox 150 2134 1109 2179; baseline -0.001 -12"><span class='ocrx_word' id='word_1_201' title='bbox 150 2139 183 2167; x_wconf 86' lang='lat' dir='ltr'>et</span> <span class='ocrx_word' id='word_1_202' title='bbox 206 2135 400 2179; x_wconf 72' lang='lat' dir='ltr'>syllabarum</span> <span class='ocrx_word' id='word_1_203' title='bbox 426 2135 612 2168; x_wconf 78' lang='lat' dir='ltr'>accentibus</span> <span class='ocrx_word' id='word_1_204' title='bbox 642 2134 811 2174; x_wconf 78' lang='lat' dir='ltr'>retulerat,</span> <span class='ocrx_word' id='word_1_205' title='bbox 837 2135 939 2166; x_wconf 70' lang='lat' dir='ltr'>addit:</span> <span class='ocrx_word' id='word_1_206' title='bbox 964 2140 1109 2179; x_wconf 83' lang='lat' dir='ltr'>»poterat</span> 
     </span>
     <span class='ocr_line' id='line_1_32' title="bbox 146 2196 1108 2242; baseline 0.001 -14"><span class='ocrx_word' id='word_1_207' title='bbox 146 2196 212 2238; x_wconf 84' lang='lat' dir='ltr'>jam</span> <span class='ocrx_word' id='word_1_208' title='bbox 241 2199 383 2242; x_wconf 79' lang='lat' dir='ltr'>perfecta</span> <span class='ocrx_word' id='word_1_209' title='bbox 412 2209 485 2229; x_wconf 85' lang='lat' dir='ltr'>esse</span> <span class='ocrx_word' id='word_1_210' title='bbox 514 2197 735 2239; x_wconf 76' lang='lat' dir='ltr'>grannnatica3</span> <span class='ocrx_word' id='word_1_211' title='bbox 770 2196 827 2228; x_wconf 78' lang='lat' dir='ltr'>sed</span> <span class='ocrx_word' id='word_1_212' title='bbox 853 2198 927 2240; x_wconf 79' lang='lat' dir='ltr'>quia</span> <span class='ocrx_word' id='word_1_213' title='bbox 956 2197 1028 2241; x_wconf 86' lang='lat' dir='ltr'>ipso</span> <span class='ocrx_word' id='word_1_214' title='bbox 1051 2209 1108 2229; x_wconf 86' lang='lat' dir='ltr'>no-</span> 
     </span>
     <span class='ocr_line' id='line_1_33' title="bbox 151 2260 1110 2305; baseline 0.001 -13"><span class='ocrx_word' id='word_1_215' title='bbox 151 2260 234 2292; x_wconf 87' lang='lat' dir='ltr'>mine</span> <span class='ocrx_word' id='word_1_216' title='bbox 255 2261 397 2305; x_wconf 80' lang='lat' dir='ltr'>profiteri</span> <span class='ocrx_word' id='word_1_217' title='bbox 418 2273 452 2293; x_wconf 82' lang='lat' dir='ltr'>se</span> <span class='ocrx_word' id='word_1_218' title='bbox 471 2261 581 2293; x_wconf 78' lang='lat' dir='ltr'>literas</span> <span class='ocrx_word' id='word_1_219' title='bbox 605 2261 741 2301; x_wconf 80' lang='lat' dir='ltr'>clamat,</span> <span class='ocrx_word' id='word_1_220' title='bbox 767 2261 851 2292; x_wconf 83' lang='lat' dir='ltr'>unde</span> <span class='ocrx_word' id='word_1_221' title='bbox 878 2261 972 2292; x_wconf 80' lang='lat' dir='ltr'>etiam</span> <span class='ocrx_word' id='word_1_222' title='bbox 994 2261 1110 2293; x_wconf 80' lang='lat' dir='ltr'>Latine</span> 
     </span>
     <span class='ocr_line' id='line_1_34' title="bbox 149 2323 1109 2369; baseline 0.002 -14"><span class='ocrx_word' id='word_1_223' title='bbox 149 2323 313 2357; x_wconf 83' lang='lat' dir='ltr'>literatura</span> <span class='ocrx_word' id='word_1_224' title='bbox 337 2325 467 2366; x_wconf 82' lang='lat' dir='ltr'>dieitur,</span> <span class='ocrx_word' id='word_1_225' title='bbox 497 2326 615 2357; x_wconf 86' lang='lat' dir='ltr'>factum</span> <span class='ocrx_word' id='word_1_226' title='bbox 639 2330 705 2365; x_wconf 82' lang='lat' dir='ltr'>est,</span> <span class='ocrx_word' id='word_1_227' title='bbox 733 2330 768 2356; x_wconf 86' lang='lat' dir='ltr'>ut</span> <span class='ocrx_word' id='word_1_228' title='bbox 797 2325 953 2369; x_wconf 74' lang='lat' dir='ltr'>quidquid</span> <span class='ocrx_word' id='word_1_229' title='bbox 979 2325 1109 2367; x_wconf 84' lang='lat' dir='ltr'>dignum</span> 
     </span>
     <span class='ocr_line' id='line_1_35' title="bbox 151 2388 1108 2433; baseline 0.002 -14"><span class='ocrx_word' id='word_1_230' title='bbox 151 2389 301 2420; x_wconf 80' lang='lat' dir='ltr'>memoria</span> <span class='ocrx_word' id='word_1_231' title='bbox 321 2388 422 2420; x_wconf 86' lang='lat' dir='ltr'>literis</span> <span class='ocrx_word' id='word_1_232' title='bbox 442 2390 661 2430; x_wconf 78' lang='lat' dir='ltr'>mandaretur,</span> <span class='ocrx_word' id='word_1_233' title='bbox 687 2389 727 2421; x_wconf 85' lang='lat' dir='ltr'>ad</span> <span class='ocrx_word' id='word_1_234' title='bbox 745 2401 814 2421; x_wconf 82' lang='lat' dir='ltr'>eam</span> <span class='ocrx_word' id='word_1_235' title='bbox 837 2389 1019 2422; x_wconf 84' lang='lat' dir='ltr'>necessario</span> <span class='ocrx_word' id='word_1_236' title='bbox 1038 2401 1108 2433; x_wconf 70' lang='lat' dir='ltr'>pen-</span> 
     </span>
     <span class='ocr_line' id='line_1_36' title="bbox 151 2449 1107 2495; baseline 0.001 -14"><span class='ocrx_word' id='word_1_237' title='bbox 151 2449 280 2483; x_wconf 80' lang='lat' dir='ltr'>tineret.</span> <span class='ocrx_word' id='word_1_238' title='bbox 316 2450 432 2493; x_wconf 79' lang='lat' dir='ltr'>Itaque</span> <span class='ocrx_word' id='word_1_239' title='bbox 455 2462 553 2481; x_wconf 88' lang='lat' dir='ltr'>unum</span> <span class='ocrx_word' id='word_1_240' title='bbox 580 2451 709 2495; x_wconf 85' lang='lat' dir='ltr'>quidem</span> <span class='ocrx_word' id='word_1_241' title='bbox 736 2463 871 2492; x_wconf 78' lang='lat' dir='ltr'>nomen,</span> <span class='ocrx_word' id='word_1_242' title='bbox 902 2451 960 2483; x_wconf 88' lang='lat' dir='ltr'>sed</span> <span class='ocrx_word' id='word_1_243' title='bbox 980 2463 1033 2483; x_wconf 82' lang='lat' dir='ltr'>res</span> <span class='ocrx_word' id='word_1_244' title='bbox 1060 2451 1107 2482; x_wconf 91' lang='lat' dir='ltr'>in-</span> 
     </span>
     <span class='ocr_line' id='line_1_37' title="bbox 151 2512 1105 2558; baseline 0.001 -15"><span class='ocrx_word' id='word_1_245' title='bbox 151 2512 254 2552; x_wconf 78' lang='lat' dir='ltr'>finita,</span> <span class='ocrx_word' id='word_1_246' title='bbox 285 2512 469 2555; x_wconf 81' lang='lat' dir='ltr'>multiplex,</span> <span class='ocrx_word' id='word_1_247' title='bbox 496 2524 642 2545; x_wconf 79' lang='lat' dir='ltr'>curarum</span> <span class='ocrx_word' id='word_1_248' title='bbox 666 2513 811 2557; x_wconf 83' lang='lat' dir='ltr'>plenior,</span> <span class='ocrx_word' id='word_1_249' title='bbox 840 2526 935 2558; x_wconf 81' lang='lat' dir='ltr'>quam</span> <span class='ocrx_word' id='word_1_250' title='bbox 955 2513 1105 2556; x_wconf 85' lang='lat' dir='ltr'>jucundi-</span> 
     </span>
     <span class='ocr_line' id='line_1_38' title="bbox 150 2574 1104 2622; baseline 0.002 -16"><span class='ocrx_word' id='word_1_251' title='bbox 150 2575 224 2607; x_wconf 80' lang='lat' dir='ltr'>tatis</span> <span class='ocrx_word' id='word_1_252' title='bbox 242 2582 295 2607; x_wconf 80' lang='lat' dir='ltr'>aut</span> <span class='ocrx_word' id='word_1_253' title='bbox 310 2575 479 2607; x_wconf 61' lang='lat' dir='ltr'>veritatis«</span> <span class='ocrx_word' id='word_1_254' title='bbox 513 2574 658 2609; x_wconf 75' lang='lat' dir='ltr'>Senecae</span> <span class='ocrx_word' id='word_1_255' title='bbox 671 2577 766 2609; x_wconf 84' lang='lat' dir='ltr'>etiam</span> <span class='ocrx_word' id='word_1_256' title='bbox 783 2578 879 2609; x_wconf 81' lang='lat' dir='ltr'>verba</span> <span class='ocrx_word' id='word_1_257' title='bbox 897 2577 1004 2622; x_wconf 88' lang='lat' dir='ltr'>(epist.</span> <span class='ocrx_word' id='word_1_258' title='bbox 1022 2578 1104 2609; x_wconf 83' lang='lat'><strong>108.</strong></span> 
     </span>
    </p>
   </div>
   <div class='ocr_carea' id='block_1_16' title="bbox 151 2639 1104 2686">
    <p class='ocr_par' dir='ltr' id='par_1_18' title="bbox 151 2639 1104 2686">
     <span class='ocr_line' id='line_1_39' title="bbox 151 2639 1104 2686; baseline 0.001 -15"><span class='ocrx_word' id='word_1_259' title='bbox 151 2652 181 2684; x_wconf 88' lang='lat' dir='ltr'>p.</span> <span class='ocrx_word' id='word_1_260' title='bbox 198 2641 271 2673; x_wconf 77' lang='lat'>656</span> <span class='ocrx_word' id='word_1_261' title='bbox 290 2639 392 2685; x_wconf 81' lang='lat' dir='ltr'>Lips.)</span> <span class='ocrx_word' id='word_1_262' title='bbox 412 2644 486 2672; x_wconf 79' lang='lat' dir='ltr'>sunt</span> <span class='ocrx_word' id='word_1_263' title='bbox 508 2651 609 2685; x_wconf 66' lang='lat' dir='ltr'>aquae</span> <span class='ocrx_word' id='word_1_264' title='bbox 630 2639 833 2686; x_wconf 84' lang='lat' dir='ltr'>philosophia</span> <span class='ocrx_word' id='word_1_265' title='bbox 854 2641 926 2683; x_wconf 81' lang='lat' dir='ltr'>suit,</span> <span class='ocrx_word' id='word_1_266' title='bbox 950 2641 1032 2674; x_wconf 76' lang='lat' dir='ltr'>faeta</span> <span class='ocrx_word' id='word_1_267' title='bbox 1053 2646 1104 2674; x_wconf 83' lang='lat' dir='ltr'>est</span> 
     </span>
    </p>
   </div>
   <div class='ocr_carea' id='block_1_17' title="bbox 1155 1002 2125 2689">
    <p class='ocr_par' dir='ltr' id='par_1_19' title="bbox 1161 1002 2123 1237">
     <span class='ocr_line' id='line_1_40' title="bbox 1162 1002 2121 1052; baseline 0.01 -20"><span class='ocrx_word' id='word_1_268' title='bbox 1162 1002 1364 1046; x_wconf 81' lang='lat' dir='ltr'>philologia.‹=</span> <span class='ocrx_word' id='word_1_269' title='bbox 1417 1003 1623 1037; x_wconf 75' lang='lat' dir='ltr'>Conferenda</span> <span class='ocrx_word' id='word_1_270' title='bbox 1654 1006 1784 1039; x_wconf 87' lang='lat' dir='ltr'>omnino</span> <span class='ocrx_word' id='word_1_271' title='bbox 1819 1007 1870 1039; x_wconf 85' lang='lat' dir='ltr'>hie</span> <span class='ocrx_word' id='word_1_272' title='bbox 1907 1008 2121 1052; x_wconf 75' lang='lat' dir='ltr'>pulcherrima</span> 
     </span>
     <span class='ocr_line' id='line_1_41' title="bbox 1163 1065 2122 1113; baseline 0.007 -16"><span class='ocrx_word' id='word_1_273' title='bbox 1163 1065 1325 1099; x_wconf 65' lang='lat' dir='ltr'>Clas-senii</span> <span class='ocrx_word' id='word_1_274' title='bbox 1345 1069 1570 1100; x_wconf 78' lang='lat' dir='ltr'>commentatio</span> <span class='ocrx_word' id='word_1_275' title='bbox 1591 1069 1643 1112; x_wconf 88' lang='lat' dir='ltr'>(de</span> <span class='ocrx_word' id='word_1_276' title='bbox 1667 1070 1849 1113; x_wconf 85' lang='lat' dir='ltr'>primordiis</span> <span class='ocrx_word' id='word_1_277' title='bbox 1872 1071 2044 1104; x_wconf 73' lang='lat' dir='ltr'>Graminat.</span> <span class='ocrx_word' id='word_1_278' title='bbox 2067 1074 2122 1106; x_wconf 78' lang='lat' dir='ltr'>Gr.</span> 
     </span>
     <span class='ocr_line' id='line_1_42' title="bbox 1162 1130 2123 1180; baseline 0.009 -21"><span class='ocrx_word' id='word_1_279' title='bbox 1162 1130 1268 1162; x_wconf 84' lang='lat' dir='ltr'>Bonn.</span> <span class='ocrx_word' id='word_1_280' title='bbox 1302 1131 1418 1175; x_wconf 85' lang='grc'>1829)</span> <span class='ocrx_word' id='word_1_281' title='bbox 1452 1137 1485 1164; x_wconf 82' lang='lat' dir='ltr'>et</span> <span class='ocrx_word' id='word_1_282' title='bbox 1505 1133 1690 1175; x_wconf 77' lang='lat' dir='ltr'>Herzogius</span> <span class='ocrx_word' id='word_1_283' title='bbox 1718 1134 1776 1178; x_wconf 80' lang='lat' dir='ltr'>(ad</span> <span class='ocrx_word' id='word_1_284' title='bbox 1803 1134 1935 1180; x_wconf 86' lang='lat' dir='ltr'>Sciopp.</span> <span class='ocrx_word' id='word_1_285' title='bbox 1958 1143 2123 1179; x_wconf 63' lang='lat' dir='ltr'>grammat.</span> 
     </span>
     <span class='ocr_line' id='line_1_43' title="bbox 1161 1192 1401 1237; baseline 0.008 -15"><span class='ocrx_word' id='word_1_286' title='bbox 1161 1192 1278 1236; x_wconf 79' lang='lat' dir='ltr'>philos.</span> <span class='ocrx_word' id='word_1_287' title='bbox 1305 1205 1337 1237; x_wconf 86' lang='lat' dir='ltr'>p.</span> <span class='ocrx_word' id='word_1_288' title='bbox 1358 1192 1401 1236; x_wconf 83' lang='lat'>1).</span> 
     </span>
    </p>

    <p class='ocr_par' dir='ltr' id='par_1_20' title="bbox 1155 1253 2125 2306">
     <span class='ocr_line' id='line_1_44' title="bbox 1236 1253 2124 1303; baseline 0.008 -18"><span class='ocrx_word' id='word_1_289' title='bbox 1236 1253 1433 1302; x_wconf 75' lang='lat' dir='ltr'>criticisque]</span> <span class='ocrx_word' id='word_1_290' title='bbox 1461 1255 1556 1288; x_wconf 90' lang='lat' dir='ltr'>Unde</span> <span class='ocrx_word' id='word_1_291' title='bbox 1576 1256 1815 1300; x_wconf 65' lang='lat' dir='ltr'>Quinctilianus</span> <span class='ocrx_word' id='word_1_292' title='bbox 1838 1259 1891 1302; x_wconf 84' lang='lat'>(1,</span> <span class='ocrx_word' id='word_1_293' title='bbox 1915 1260 1955 1299; x_wconf 78' lang='grc'>4,</span> <span class='ocrx_word' id='word_1_294' title='bbox 1979 1261 2011 1292; x_wconf 86' lang='grc'><strong>5.</strong></span> <span class='ocrx_word' id='word_1_295' title='bbox 2032 1272 2059 1303; x_wconf 90' lang='lat' dir='ltr'>p.</span> <span class='ocrx_word' id='word_1_296' title='bbox 2077 1262 2124 1292; x_wconf 66' lang='lat'>325</span> 
     </span>
     <span class='ocr_line' id='line_1_45' title="bbox 1161 1313 2125 1359; baseline 0.007 -13"><span class='ocrx_word' id='word_1_297' title='bbox 1161 1313 1288 1359; x_wconf 80' lang='lat' dir='ltr'>Spald.)</span> <span class='ocrx_word' id='word_1_298' title='bbox 1307 1317 1345 1348; x_wconf 84' lang='lat' dir='ltr'>de</span> <span class='ocrx_word' id='word_1_299' title='bbox 1362 1317 1639 1359; x_wconf 82' lang='lat' dir='ltr'>grammaticorum</span> <span class='ocrx_word' id='word_1_300' title='bbox 1656 1319 1775 1350; x_wconf 82' lang='lat' dir='ltr'>officio:</span> <span class='ocrx_word' id='word_1_301' title='bbox 1793 1320 1894 1352; x_wconf 75' lang='lat' dir='ltr'>»Nam</span> <span class='ocrx_word' id='word_1_302' title='bbox 1916 1327 1948 1352; x_wconf 90' lang='lat' dir='ltr'>et</span> <span class='ocrx_word' id='word_1_303' title='bbox 1965 1321 2125 1353; x_wconf 73' lang='lat' dir='ltr'>scribendi</span> 
     </span>
     <span class='ocr_line' id='line_1_46' title="bbox 1161 1379 2124 1425; baseline 0.007 -16"><span class='ocrx_word' id='word_1_304' title='bbox 1161 1379 1242 1411; x_wconf 83' lang='lat' dir='ltr'>ratio</span> <span class='ocrx_word' id='word_1_305' title='bbox 1265 1381 1435 1422; x_wconf 83' lang='lat' dir='ltr'>conjuncta</span> <span class='ocrx_word' id='word_1_306' title='bbox 1458 1393 1530 1413; x_wconf 90' lang='lat' dir='ltr'>eum</span> <span class='ocrx_word' id='word_1_307' title='bbox 1552 1381 1716 1425; x_wconf 77' lang='lat' dir='ltr'>loquendo</span> <span class='ocrx_word' id='word_1_308' title='bbox 1739 1389 1806 1424; x_wconf 71' lang='lat' dir='ltr'>est,</span> <span class='ocrx_word' id='word_1_309' title='bbox 1833 1390 1865 1415; x_wconf 88' lang='lat' dir='ltr'>ct</span> <span class='ocrx_word' id='word_1_310' title='bbox 1890 1385 2124 1416; x_wconf 79' lang='lat' dir='ltr'>enarrationem</span> 
     </span>
     <span class='ocr_line' id='line_1_47' title="bbox 1161 1442 2124 1486; baseline 0.007 -13"><span class='ocrx_word' id='word_1_311' title='bbox 1161 1442 1324 1486; x_wconf 83' lang='lat' dir='ltr'>praeeedit</span> <span class='ocrx_word' id='word_1_312' title='bbox 1347 1444 1514 1475; x_wconf 77' lang='lat' dir='ltr'>emendata</span> <span class='ocrx_word' id='word_1_313' title='bbox 1547 1444 1659 1485; x_wconf 87' lang='lat' dir='ltr'>lectio,</span> <span class='ocrx_word' id='word_1_314' title='bbox 1689 1451 1721 1476; x_wconf 90' lang='lat' dir='ltr'>et</span> <span class='ocrx_word' id='word_1_315' title='bbox 1744 1446 1879 1478; x_wconf 73' lang='lat' dir='ltr'>mixtum</span> <span class='ocrx_word' id='word_1_316' title='bbox 1902 1447 1953 1480; x_wconf 78' lang='lat' dir='ltr'>his</span> <span class='ocrx_word' id='word_1_317' title='bbox 1976 1448 2124 1480; x_wconf 75' lang='lat' dir='ltr'>omnibus</span> 
     </span>
     <span class='ocr_line' id='line_1_48' title="bbox 1155 1503 2124 1549; baseline 0.007 -15"><span class='ocrx_word' id='word_1_318' title='bbox 1155 1503 1313 1546; x_wconf 85' lang='lat' dir='ltr'>judicium</span> <span class='ocrx_word' id='word_1_319' title='bbox 1333 1510 1396 1536; x_wconf 83' lang='lat' dir='ltr'>est:</span> <span class='ocrx_word' id='word_1_320' title='bbox 1411 1516 1475 1549; x_wconf 87' lang='lat' dir='ltr'>quo</span> <span class='ocrx_word' id='word_1_321' title='bbox 1497 1504 1626 1549; x_wconf 85' lang='lat' dir='ltr'>quidem</span> <span class='ocrx_word' id='word_1_322' title='bbox 1645 1506 1689 1538; x_wconf 84' lang='lat' dir='ltr'>ita</span> <span class='ocrx_word' id='word_1_323' title='bbox 1712 1518 1823 1539; x_wconf 71' lang='lat' dir='ltr'>severe</span> <span class='ocrx_word' id='word_1_324' title='bbox 1839 1514 1915 1540; x_wconf 85' lang='lat' dir='ltr'>sunt</span> <span class='ocrx_word' id='word_1_325' title='bbox 1932 1509 1981 1540; x_wconf 85' lang='lat' dir='ltr'>usi</span> <span class='ocrx_word' id='word_1_326' title='bbox 1998 1516 2124 1541; x_wconf 56' lang='lat' dir='ltr'>teteres</span> 
     </span>
     <span class='ocr_line' id='line_1_49' title="bbox 1161 1567 2123 1616; baseline 0.007 -18"><span class='ocrx_word' id='word_1_327' title='bbox 1161 1567 1371 1609; x_wconf 81' lang='lat' dir='ltr'>grammatici,</span> <span class='ocrx_word' id='word_1_328' title='bbox 1402 1574 1438 1600; x_wconf 86' lang='lat' dir='ltr'>ut</span> <span class='ocrx_word' id='word_1_329' title='bbox 1467 1580 1534 1600; x_wconf 90' lang='lat' dir='ltr'>non</span> <span class='ocrx_word' id='word_1_330' title='bbox 1560 1581 1672 1601; x_wconf 81' lang='lat' dir='ltr'>versus</span> <span class='ocrx_word' id='word_1_331' title='bbox 1696 1571 1791 1602; x_wconf 89' lang='lat' dir='ltr'>modo</span> <span class='ocrx_word' id='word_1_332' title='bbox 1813 1572 1958 1603; x_wconf 82' lang='lat' dir='ltr'>censoria</span> <span class='ocrx_word' id='word_1_333' title='bbox 1987 1574 2123 1616; x_wconf 81' lang='lat' dir='ltr'>quadam</span> 
     </span>
     <span class='ocr_line' id='line_1_50' title="bbox 1161 1630 2123 1677; baseline 0.007 -16"><span class='ocrx_word' id='word_1_334' title='bbox 1161 1630 1285 1672; x_wconf 80' lang='lat' dir='ltr'>virgula</span> <span class='ocrx_word' id='word_1_335' title='bbox 1307 1638 1419 1664; x_wconf 85' lang='lat' dir='ltr'>notare</span> <span class='ocrx_word' id='word_1_336' title='bbox 1452 1637 1484 1663; x_wconf 86' lang='lat' dir='ltr'>et</span> <span class='ocrx_word' id='word_1_337' title='bbox 1513 1632 1630 1673; x_wconf 84' lang='lat' dir='ltr'>libros,</span> <span class='ocrx_word' id='word_1_338' title='bbox 1674 1633 1730 1677; x_wconf 88' lang='lat' dir='ltr'>qui</span> <span class='ocrx_word' id='word_1_339' title='bbox 1758 1634 1839 1666; x_wconf 76' lang='lat' dir='ltr'>salso</span> <span class='ocrx_word' id='word_1_340' title='bbox 1864 1636 2048 1668; x_wconf 72' lang='lat' dir='ltr'>viderentur</span> <span class='ocrx_word' id='word_1_341' title='bbox 2076 1637 2123 1668; x_wconf 82' lang='lat' dir='ltr'>in-</span> 
     </span>
     <span class='ocr_line' id='line_1_51' title="bbox 1162 1694 2122 1743; baseline 0.006 -18"><span class='ocrx_word' id='word_1_342' title='bbox 1162 1694 1287 1738; x_wconf 84' lang='lat' dir='ltr'>scripti,</span> <span class='ocrx_word' id='word_1_343' title='bbox 1316 1700 1466 1738; x_wconf 83' lang='lat' dir='ltr'>tanquam</span> <span class='ocrx_word' id='word_1_344' title='bbox 1489 1695 1673 1727; x_wconf 84' lang='lat' dir='ltr'>subdititios</span> <span class='ocrx_word' id='word_1_345' title='bbox 1692 1708 1892 1729; x_wconf 80' lang='lat' dir='ltr'>summovere</span> <span class='ocrx_word' id='word_1_346' title='bbox 1913 1699 2030 1730; x_wconf 80' lang='lat' dir='ltr'>familia</span> <span class='ocrx_word' id='word_1_347' title='bbox 2054 1712 2122 1743; x_wconf 84' lang='lat' dir='ltr'>per-</span> 
     </span>
     <span class='ocr_line' id='line_1_52' title="bbox 1161 1758 2122 1800; baseline 0.004 -10"><span class='ocrx_word' id='word_1_348' title='bbox 1161 1759 1306 1791; x_wconf 81' lang='lat' dir='ltr'>miserint</span> <span class='ocrx_word' id='word_1_349' title='bbox 1331 1758 1411 1800; x_wconf 74' lang='lat' dir='ltr'>sihi,</span> <span class='ocrx_word' id='word_1_350' title='bbox 1445 1759 1503 1791; x_wconf 87' lang='lat' dir='ltr'>sed</span> <span class='ocrx_word' id='word_1_351' title='bbox 1530 1764 1678 1791; x_wconf 82' lang='lat' dir='ltr'>auctores</span> <span class='ocrx_word' id='word_1_352' title='bbox 1701 1760 1782 1792; x_wconf 80' lang='lat' dir='ltr'>alios</span> <span class='ocrx_word' id='word_1_353' title='bbox 1805 1761 1839 1793; x_wconf 89' lang='lat' dir='ltr'>in</span> <span class='ocrx_word' id='word_1_354' title='bbox 1864 1761 2008 1793; x_wconf 87' lang='lat' dir='ltr'>ordinem</span> <span class='ocrx_word' id='word_1_355' title='bbox 2033 1764 2122 1795; x_wconf 81' lang='lat' dir='ltr'>rede—</span> 
     </span>
     <span class='ocr_line' id='line_1_53' title="bbox 1160 1821 2123 1864; baseline 0.002 -12"><span class='ocrx_word' id='word_1_356' title='bbox 1160 1821 1280 1863; x_wconf 80' lang='lat' dir='ltr'>gerint,</span> <span class='ocrx_word' id='word_1_357' title='bbox 1309 1821 1389 1853; x_wconf 80' lang='lat' dir='ltr'>alios</span> <span class='ocrx_word' id='word_1_358' title='bbox 1413 1821 1544 1853; x_wconf 89' lang='lat' dir='ltr'>omniuo</span> <span class='ocrx_word' id='word_1_359' title='bbox 1568 1822 1732 1864; x_wconf 82' lang='lat' dir='ltr'>exegerint</span> <span class='ocrx_word' id='word_1_360' title='bbox 1756 1835 1920 1856; x_wconf 85' lang='lat' dir='ltr'>numero.«</span> <span class='ocrx_word' id='word_1_361' title='bbox 1955 1825 2123 1856; x_wconf 73' lang='lat' dir='ltr'>Gramma-</span> 
     </span>
     <span class='ocr_line' id='line_1_54' title="bbox 1159 1883 2125 1928; baseline 0.004 -14"><span class='ocrx_word' id='word_1_362' title='bbox 1159 1885 1237 1923; x_wconf 61' lang='lat' dir='ltr'>ticos</span> <span class='ocrx_word' id='word_1_363' title='bbox 1266 1884 1437 1927; x_wconf 84' lang='lat' dir='ltr'>postmodo</span> <span class='ocrx_word' id='word_1_364' title='bbox 1469 1883 1647 1927; x_wconf 79' lang='lat' dir='ltr'>appellatos</span> <span class='ocrx_word' id='word_1_365' title='bbox 1673 1896 1762 1925; x_wconf 84' lang='lat' dir='ltr'>esse,</span> <span class='ocrx_word' id='word_1_366' title='bbox 1809 1885 1864 1928; x_wconf 83' lang='lat' dir='ltr'>qui</span> <span class='ocrx_word' id='word_1_367' title='bbox 1901 1891 1994 1917; x_wconf 83' lang='lat' dir='ltr'>antea</span> <span class='ocrx_word' id='word_1_368' title='bbox 2020 1889 2125 1918; x_wconf 75' lang='lat' dir='ltr'>critici</span> 
     </span>
     <span class='ocr_line' id='line_1_55' title="bbox 1158 1944 2122 1992; baseline 0.005 -16"><span class='ocrx_word' id='word_1_369' title='bbox 1158 1944 1333 1985; x_wconf 80' lang='lat' dir='ltr'>audierint,</span> <span class='ocrx_word' id='word_1_370' title='bbox 1370 1950 1506 1976; x_wconf 86' lang='lat' dir='ltr'>testatur</span> <span class='ocrx_word' id='word_1_371' title='bbox 1534 1945 1597 1976; x_wconf 88' lang='lat' dir='ltr'>Dio</span> <span class='ocrx_word' id='word_1_372' title='bbox 1627 1945 1878 1990; x_wconf 58' lang='lat' dir='ltr'>Chrysostoxnus</span> <span class='ocrx_word' id='word_1_373' title='bbox 1909 1948 1973 1992; x_wconf 89' lang='lat' dir='ltr'>(or.</span> <span class='ocrx_word' id='word_1_374' title='bbox 1999 1949 2063 1988; x_wconf 79' lang='grc'>55,</span> <span class='ocrx_word' id='word_1_375' title='bbox 2089 1962 2122 1992; x_wconf 77' lang='lat' dir='ltr'>p.</span> 
     </span>
     <span class='ocr_line' id='line_1_56' title="bbox 1159 2008 2121 2055; baseline 0.002 -14"><span class='ocrx_word' id='word_1_376' title='bbox 1159 2009 1232 2041; x_wconf 74' lang='lat'>555</span> <span class='ocrx_word' id='word_1_377' title='bbox 1252 2008 1402 2052; x_wconf 52' lang='grc' dir='ltr'><strong>Χῖοι-εΗ).</strong></span> <span class='ocrx_word' id='word_1_378' title='bbox 1446 2008 1551 2040; x_wconf 83' lang='lat' dir='ltr'>Erant</span> <span class='ocrx_word' id='word_1_379' title='bbox 1585 2014 1707 2049; x_wconf 84' lang='lat' dir='ltr'>tamen,</span> <span class='ocrx_word' id='word_1_380' title='bbox 1743 2011 1797 2055; x_wconf 82' lang='lat' dir='ltr'>qui</span> <span class='ocrx_word' id='word_1_381' title='bbox 1823 2011 1951 2044; x_wconf 77' lang='lat' dir='ltr'>differre</span> <span class='ocrx_word' id='word_1_382' title='bbox 1976 2013 2121 2044; x_wconf 80' lang='lat' dir='ltr'>criticum</span> 
     </span>
     <span class='ocr_line' id='line_1_57' title="bbox 1159 2070 2121 2117; baseline 0.004 -15"><span class='ocrx_word' id='word_1_383' title='bbox 1159 2082 1176 2102; x_wconf 75' lang='lat' dir='ltr'>a</span> <span class='ocrx_word' id='word_1_384' title='bbox 1192 2071 1396 2112; x_wconf 79' lang='lat' dir='ltr'>grammatico</span> <span class='ocrx_word' id='word_1_385' title='bbox 1417 2070 1649 2103; x_wconf 86' lang='lat' dir='ltr'>contenderent</span> <span class='ocrx_word' id='word_1_386' title='bbox 1668 2071 1774 2116; x_wconf 83' lang='lat' dir='ltr'>(Sext.</span> <span class='ocrx_word' id='word_1_387' title='bbox 1791 2073 1889 2117; x_wconf 77' lang='lat' dir='ltr'>Emp.</span> <span class='ocrx_word' id='word_1_388' title='bbox 1904 2074 1973 2107; x_wconf 80' lang='lat' dir='ltr'>adv.</span> <span class='ocrx_word' id='word_1_389' title='bbox 1991 2085 2121 2117; x_wconf 76' lang='lat' dir='ltr'>gramm.</span> 
     </span>
     <span class='ocr_line' id='line_1_58' title="bbox 1161 2135 2115 2182; baseline 0.004 -16"><span class='ocrx_word' id='word_1_390' title='bbox 1161 2136 1193 2175; x_wconf 84' lang='lat'>1,</span> <span class='ocrx_word' id='word_1_391' title='bbox 1218 2135 1259 2175; x_wconf 84' lang='grc'>5,</span> <span class='ocrx_word' id='word_1_392' title='bbox 1285 2136 1341 2167; x_wconf 91' lang='grc'><strong>79.</strong></span> <span class='ocrx_word' id='word_1_393' title='bbox 1363 2147 1434 2179; x_wconf 75' lang='lat' dir='ltr'>pag.</span> <span class='ocrx_word' id='word_1_394' title='bbox 1456 2135 1530 2168; x_wconf 80' lang='lat'>255</span> <span class='ocrx_word' id='word_1_395' title='bbox 1551 2135 1696 2177; x_wconf 78' lang='lat' dir='ltr'>Fabrie.;</span> <span class='ocrx_word' id='word_1_396' title='bbox 1724 2136 1798 2170; x_wconf 82' lang='lat' dir='ltr'>add.</span> <span class='ocrx_word' id='word_1_397' title='bbox 1818 2135 1931 2180; x_wconf 73' lang='lat' dir='ltr'>Aquil.</span> <span class='ocrx_word' id='word_1_398' title='bbox 1952 2150 2027 2182; x_wconf 83' lang='lat' dir='ltr'>pag.</span> <span class='ocrx_word' id='word_1_399' title='bbox 2048 2139 2115 2169; x_wconf 71' lang='lat' dir='ltr'>Ml</span> 
     </span>
     <span class='ocr_line' id='line_1_59' title="bbox 1157 2198 2122 2245; baseline -0.001 -14"><span class='ocrx_word' id='word_1_400' title='bbox 1157 2198 1312 2241; x_wconf 62' lang='lat' dir='ltr'>mmuh).</span> <span class='ocrx_word' id='word_1_401' title='bbox 1336 2199 1424 2231; x_wconf 77' lang='lat' dir='ltr'>Hine</span> <span class='ocrx_word' id='word_1_402' title='bbox 1445 2204 1557 2231; x_wconf 84' lang='lat' dir='ltr'>noster</span> <span class='ocrx_word' id='word_1_403' title='bbox 1577 2199 1672 2231; x_wconf 82' lang='lat' dir='ltr'>etiam</span> <span class='ocrx_word' id='word_1_404' title='bbox 1691 2198 1772 2231; x_wconf 75' lang='lat' dir='ltr'>infra</span> <span class='ocrx_word' id='word_1_405' title='bbox 1793 2199 1945 2245; x_wconf 78' lang='lat' dir='ltr'>(§.15S)</span> <span class='ocrx_word' id='word_1_406' title='bbox 1963 2201 2122 2243; x_wconf 66' lang='lat' dir='ltr'>judicium</span> 
     </span>
     <span class='ocr_line' id='line_1_60' title="bbox 1161 2262 2094 2306; baseline 0.001 -12"><span class='ocrx_word' id='word_1_407' title='bbox 1161 2262 1200 2294; x_wconf 89' lang='lat' dir='ltr'>de</span> <span class='ocrx_word' id='word_1_408' title='bbox 1225 2262 1417 2294; x_wconf 81' lang='lat' dir='ltr'>carminibus</span> <span class='ocrx_word' id='word_1_409' title='bbox 1439 2268 1472 2294; x_wconf 89' lang='lat' dir='ltr'>et</span> <span class='ocrx_word' id='word_1_410' title='bbox 1497 2263 1699 2306; x_wconf 72' lang='lat' dir='ltr'>poematibus</span> <span class='ocrx_word' id='word_1_411' title='bbox 1724 2263 1922 2295; x_wconf 81' lang='lat' dir='ltr'>Dialectieae</span> <span class='ocrx_word' id='word_1_412' title='bbox 1946 2264 2094 2295; x_wconf 50' lang='lat' dir='ltr'>vindicam</span> 
     </span>
    </p>

    <p class='ocr_par' dir='ltr' id='par_1_21' title="bbox 1155 2323 2120 2622">
     <span class='ocr_line' id='line_1_61' title="bbox 1235 2323 2120 2370; baseline 0.001 -14"><span class='ocrx_word' id='word_1_413' title='bbox 1235 2323 1355 2370; x_wconf 72' lang='lat' dir='ltr'>activa]</span> <span class='ocrx_word' id='word_1_414' title='bbox 1381 2324 1580 2357; x_wconf 79' lang='lat' dir='ltr'>Aristoteles</span> <span class='ocrx_word' id='word_1_415' title='bbox 1606 2325 1758 2370; x_wconf 70' lang='lat' dir='ltr'>(metaph.</span> <span class='ocrx_word' id='word_1_416' title='bbox 1784 2327 1823 2368; x_wconf 72' lang='grc' dir='ltr'>ὅ,</span> <span class='ocrx_word' id='word_1_417' title='bbox 1858 2326 1893 2370; x_wconf 77' lang='grc'>1)</span> <span class='ocrx_word' id='word_1_418' title='bbox 1921 2329 1999 2358; x_wconf 80' lang='lat' dir='ltr'>haee</span> <span class='ocrx_word' id='word_1_419' title='bbox 2024 2326 2120 2357; x_wconf 62' lang='lat' dir='ltr'>etiam</span> 
     </span>
     <span class='ocr_line' id='line_1_62' title="bbox 1159 2385 2118 2436; baseline 0 -16"><span class='ocrx_word' id='word_1_420' title='bbox 1159 2388 1336 2430; x_wconf 81' lang='lat' dir='ltr'>distinguit,</span> <span class='ocrx_word' id='word_1_421' title='bbox 1358 2385 1552 2435; x_wconf 68' lang='grc' dir='ltr'>πρακτικὰ</span> <span class='ocrx_word' id='word_1_422' title='bbox 1564 2390 1712 2421; x_wconf 87' lang='lat' dir='ltr'>nimirum</span> <span class='ocrx_word' id='word_1_423' title='bbox 1728 2395 1759 2421; x_wconf 84' lang='lat' dir='ltr'>et</span> <span class='ocrx_word' id='word_1_424' title='bbox 1771 2385 2001 2436; x_wconf 56' lang='grc' dir='ltr'>θεωρητικά.</span> <span class='ocrx_word' id='word_1_425' title='bbox 2021 2387 2118 2420; x_wconf 79' lang='lat' dir='ltr'>Adde</span> 
     </span>
     <span class='ocr_line' id='line_1_63' title="bbox 1158 2451 2118 2497; baseline -0.003 -13"><span class='ocrx_word' id='word_1_426' title='bbox 1158 2451 1337 2485; x_wconf 82' lang='lat' dir='ltr'>Stobaeum</span> <span class='ocrx_word' id='word_1_427' title='bbox 1363 2452 1472 2497; x_wconf 86' lang='lat' dir='ltr'>(serm.</span> <span class='ocrx_word' id='word_1_428' title='bbox 1499 2454 1547 2485; x_wconf 77' lang='lat'>59</span> <span class='ocrx_word' id='word_1_429' title='bbox 1580 2454 1630 2485; x_wconf 77' lang='lat' dir='ltr'>ed.</span> <span class='ocrx_word' id='word_1_430' title='bbox 1659 2453 1826 2496; x_wconf 79' lang='lat' dir='ltr'>Gesneri),</span> <span class='ocrx_word' id='word_1_431' title='bbox 1863 2451 2118 2495; x_wconf 73' lang='lat' dir='ltr'>Quinctilianum</span> 
     </span>
     <span class='ocr_line' id='line_1_64' title="bbox 1156 2513 2115 2560; baseline -0.001 -13"><span class='ocrx_word' id='word_1_432' title='bbox 1156 2516 1204 2560; x_wconf 87' lang='grc'>(2,</span> <span class='ocrx_word' id='word_1_433' title='bbox 1233 2517 1297 2555; x_wconf 86' lang='grc'>18,</span> <span class='ocrx_word' id='word_1_434' title='bbox 1324 2517 1355 2547; x_wconf 93' lang='grc'>1.</span> <span class='ocrx_word' id='word_1_435' title='bbox 1380 2528 1410 2560; x_wconf 89' lang='lat' dir='ltr'>p.</span> <span class='ocrx_word' id='word_1_436' title='bbox 1429 2517 1515 2549; x_wconf 73' lang='lat'>594.</span> <span class='ocrx_word' id='word_1_437' title='bbox 1537 2517 1622 2549; x_wconf 76' lang='lat'><strong>595.</strong></span> <span class='ocrx_word' id='word_1_438' title='bbox 1649 2518 1684 2557; x_wconf 82' lang='lat'>5,</span> <span class='ocrx_word' id='word_1_439' title='bbox 1707 2518 1740 2556; x_wconf 81' lang='lat'>7,</span> <span class='ocrx_word' id='word_1_440' title='bbox 1770 2517 1801 2546; x_wconf 82' lang='grc'>1.</span> <span class='ocrx_word' id='word_1_441' title='bbox 1823 2527 1855 2557; x_wconf 86' lang='lat' dir='ltr'>p.</span> <span class='ocrx_word' id='word_1_442' title='bbox 1879 2513 1968 2558; x_wconf 77' lang='lat'>545)</span> <span class='ocrx_word' id='word_1_443' title='bbox 1991 2520 2024 2546; x_wconf 87' lang='lat' dir='ltr'>et</span> <span class='ocrx_word' id='word_1_444' title='bbox 2047 2515 2115 2548; x_wconf 72' lang='lat' dir='ltr'>Ma-</span> 
     </span>
     <span class='ocr_line' id='line_1_65' title="bbox 1155 2574 1916 2622; baseline -0.004 -13"><span class='ocrx_word' id='word_1_445' title='bbox 1155 2578 1274 2611; x_wconf 84' lang='lat' dir='ltr'>ximum</span> <span class='ocrx_word' id='word_1_446' title='bbox 1299 2577 1432 2621; x_wconf 65' lang='lat' dir='ltr'>Tyrium</span> <span class='ocrx_word' id='word_1_447' title='bbox 1456 2577 1495 2622; x_wconf 80' lang='grc' dir='ltr'><strong>(Ι.</strong></span> <span class='ocrx_word' id='word_1_448' title='bbox 1516 2591 1547 2622; x_wconf 89' lang='lat' dir='ltr'>p.</span> <span class='ocrx_word' id='word_1_449' title='bbox 1567 2578 1641 2610; x_wconf 78' lang='lat'>595</span> <span class='ocrx_word' id='word_1_450' title='bbox 1668 2588 1757 2619; x_wconf 85' lang='lat' dir='ltr'>sequ.</span> <span class='ocrx_word' id='word_1_451' title='bbox 1781 2574 1916 2617; x_wconf 54' lang='grc' dir='ltr'><strong>Ποῖ-ὼ).</strong></span> 
     </span>
    </p>

    <p class='ocr_par' dir='ltr' id='par_1_22' title="bbox 1227 2637 2115 2689">
     <span class='ocr_line' id='line_1_66' title="bbox 1227 2637 2115 2689; baseline -0.006 -14"><span class='ocrx_word' id='word_1_452' title='bbox 1227 2639 1321 2689; x_wconf 75' lang='lat' dir='ltr'>licet]</span> <span class='ocrx_word' id='word_1_453' title='bbox 1356 2641 1491 2677; x_wconf 85' lang='lat' dir='ltr'>Grotius</span> <span class='ocrx_word' id='word_1_454' title='bbox 1517 2641 1659 2674; x_wconf 85' lang='lat' dir='ltr'>ediderat</span> <span class='ocrx_word' id='word_1_455' title='bbox 1695 2643 1743 2670; x_wconf 72' lang='lat' dir='ltr'>»et</span> <span class='ocrx_word' id='word_1_456' title='bbox 1767 2638 1877 2679; x_wconf 74' lang='lat' dir='ltr'>licet«3</span> <span class='ocrx_word' id='word_1_457' title='bbox 1919 2637 2004 2670; x_wconf 81' lang='lat' dir='ltr'>unde</span> <span class='ocrx_word' id='word_1_458' title='bbox 2026 2638 2115 2671; x_wconf 59' lang='grc' dir='ltr'>γοα·</span> 
     </span>
    </p>
   </div>
  </div>
 </body>
</html>
