2310 2860
272 153 365 195 554

276 256 510 300 admodum
557 255 676 297 rudis
715 264 788 297 aut
826 255 922 296 satis
965 252 1151 297 barbara
1206 253 1398 309 reperiri.

852 146 1051 189 Martiani
1079 145 1279 203 Capellae
1308 144 1380 187 lib.
1407 143 1482 186 IV.
1517 147 1546 197 ᾗ.
1570 145 1674 188 555.

1469 250 1644 308 Quippe
1686 260 1781 308 post
1825 251 2008 296 Platonis
2051 266 2234 296 aureum

276 340 438 381 flumen
477 346 606 392 atque
644 336 953 379 Aristotelicam
992 334 1238 376 facultatem
1277 335 1414 378 Marci
1447 336 1637 379 Terentii
1679 337 1821 393 prima
1857 351 1929 379 me
1966 339 2010 380 in
2038 338 2232 381 Latinam

279 434 428 467 vocem
460 419 634 475 pellexit
673 419 900 470 industria,
944 433 992 461 ac
1019 417 1135 460 fandi
1167 418 1481 474 possibilitatem
1513 434 1589 475 per
1620 418 1785 460 scholas
1821 418 2030 461 Ausonias
2060 433 2236 476 compa-

153 502 242 544 556
276 501 396 542 ravit.
455 500 529 541 His
564 500 692 556 igitur
722 499 956 556 praeceptis
987 513 1138 555 parere
1179 498 1410 540 colluctans
1451 514 1530 539 nec
1561 499 1714 554 Grajos
1745 497 1941 540 deseram
1971 497 2118 540 ordine
2147 498 2234 541 dis-

277 581 469 632 serendi,
513 596 590 622 uec
631 581 856 623 Laurentis
897 580 1131 622 assertionis
1171 578 1374 621 <affamina
1413 579 1678 622 remorabor.
1735 580 1800 622 Ac
1829 580 1950 637 prius
1980 578 2090 622 illud
2118 594 2234 622 com-

275 674 446 720 pertum
477 664 597 715 volo,
643 663 750 703 mihi
784 662 1002 703 Romanos
1037 671 1311 717 togatamque
1342 670 1511 718 gentem
1550 662 1817 704 vocabulum
1847 662 2043 705 nondum
2076 677 2236 705 novare

274 745 480 801 potuisse,
513 759 560 785 ac
591 744 870 795 Dialecticen,
899 743 1007 785 sicut
1036 743 1214 785 Athenis
1244 758 1342 785 sum
1373 742 1514 794 solita,
1553 742 1818 799 nuncupari,
1857 741 2034 798 meique
2062 754 2236 799 prorsus

153 824 239 837 'mr-sn
272 826 279 832 ο

152 839 233 866 001
267 827 372 878 juris
415 840 525 875 esso,
574 825 788 880 quidquid
829 834 936 867 artes
976 834 1139 867 ceterae
1181 824 1518 881 proloquuntur.
1575 824 1691 867 Nam
1721 837 1866 879 neque
1896 823 2057 880 ipsam,
2101 835 2236 879 quam

345 953 512 999 Platonis]
547 953 650 997 nQuis
688 954 811 986 dubitet
837 954 1009 987 Platonem
1037 965 1108 986 esse
1136 965 1226 998 prac-

273 1016 416 1061 cipum,
452 1017 519 1048 sive
556 1016 700 1049 acumine
727 1016 921 1057 disserendi,
956 1017 1023 1049 sive
1055 1016 1228 1060 eloquendi

270 1078 420 1111 facultate
443 1079 549 1110 divina
573 1079 709 1123 quadam
734 1085 766 1111 et
785 1078 1000 1111 Homerica&
1039 1078 1227 1122 Quinctilia-

274 1153 334 1172 nus
357 1142 437 1184 (10,
462 1143 502 1181 1,
530 1143 587 1174 81.
607 1156 636 1186 p.
653 1142 726 1185 OG).

348 1201 467 1247 Marci]
495 1203 543 1235 lta
561 1215 618 1248 pro
644 1204 722 1246 sigla
741 1204 784 1236 Μ.
805 1216 887 1248 quae
908 1204 941 1237 in
959 1203 1051 1236 editis
1070 1209 1136 1244 est,
1158 1214 1228 1247 per-

274 1264 427 1309 scriptum
446 1267 507 1296 hoe
532 1277 649 1297 nomen
672 1265 790 1307 legitur
812 1265 845 1298 in
872 1266 1035 1299 codicibus
1056 1266 1227 1298 Monacen-

272 1328 361 1360 sibus
384 1328 436 1372 (C.
459 1329 498 1370 Γ)
529 1334 561 1360 ct
584 1329 841 1361 Darmstattensi.
883 1328 990 1373 Ipsius
1013 1329 1127 1361 laudes
1157 1329 1229 1372 lege

272 1392 357 1436 apud
376 1392 541 1424 Valerium
566 1392 740 1424 Maximum
764 1393 816 1436 (S,
844 1393 877 1433 7,
906 1391 954 1435 5).

344 1452 468 1499 prima]
496 1454 545 1486 Ita
577 1460 610 1486 ct
639 1453 810 1486 Lueretius
835 1453 889 1498 (5,
918 1453 1006 1497 556)
1031 1464 1066 1485 se
1093 1453 1228 1497 primum

270 1516 369 1548 fuisse
394 1516 566 1557 gloriatur,
594 1517 646 1561 qui
675 1522 802 1548 »natura
830 1528 936 1548 rerum
964 1516 1109 1559 ratioque
1131 1527 1229 1560 quum

272 1586 396 1625 reperta
425 1581 535 1617 fuerit,
563 1586 675 1623 posset
692 1581 725 1612 in
749 1580 868 1624 patrias
891 1585 1015 1611 vertere
1040 1590 1164 1611 voces.u

345 1640 414 1686 his]
449 1641 582 1674 Grotius
614 1642 654 1673 ad
684 1642 857 1682 marginem
882 1641 991 1686 posuit
1017 1641 1108 1681 ltine,
1142 1640 1229 1685 quod

273 1703 368 1736 etiam
384 1705 487 1737 codex
502 1704 767 1736 Darmstattcnsis
784 1705 932 1748 praehct3
958 1704 1163 1737 Monacensis
1173 1704 1229 1748 (C)

274 1766 390 1809 hujus,
414 1772 450 1798 ut
467 1767 506 1798 ad
525 1767 705 1799 Varronem
724 1767 893 1808 referatur,
922 1767 980 1799 sed
998 1773 1112 1799 neutro
1135 1778 1227 1811 opus.

348 1839 408 1859 nec
431 1827 617 1874 Laurentis]
645 1829 713 1861 Nec
736 1829 851 1861 Latine
868 1829 959 1874 loqui
979 1830 1144 1863 recusabo.
1166 1830 1226 1861 Pa-

274 1890 351 1921 riter
374 1889 475 1923 Silius
497 1891 545 1934 (i,
571 1892 650 1923 110.
679 1892 735 1931 iG,
763 1892 847 1924 678.
876 1892 932 1932 17,
959 1891 1021 1935 62)
1043 1903 1121 1925 voce
1141 1892 1227 1924 Lau-

274 1966 350 1986 rens
373 1966 431 1998 pro
458 1955 623 1987 Romanus
655 1956 762 1987 utitur.
800 1954 899 1999 Quod
926 1961 1031 1988 autem
1051 1956 1228 1988 Dialectica

275 2023 342 2048 tum
368 2016 518 2053 Graecis,
550 2022 614 2048 tuin
638 2018 792 2049 Romanis
819 2018 924 2050 verbis
955 2030 990 2051 se
1017 2031 1146 2050 usuram
1173 2019 1227 2058 ait,

275 2080 465 2113 Ciceronem
497 2080 632 2111 hahebat
671 2087 847 2121 auctorem,
886 2082 942 2126 qui
972 2080 1083 2126 (divin.
1108 2082 1150 2121 2,
1183 2081 1227 2124 4)

276 2142 436 2185 »quamvis
460 2142 574 2173 sorites
590 2143 702 2175 Latine
719 2145 859 2176 aeeruali
874 2144 936 2177 dici
960 2144 1074 2188 possit,
1098 2150 1218 2176 tamenn

275 2206 318 2237 ait
353 2205 450 2237 »nihil
483 2218 563 2249 opus
595 2218 685 2245 csse,
716 2220 828 2251 quum,
862 2214 898 2240 ut
927 2208 997 2252 ipsa
1024 2208 1228 2253 philosophia

275 2275 309 2302 ct
331 2270 429 2301 multa
452 2270 548 2301 verba
571 2269 777 2311 Gra-ecorum,
809 2272 857 2305 sic
875 2272 990 2305 sorites
1012 2273 1090 2305 satis
1111 2274 1227 2305 Latino

275 2344 422 2364 sermone
445 2332 537 2363 tritus
558 2332 623 2363 situ

351 2397 493 2428 nondum
527 2394 663 2441 novare]
701 2395 815 2429 Cicero
844 2398 912 2442 ipsc
938 2398 1082 2443 pluribus
1105 2404 1228 2430 tantum

277 2459 380 2491 verbis
402 2458 506 2490 dicere
522 2465 646 2502 poterat
667 2464 785 2490 »artem
806 2461 887 2492 benc
908 2461 1087 2494 disserendi
1104 2467 1136 2493 et
1153 2472 1228 2493 vern

277 2534 315 2553 nc
341 2522 419 2552 salsa
452 2519 663 2563 dijudicandi«
693 2520 792 2565 (orat.
822 2522 861 2561 Ξ,
890 2522 975 2565 58)3
1011 2535 1116 2567 neque
1142 2522 1228 2567 quod

277 2583 515 2627 Quinctiliauus
544 2582 628 2626 (12,
654 2582 695 2624 2,
724 2583 787 2625 155
813 2596 844 2630 p.
866 2583 938 2618 520
959 2583 1088 2631 Spald.)
1111 2596 1227 2631 propo-

1281 953 1345 986 suit
1367 953 1662 998 „disputati-icem«,
1688 953 1847 998 ejusmodi
1868 959 1952 995 erat,
1980 958 2018 986 ut
2042 950 2237 985 invalescere

1282 1027 1342 1047 usu
1368 1021 1489 1060 posset.

1355 1084 1481 1111 ceterae
1503 1077 1602 1123 artes]
1629 1077 1687 1111 Sic
1703 1078 1771 1120 jam
1791 1078 1888 1111 Plato
1909 1076 2047 1123 (republ.
2063 1078 2098 1119 7,
2122 1089 2153 1122 p.
2163 1075 2235 1110 554

1281 1140 1415 1186 Steph.)
1445 1141 1643 1174 dialecticam
1681 1141 1782 1173 veluti
1815 1142 1942 1174 culmen
1977 1141 2044 1173 sive
2076 1140 2237 1182 fastigium

1281 1200 1472 1250 (θριγκὸν)
1492 1203 1648 1248 appellat,
1675 1203 1794 1248 quippe
1814 1215 1896 1247 quae
1918 1203 2059 1246 reliquas
2076 1202 2238 1235 doctrinas

1281 1271 1412 1310 superet
1435 1265 1662 1309 absolvatque3
1695 1264 1811 1298 Cicero
1835 1270 1941 1296 autem
1965 1263 2086 1308 (Tusc.
2103 1264 2144 1304 5,
2175 1264 2238 1306 25)

1281 1327 1416 1359 eandem
1444 1327 1489 1358 ait
1515 1339 1592 1371 »per
1623 1338 1735 1358 omnes
1768 1332 1875 1370 partes
1908 1325 2084 1371 sapientiae
2110 1336 2238 1358 manare

1282 1397 1314 1423 et
1334 1390 1442 1431 fundi3
1476 1402 1558 1434 quae
1582 1402 1650 1422 rem
1670 1390 1816 1432 definiat,
1846 1402 1962 1433 genera
1981 1389 2166 1434 dispertiat,
2189 1401 2237 1421 se-

1281 1452 1412 1497 quentia
1438 1452 1606 1495 adjungat,
1626 1453 1768 1497 perfecta
1791 1451 1977 1494 concludat,
2006 1464 2082 1486 vera
2104 1458 2137 1485 et
2156 1451 2237 1484 falsa

1281 1517 1463 1559 dijudicet.u
1503 1517 1594 1549 Idem
1617 1517 1679 1549 alio
1703 1517 1775 1549 loco
1804 1517 1888 1560 (Fin.
1905 1517 1946 1557 2,
1970 1515 2006 1560 6)
2035 1528 2150 1548 »unam
2172 1515 2236 1548 dia-

1280 1579 1444 1610 lecticam«
1461 1578 1503 1609 ait
1519 1578 1702 1609 »continere
1720 1589 1846 1610 omnem
1862 1583 1895 1609 et
1910 1577 2136 1622 perspiciendi,
2160 1577 2237 1622 quid

1281 1640 1313 1670 in
1334 1638 1521 1684 quaquc're
1551 1639 1611 1680 sit,
1641 1639 1822 1680 scientiam,
1858 1645 1891 1671 ct
1921 1639 2106 1681 judicandi,
2140 1639 2236 1684 quale

1281 1703 1423 1748 quidque
1438 1703 1496 1744 sit,
1527 1708 1560 1735 et
1577 1703 1700 1735 ratione
1723 1709 1756 1735 et
1779 1703 1830 1735 via
1850 1703 2069 1747 disputandi»,
2091 1703 2235 1748 adeoque

1278 1766 1386 1810 (Brut.
1408 1765 1474 1806 41,
1507 1764 1592 1808 155)
1616 1777 1685 1797 eam
1707 1765 1848 1810 appellat
1867 1770 1969 1797 artem
1998 1777 2098 1809 »quae
2123 1765 2237 1799 doceat

1278 1842 1346 1862 rem
1376 1828 1558 1861 universam
1581 1829 1722 1862 tribuere
1743 1829 1777 1861 in
1803 1835 1928 1874 partes,
1957 1829 2111 1862 latentem
2134 1831 2235 1876 expli—

1278 1905 1350 1927 care
1371 1892 1571 1934 definiendo,
1600 1893 1768 1925 obscuram
1787 1893 1959 1937 explanare
1977 1893 2233 1938 interpretando3

1279 1955 1426 1998 ambigua
1453 1955 1590 2000 primum
1614 1955 1722 1987 videre
1748 1954 1864 1987 deiude
1890 1955 2104 1998 distinguere3
2135 1961 2233 1988 artem

1278 2019 1416 2063 denique
1447 2019 1589 2051 omnium
1620 2020 1813 2059 maximam,
1848 2018 1940 2063 quasi
1974 2019 2080 2050 lucem
2109 2017 2150 2050 ad
2178 2030 2232 2060 ea,

1278 2095 1360 2127 quae
1380 2083 1514 2114 confuse
1528 2083 1568 2114 ab
1582 2082 1651 2114 aliis
1669 2087 1724 2114 aut
1736 2082 1991 2126 respondeantur
2004 2086 2058 2113 aut
2072 2087 2234 2124 agentum

1278 2145 1374 2179 Adde
1391 2144 1564 2178 Jamblichi
1584 2147 1664 2178 haec
1683 2146 1745 2189 (ap.
1765 2144 1859 2177 Stob.
1882 2156 1977 2178 serm.
1997 2145 2044 2176 '79
2070 2157 2102 2189 p.
2119 2146 2194 2178 469
2212 2147 2232 2178 f.

1279 2208 1410 2253 Gesn.)=
1437 2205 1529 2244 »οὐκ
1553 2209 1657 2244 ἔστιν
1689 2203 1805 2242 οὐδὲν
1829 2203 1965 2253 μόριον
1993 2206 2233 2256 φιλοσοφίας

1277 2269 1373 2307 ἄνευ
1397 2269 1469 2305 τοῦ
1485 2267 1584 2305 κατὰ
1599 2265 1842 2314 διαλεκτικὴν
1860 2265 1982 2314 λόγου
1999 2266 2232 2316 παραγιγνό-

1276 2346 1409 2379 μενονκ
1424 2339 1456 2366 ct
1471 2333 1687 2375 Augustinum
1700 2332 1752 2376 (dc
1768 2332 1836 2365 ord.
1847 2332 1882 2373 2,
1904 2334 1959 2365 15.
1971 2331 2038 2377 Op.
2054 2332 2080 2365 Ῑ.
2092 2346 2124 2378 p.
2133 2333 2232 2376 542),

1278 2395 1333 2441 qui
1363 2395 1561 2428 dialecticam
1596 2399 1688 2426 vocat
1723 2393 1943 2439 »disciplinam
1977 2394 2230 2439 disciplinarum,

1278 2469 1359 2502 quae
1384 2457 1498 2490 doceat
1520 2456 1636 2488 docere
1655 2461 1688 2487 et
1705 2455 1845 2497 discere,
1872 2455 1907 2488 in
1923 2467 1986 2501 qua
2007 2467 2042 2488 se
2063 2455 2134 2500 ipsa
2149 2455 2230 2488 ratio

1279 2522 1478 2554 demonstret
1496 2525 1592 2564 atquc
1614 2519 1745 2564 aperiat,
1774 2531 1857 2565 quae
1879 2519 1932 2560 sit,
1954 2520 2032 2563 quid
2047 2519 2134 2559 velit,
2153 2519 2230 2563 quid

1279 2583 1411 2618 valeam
1458 2581 1573 2628 Neque
1603 2581 1776 2616 Rhetorica
1807 2581 1892 2629 apud
1915 2586 2059 2614 nostrum
2082 2578 2123 2627 (ξ’.
2142 2580 2229 2623 475)
