2310 2860
769 132 969 175 Martiani
1001 130 1200 189 Capellae
1238 131 1308 174 lib.
1333 131 1365 173 I.
1404 134 1434 184 ᾗ.
1455 133 1495 173 6.

2064 133 2124 176 25

162 240 398 285 luculentas
416 241 458 284 in
474 241 688 284 Manticen
709 255 886 297 quoque
904 239 1192 282 succenderat.
1217 239 1259 281 N
1261 253 1330 281 am
1351 249 1391 280 ct
1408 239 1600 280 nobilitas
1619 240 1780 294 generis
1799 239 1934 291 illam,
1963 240 2124 296 quippe

161 324 371 366 Pronoees
402 325 612 379 majorem
643 322 852 375 filiarum,
883 333 924 364 ct
955 322 1190 379 providum
1220 322 1538 378 perspicacioris
1564 321 1817 377 prudentiae
1845 322 2123 364 commenda-

161 432 289 464 dcutius
312 433 488 477 (psychom.
511 433 596 478 557)
623 438 655 464 ct
676 431 924 465 Sarisberiensis
947 431 1000 475 (de
1021 430 1115 472 nugis

160 495 269 530 curial.
288 498 323 537 5,
348 496 408 541 10)
423 497 540 541 aliique
559 497 672 529 eodem
687 496 784 528 verbo
801 501 943 527 utuntur.
969 494 1116 538 Namque

160 559 374 605 compositum
404 560 438 592 id
468 561 507 592 ad
537 561 713 602 analogiam
746 565 796 592 est
827 558 899 593 τοῦ
927 571 1116 605 coaequare,

160 621 249 666 quod
270 621 398 666 optimis
422 622 630 666 scriptoribus
652 621 803 654 Ciceroni
827 627 858 652 et
875 620 1031 653 Sallustio
1049 621 1115 661 jam

160 682 313 715 usitatum
334 683 410 714 suit:
439 695 543 727 neque
572 683 710 715 absurda
736 683 909 714 sententia:
936 682 1115 714 Mercurius

160 756 178 777 0
205 744 383 776 rationibus
404 745 589 789 praemissis
613 744 733 785 noluit,
767 750 802 775 ut
823 743 947 788 Sophia
975 743 1035 774 sibi
1063 755 1115 774 co-

161 813 332 853 aptaretur,
353 808 620 853 quemadmodum
637 808 751 841 marito
766 819 848 840 uxor
862 807 1039 852 coaptanda
1056 812 1115 839 est.

235 876 394 918 prataque
428 869 620 916 luculentas]
656 870 745 911 Lege
770 881 854 902 »non
885 869 994 913 dispar
1025 869 1116 900 illum

159 932 279 964 formae
319 933 542 964 desiderabilis
587 932 771 976 gratiaeque
804 931 1022 970 luculentasu,
1063 935 1117 961 aut

166 996 286 1027 »forma
327 995 548 1028 desiderabilis
586 1001 738 1038 grataque
779 996 944 1039 juventas.
988 994 1116 1026 voa-cx.

159 1058 204 1103 (p.
227 1056 289 1103 79)
305 1077 356 1083 —
378 1055 562 1104 ΛῙαντική
587 1059 738 1090 divinatio
760 1064 827 1097 cst,
855 1070 950 1101 quam
967 1057 1042 1088 lieet
1061 1068 1119 1101 per

158 1128 430 1167 prosopopoeiam
450 1122 617 1154 mulierem
633 1122 775 1161 finxeris,
793 1122 844 1163 jux
854 1127 995 1152 cututem
1011 1126 1117 1151 tamen

159 1185 190 1216 ei
212 1185 266 1216 vix
293 1184 373 1216 alius
400 1184 570 1228 quisquam
592 1184 746 1215 tribuerit.
786 1184 901 1227 Neque
925 1183 1010 1227 apud
1033 1182 1117 1214 Mar-

159 1248 280 1280 tianum
304 1249 440 1290 legitur,
470 1248 526 1280 sed
553 1248 694 1292 »formae
718 1247 940 1279 desiderabilis
964 1252 1117 1289 grataque

161 1311 379 1351 luculentasu,
413 1311 501 1355 quod
532 1322 650 1342 nomen
683 1309 934 1349 substantivum,
973 1308 1117 1352 quamvis

160 1384 227 1404 non
250 1372 311 1404 nisi
340 1371 423 1415 apud
447 1377 593 1403 nostrum
620 1372 762 1413 legatur,
796 1383 862 1402 non
888 1370 988 1412 magis
1012 1376 1118 1401 tamen

162 1446 257 1478 quam
289 1435 517 1472 luculentitas,
567 1444 631 1476 quo
671 1432 817 1474 ejusdem
851 1432 920 1463 aevi
950 1431 1122 1473 scriptores

161 1500 312 1535 utuntur,
336 1494 507 1525 barbarum
528 1498 588 1524 est.
629 1492 668 1524 Si
687 1493 758 1536 quis
786 1493 911 1531 omnia,
936 1503 1017 1535 quae
1038 1492 1122 1523 Mar-

161 1560 248 1591 tiano
271 1557 402 1603 propria
423 1561 509 1596 sunt,
537 1566 721 1598 expungere
744 1555 859 1593 vellet,
886 1555 1031 1597 profecto
1058 1564 1123 1583 non

160 1625 261 1664 hune,
299 1621 356 1653 5011
382 1625 483 1652 semet
506 1619 613 1663 ipsum
642 1617 698 1648 1110
731 1616 862 1658 legeret.
909 1615 1020 1659 Atque
1047 1615 1122 1646 seri-

161 1691 286 1730 ptorem
313 1688 454 1715 veterem
479 1681 633 1713 intactum
660 1690 806 1718 servare,
851 1676 981 1709 omnino
1006 1675 1123 1708 criticis

163 1747 264 1792 prima
292 1746 346 1777 lex
372 1749 453 1776 esto.

237 1805 419 1852 Manlia-en]
447 1800 658 1850 Μαντικὴν
682 1809 775 1835 30103
794 1798 981 1847 ᾹῙανικῆν
1008 1801 1126 1833 dictam

164 1885 236 1905 0550
261 1872 355 1904 110001
375 1871 471 1902 Plato
493 1869 645 1914 (Phaedr.
672 1881 703 1912 p.
721 1868 795 1899 244
819 1866 948 1909 Stcpli.)
974 1865 1030 1908 qui
1054 1863 1124 1907 qui-

165 1937 239 1968 dem
261 1935 488 1967 divinationem
511 1945 577 1965 11011
600 1931 682 1964 male
704 1943 722 1962 a
743 1931 852 1961 furore
870 1929 966 1960 ducit.
1001 1927 1125 1960 Eadem

164 1998 305 2031 Mantice
338 1997 420 2028 infra
451 1995 494 2040 (§.
513 1993 582 2039 25)
608 1993 708 2033 redit,
744 1991 871 2024 nomine
904 1990 1000 2022 etiam
1022 1989 1125 2032 Συμ-

165 2059 327 2106 βολικῆς
351 2058 392 2103 (ξ.
411 2058 510 2101 894).
544 2057 596 2089 Dc
628 2068 666 2088 ea
692 2054 905 2088 conserendus
926 2052 1042 2085 Cicero
1069 2050 1124 2095 (de

165 2124 248 2168 legg.
266 2122 302 2163 2,
332 2121 403 2165 15).

239 2181 417 2228 Pronoees]
458 2181 547 2223 Lege
579 2191 651 2212 cum
677 2179 739 2212 Ms.
769 2178 928 2210 Pronoea.
975 2174 1125 2206 Pronoea

167 2249 252 2282 enim
275 2248 343 2292 dea.
383 2246 511 2279 Tullius
533 2245 573 2277 de
595 2244 658 2276 diis
681 2255 797 2286 agens:
822 2252 945 2285 »0011110
969 2251 1064 2271 30001
1079 2239 1123 2270 fa-

170 2313 296 2345 tidicam
319 2311 504 2345 Stoicorum
530 2305 731 2356 πρόνοιαν.
775 2305 922 2339 Meminit
945 2310 978 2336 et
1003 2304 1123 2346 glossa-

171 2377 252 2408 rium
271 2377 310 2408 ab
327 2376 470 2407 Hem-ico
488 2373 655 2418 Stephano
674 2372 795 2403 editum
814 2370 907 2401 titulo
927 2369 967 2400 de
987 2367 1124 2400 deabus:

179 2438 422 2477 »Providentia‚
451 2432 645 2482 npo'vowcn«
677 2433 787 2465 Innuit
813 2433 894 2464 11300
913 2429 1048 2474 Capella
1069 2429 1124 2460 lib.

174 2498 332 2530 secundo:
361 2499 470 2530 »Zeno
514 2497 651 2529 ducebat
681 2495 830 2527 feminam
869 2493 1119 2538 providentem.-

175 2562 279 2596 Gnor.
299 2581 344 2588 —
380 2562 469 2604 Lege
494 2572 534 2593 ex
549 2559 622 2594 MS.
647 2559 784 2604 »quippe
802 2559 950 2591 Prono'e's
974 2556 1126 2599 majorem

1166 429 1331 461 filisu-um.-
1355 428 1504 461 Zmzmu..
1531 426 1698 473 (promuls.
1717 429 1771 460 19.
1788 429 1821 461 in
1841 427 2022 461 Schmiuck.
2041 435 2122 472 synt.

1166 493 1234 524 erit.
1250 506 1281 537 p.
1298 490 1398 535 227).
1420 509 1467 516 ·-
1499 491 1598 524 Certe
1617 491 1734 524 erravit
1756 491 1890 524 Grotius
1908 492 2028 534 jubens
2044 493 2123 524 Pro·

1167 569 1248 588 noea
1269 556 1393 598 legere:
1409 556 1492 587 unde
1515 555 1613 586 miror
1628 554 1786 588 Goezium
1808 556 1860 588 vel
1878 556 1911 586 in
1936 560 2058 586 textum
2075 567 2123 586 re-

1167 620 1291 663 cepisse
1313 619 1428 650 malam
1449 618 1536 650 illam
1554 618 1732 651 lectionem.
1758 619 1832 650 Non
1853 619 1937 650 enim
1949 615 2123 664 Πρόνοια

1165 684 1230 714 filia
1256 688 1324 713 crat
1358 681 1431 727 τῆς
1451 681 1678 728 ΛῙαντικῆς,
1709 684 1765 714 5011
1796 688 1906 714 contra
1934 683 2012 713 haec
2038 682 2124 712 illius

1166 745 1240 776 filia.
1272 744 1317 775 Et
1337 756 1402 776 non
1423 744 1527 775 solum
1548 744 1582 775 in
1605 744 1699 775 editis
1721 749 1793 774 ante
1813 743 1964 775 Grotium
1981 744 2125 774 Pronoea·

1166 808 1354 850 legebatur,
1394 808 1451 839 sed
1482 807 1515 839 in
1545 807 1732 838 melioribus
1763 807 1859 838 etiam
1883 806 1972 837 libris
1998 806 2124 850 seriptis

1167 870 1284 911 legitur
1300 869 1352 901 vel
1367 870 1535 901 Pronoeae
1559 866 1700 914 (munch.
1720 867 1760 899 311
1778 867 1898 911 Hygin.
1922 880 1952 911 p.
1972 868 2030 899 62.
2056 866 2124 898 011-

1167 933 1261 965 110011.
1288 933 1327 964 311
1351 932 1504 976 Appulej.
1531 931 1557 964 I.
1588 945 1619 976 p.
1642 931 1726 975 97),
1762 930 1813 962 vel
1837 931 1999 962 Pronoees
2024 931 2124 973 (Bon-

1168 996 1241 1026 113111
1276 995 1309 1026 10
1338 1007 1402 1026 var.
1430 995 1502 1026 1001.
1536 1007 1568 1038 p.
1597 994 1654 1024 52.
1678 992 1833 1024 Arntzen.
1863 992 1951 1023 misc.
1981 1004 2012 1035 p.
2045 992 2126 1023 198·

1171 1056 1277 1099 199),
1312 1062 1343 1087 ct
1366 1061 1452 1087 reete
1479 1055 1608 1098 quidem
1632 1054 1670 1085 ad
1688 1054 1870 1097 exemplum
1890 1052 2007 1085 Graeci
2027 1052 2126 1098 Προ-

1167 1116 1297 1162 νοίης·
1343 1117 1438 1148 1110110
1470 1128 1510 1147 00
1542 1115 1665 1157 vulgari
1693 1126 1791 1146 sensu
1820 1114 1978 1146 Graecam
2015 1125 2127 1145 vocem

1168 1191 1226 1223 pro
1245 1178 1452 1209 Providentia
1479 1177 1520 1219 (v.
1545 1175 1573 1220 §.
1591 1177 1639 1208 52
1660 1176 1739 1219 001.)
1763 1175 1944 1219 acceperis,
1975 1174 2032 1206 sed
2055 1185 2125 1218 spe-

1169 1242 1241 1274 ciali
1264 1242 1393 1285 potius,
1424 1253 1488 1285 quo
1519 1245 1611 1271 cauta
1635 1240 1701 1270 sive
1726 1239 1859 1282 provida
1884 1237 2127 1282 circumspectio

1168 1312 1226 1338 cst.
1259 1306 1297 1338 Id
1327 1306 1414 1349 quod
1439 1317 1479 1336 ex
1507 1316 1546 1336 eo
1572 1309 1679 1348 patet,
1713 1303 1801 1347 1111011
1827 1299 2001 1349 Πρόνοια
2027 1307 2128 1333 mater

1170 1369 1284 1400 dieitur
1298 1366 1481 1411 Άῖαντικῆ
1488 1378 1506 1405 ς
1530 1366 1596 1397 sive
1617 1364 1832 1405 divinationis,
1851 1364 1942 1406 cujus
1958 1363 2128 1407 providum

1172 1430 1365 1472 perspicacis
1400 1428 1591 1471 prudentiae
1624 1428 1790 1470 inyenium
1818 1431 1985 1470 tantopere
2008 1423 2128 1469 placuit

1173 1491 1344 1524 Mercurio.

1250 1553 1401 1595 nictjorem
1417 1549 1571 1594 filiai-mn]
1598 1549 1709 1581 Edidit
1723 1549 1873 1581 Grotius:
1890 1549 2027 1592 »quippe
2046 1549 2126 1580 Pro·

1174 1617 1236 1643 nost
1261 1612 1362 1653 major
1383 1617 1432 1643 est
1456 1611 1619 1641 filiarum-¹
1638 1628 1686 1634 --
1709 1610 1798 1651 Lege
1825 1621 1864 1640 ex
1888 1609 1960 1641 MS.
1992 1609 2128 1653 „quippe

1174 1674 1320 1705 ,Pi-onoe's
1349 1674 1502 1717 majorem
1531 1671 1695 1702 filiarum«
1751 1670 1786 1703 A
1811 1670 1976 1701 nobilitate
2002 1670 2129 1711 generis

1176 1735 1395 1775 commendat,
1429 1734 1582 1776 majorem
1606 1738 1682 1764 natu
1704 1743 1776 1764 esse
1798 1731 2025 1763 Proxidentiae
2049 1731 2127 1762 filia-

1174 1811 1257 1840 rum,
1275 1799 1397 1831 scilieet
1413 1811 1454 1830 ex
1470 1798 1584 1837 tribus,
1611 1808 1692 1841 quae
1709 1801 1801 1827 sunt:
1817 1795 1957 1837 cognitio
1978 1795 2128 1839 praeteri-

1175 1868 1291 1902 torum,
1312 1860 1540 1905 praesentium,
1556 1864 1589 1890 et
1609 1859 1799 1890 futurorum.
1825 1857 1932 1899 Major
1946 1856 2030 1897 ideo,
2055 1855 2130 1899 111113

1174 1926 1304 1968 majoris
1340 1924 1528 1969 prudentiae
1558 1923 1665 1953 sutura
1692 1920 1870 1966 praescire,
1910 1932 2005 1964 quam
2032 1931 2130 1951 nosse

1174 1987 1374 2032 praeteritam
1421 1985 1571 2017 ΖΝΗ-101..
1602 1983 1635 2028 (l.
1660 1995 1686 2015 0.
1710 1996 1742 2027 p.
1765 1983 1839 2014 227
1863 1980 2058 2025 Schminck.)
2079 1999 2128 2006 —-

1174 2049 1319 2081 Auctore
1342 2047 1411 2080 eod.
1437 2046 1510 2080 MS.
1535 2057 1660 2078 mecum
1690 2044 1862 2086 legendum
1886 2055 1958 2075 0550
1983 2055 2049 2074 000
2072 2042 2128 2073 110-

1174 2113 1310 2145 bitabis=
1330 2129 1340 2142 »ι
1348 2112 1516 2144 Ρ1000005
1537 2111 1691 2154 majorem
1712 2108 1866 2140 filiarum«
1883 2108 2032 2138 Boxmm.
2051 2106 2127 2150 (131.

1174 2178 1248 2209 1001.
1269 2190 1300 2221 p.
1320 2175 1390 2219 52).
1407 2196 1456 2201 -—
1488 2174 1672 2207 Vossianus
1702 2172 1805 2205 codex
1836 2172 2000 2210 Pronoe's,
2041 2169 2128 2213 quod

1175 2239 1268 2271 unice
1298 2250 1409 2270 verum
1441 2242 1509 2277 est,
1548 2236 1611 2267 nisi
1639 2235 1752 2267 malles
1785 2234 1952 2265 «Pronoes
1976 2233 2128 2275 majorem

1174 2303 1338 2335 ffliarumm
1360 2302 1510 2334 Pronoae
1534 2312 1575 2332 ex
1595 2300 1657 2331 alio
1684 2298 1794 2331 codice
1815 2296 1968 2329 Leidensi
1991 2294 2128 2327 malebat

1174 2365 1338 2398 Muncker.
1362 2364 1403 2395 ad
1426 2362 1547 2406 Hygia.
1564 2362 1626 2393 sab.
1651 2361 1718 2401 24,
1752 2359 1807 2404 qui
1834 2364 1998 2403 praetcrea
2020 2361 2125 2387 osten-

1177 2428 1239 2468 dit,
1266 2427 1368 2471 major
1387 2425 1440 2457 liic
1468 2424 1546 2468 poni
1577 2435 1636 2467 pro
1664 2421 1876 2466 superlativo,
1911 2419 1950 2450 de
1973 2428 2037 2460 quo
2065 2428 2127 2447 usu

1176 2491 1248 2524 vide
1278 2496 1311 2523 et
1339 2490 1396 2522 vir.
1430 2488 1514 2520 doct.
1541 2487 1581 2518 ad
1607 2486 1677 2519 Liv.
1703 2487 1742 2526 5,
1785 2484 1842 2515 20.
1871 2481 1995 2513 Amrz.
2025 2479 2125 2524 (misc.

1177 2568 1207 2601 p.
1228 2555 1309 2588 198.
1336 2551 1430 2597 199).
1443 2570 1491 2577 --
1507 2550 1603 2586 Adde
1629 2555 1774 2583 nostrum
1791 2546 1872 2579 infra
1888 2543 1929 2590 (§.
1943 2544 2024 2577 121.
2044 2544 2124 2576 180.

1723 2611 1750 2644 4
