2310 2860
216 184 304 225 750
781 177 981 220 Martiani
1012 176 1213 233 Capellae
1243 176 1316 218 lib.
1339 176 1418 218 IX.
1448 179 1478 229 §-
1503 177 1605 219 965.

215 290 324 329 Sane
369 296 516 327 notum
563 294 691 339 atque
734 283 978 324 intimatum
1025 283 1177 334 velim,
1231 283 1485 338 acquisitum
1528 283 1570 324 in
1618 283 1816 325 omnibus
1863 286 2037 339 quidem
2081 285 2172 327 aliis

215 368 431 417 collocari,
475 366 516 406 in
557 365 620 406 his
659 374 826 415 autem,
873 378 985 419 quae
1023 379 1107 404 non
1145 379 1221 420 per
1262 378 1386 404 sonos
1418 361 1545 414 fiunt,
1586 363 1629 403 in
1661 362 1935 404 tetrachordis
1965 363 2056 406 fieri
2085 381 2172 407 non

211 463 352 506 posse3
400 448 443 488 in
480 446 545 488 his
579 446 691 487 enim
732 460 902 501 semper
946 445 1000 485 ab
1036 444 1277 486 hemitoniis
1308 444 1513 500 principia
1538 443 1778 496 ducuntur3
1822 443 1867 484 in
1899 444 1986 485 aliis
2017 454 2173 490 autem,

211 542 323 582 quae
362 525 650 582 pentachorda
690 525 985 576 nominantur,
1039 540 1117 565 nec
1158 535 1301 566 tamen
1341 525 1620 566 modulationi
1664 525 1969 580 subjiciuntur,
2021 536 2070 568 ut
2098 542 2173 583 per

210 624 332 651 sonos
364 618 553 650 constare
586 608 833 659 videantur,
866 608 1109 663 apponitur.
1171 607 1416 649 Secundum
1446 607 1558 649 enim
1591 607 1634 649 in
1667 607 1732 649 his
1764 606 2047 650 hemitonium
2077 623 2175 666 pos-

210 704 360 731 sumus
396 704 567 746 ponere.
628 689 756 730 Nunc
786 688 837 730 de
869 690 1046 730 transitu
1081 688 1411 730 modulantium.

885 847 964 888 DE
996 845 1298 888 TRANSITU
1328 844 1516 887 VOCIS.

387 953 611 994 Transitus
650 962 711 993 est
747 953 939 994 alienatio
971 953 1085 995 vocis
1116 953 1158 993 in
1190 950 1373 1007 figuram
1405 952 1581 993 alteram
1621 953 1726 995 soni.
1784 953 1853 996 Fit
1883 962 2025 995 autem
2057 962 2175 994 tran-

217 1034 319 1075 situs
350 1033 484 1075 modis
527 1043 733 1088 quatuor:
776 1049 851 1089 per
882 1048 1035 1089 genus,
1076 1041 1124 1073 ut
1165 1031 1217 1071 ab
1249 1032 1498 1073 enarmonio
1536 1048 1689 1088 genere
1720 1042 1793 1075 aut
1822 1033 1865 1074 in
1892 1033 2074 1074 chroma
2104 1042 2177 1074 aut

220 1115 264 1155 in
294 1114 515 1166 diatonon3
565 1113 634 1155 vel
671 1129 747 1170 per
782 1124 988 1169 systema,
1036 1122 1083 1155 ut
1122 1127 1146 1154 a
1185 1112 1409 1168 principali
1449 1113 1749 1169 principalium
1790 1113 1825 1154 si
1863 1112 1971 1154 forte
2002 1113 2043 1153 in
2073 1112 2175 1153 sub-

298 1228 512 1276 aequisitum]
540 1228 631 1261 Haec
660 1235 693 1260 et
720 1241 801 1273 quae
832 1236 1010 1273 sequuntur
1041 1241 1076 1260 re
1101 1241 1175 1260 vera

189 1330 194 1333 ι
221 1295 296 1321 sunt
324 1290 475 1330 obscura,
521 1290 637 1333 quibus
669 1302 708 1321 an
741 1290 845 1322 lucem
879 1291 1016 1334 aliquam
1052 1290 1176 1322 adferre

220 1353 340 1398 possim
358 1353 484 1386 videbo.
510 1353 674 1384 Dubitatio
694 1354 859 1397 proposita
884 1355 961 1386 haec
978 1359 1046 1385 est:
1063 1354 1176 1384 Tetra-

221 1418 339 1449 chorda
363 1418 401 1448 ab
417 1417 599 1448 hemitoniis
621 1417 791 1460 incipiunt,
820 1429 876 1448 eur
898 1429 963 1448 non
984 1429 1084 1461 aeque
1100 1429 1176 1461 pen-

221 1479 395 1510 tachorda?
412 1478 618 1510 Mediocriter
634 1478 666 1509 in
687 1478 815 1510 musicis
834 1479 1028 1510 exercitatus
1045 1490 1177 1523 respon-

221 1542 327 1582 deret,
370 1541 443 1585 quia
473 1542 529 1573 illo
561 1542 656 1573 modo
682 1543 932 1585 pentachordum
958 1543 1086 1586 quidem
1107 1543 1176 1582 erit,

223 1616 280 1635 seu
301 1603 440 1647 quinque
463 1602 652 1635 chordarum
670 1610 826 1647 systema,
850 1605 906 1635 sed
924 1605 1003 1636 illud
1021 1617 1086 1636 non
1102 1616 1178 1637 con-

222 1668 306 1699 ficiet
338 1667 502 1710 diapente3
538 1667 585 1698 uti
625 1667 861 1698 tetrachordum
892 1667 1100 1699 diatessaron.
1140 1666 1180 1699 Si

224 1731 307 1762 enim
325 1731 574 1774 pentachordum
591 1730 719 1773 incipiat
733 1730 772 1760 ah
787 1729 972 1770 hemitonio,
998 1730 1030 1761 in
1047 1742 1179 1762 acumen

225 1792 475 1836 progrediendo,
501 1791 575 1822 bina
594 1790 626 1821 in
644 1790 700 1821 illo
717 1791 887 1822 hemitonia
900 1797 1070 1835 ponentur.
1104 1792 1179 1825 Hoc

227 1854 342 1886 docere
365 1854 433 1884 vult
451 1854 638 1887 Martianus,
672 1854 781 1887 Verba
802 1854 888 1885 illius
907 1855 950 1886 ita
971 1856 1180 1899 explicarem:

226 1916 432 1960 Acquisitum
462 1916 495 1948 in
523 1917 669 1949 omnibus
697 1917 824 1960 quidem
854 1918 923 1949 aliis
949 1919 1100 1950 consonis
1132 1919 1179 1950 in-

228 1979 386 2018 tervallis,
409 1990 522 2022 nempe
548 1978 580 2010 in
607 1979 838 2022 pentachordo,
866 1981 1078 2021 oetachordo,
1102 1981 1180 2012 hen-

230 2042 439 2081 decachordo,
459 2042 710 2081 dodecachordo,
733 2043 1096 2085 pcntoeacdeeachordo,
1116 2043 1181 2076 col-

231 2103 345 2144 locari5
372 2109 403 2134 at
424 2103 455 2133 in
476 2103 685 2134 tetrachordis
706 2103 854 2135 collocari
876 2117 941 2136 non
958 2118 1071 2150 posse,
1094 2106 1181 2150 quod

232 2166 302 2198 soni
327 2166 509 2208 hujusmodi
534 2172 766 2209 consequenter
796 2168 888 2199 sumti
914 2170 1114 2201 tetrachorda
1133 2170 1181 2213 (ut

233 2243 272 2262 cx
288 2230 470 2262 enarmonio
489 2241 603 2271 genere
624 2235 656 2261 ct
676 2231 866 2263 chromatico
888 2238 937 2263 est
955 2233 1098 2276 evidens)
1114 2245 1180 2264 non

233 2292 416 2331 conficiant,
445 2303 525 2335 quae
548 2291 745 2322 diatessaron
769 2299 954 2324 consonent.
965 2294 1105 2326 Mmuou.

305 2356 345 2387 ab
363 2353 555 2400 hemitoniis]
582 2354 704 2398 Nempe
721 2354 752 2385 in
767 2366 880 2396 genere
895 2356 1024 2389 diatono
1044 2363 1076 2389 et
1091 2359 1182 2390 chro-

234 2417 349 2449 matico
370 2416 514 2455 toniaeo,
539 2427 620 2460 quae
644 2416 790 2447 limitatio
806 2422 855 2448 est
879 2418 1031 2450 addenda.
1041 2419 1182 2451 Memmi.

309 2476 490 2523 dncmztnr]
526 2477 576 2509 lta
605 2477 731 2510 codices
756 2478 1018 2511 Darnxstattcnsis
1046 2487 1078 2512 et
1103 2479 1182 2514 Mei-

239 2541 404 2572 homianus
425 2541 471 2580 B,
505 2553 563 2584 pro
588 2541 739 2573 dicuntur
761 2540 794 2573 in
818 2541 927 2583 editis,
957 2548 990 2574 ct
1014 2543 1059 2576 sic
1090 2544 1183 2577 etiam

240 2609 414 2634 correctum
438 2602 470 2634 iu
495 2601 758 2636 Reichcnaueusi.

1300 1241 1359 1261 nec
1386 1228 1510 1274 tamen]
1542 1230 1663 1261 Tamen
1691 1241 1749 1273 pro
1778 1235 1843 1261 tam
1868 1229 1901 1260 in
1929 1229 2022 1260 editis
2048 1228 2177 1272 reposui

1227 1290 1413 1322 auctoritate
1430 1291 1573 1322 codicum
1583 1290 1788 1322 Monacensis
1799 1290 1854 1333 (C)
1863 1296 1895 1321 et
1904 1289 2177 1321 Darmstattensis.

1303 1350 1486 1396 apponitur]
1508 1352 1560 1384 Gl.
1577 1350 1611 1383 Α
1628 1352 1828 1398 adquisitus,
1849 1363 1913 1383 non
1933 1351 2025 1383 male.
2037 1351 2177 1383 Mnxuou.

1304 1413 1477 1460 transitus]
1505 1415 1664 1446 Aristides
1691 1414 1929 1458 Quinctilianus
1951 1414 2000 1459 (p.
2015 1415 2038 1446 9
2062 1414 2180 1457 Meib.)

1228 1482 1349 1508 sextam
1367 1478 1449 1509 hauc
1471 1477 1671 1509 harmonicae
1696 1482 1816 1521 partem
1835 1474 1925 1523 περὶ
1953 1475 2180 1520 μεταβολῶν

1227 1540 1398 1584 inscripsit.
1425 1541 1475 1573 De
1496 1541 1608 1572 iisdem
1632 1541 1797 1585 scripsisse
1821 1541 1945 1572 videtur
1962 1540 2178 1572 Aristoxenus

1228 1604 1405 1636 secuudum
1440 1605 1649 1637 Plutarchum
1689 1605 1775 1649 (non
1810 1616 1907 1649 posse
1946 1604 2086 1636 suaviter
2117 1603 2181 1636 vivi

1230 1667 1407 1699 secundum
1429 1668 1603 1712 Epicurum
1630 1682 1662 1712 p.
1685 1667 1803 1710 1095).

1305 1741 1362 1771 per
1373 1728 1488 1773 glenus]
1502 1729 1559 1761 Sic
1575 1729 1692 1772 optime
1706 1729 1808 1760 codex
1821 1728 1867 1768 B3
1884 1727 1999 1772 reliqui
2015 1739 2179 1772 perperam

1229 1794 1264 1824 in
1275 1794 1462 1824 enarmonio
1477 1799 1531 1824 aut
1548 1794 1582 1823 in
1596 1793 1756 1824 chromate
1767 1797 1824 1823 aut
1840 1793 1874 1823 in
1891 1792 2028 1823 diatono.
2036 1792 2178 1824 Memmi.

1305 1855 1357 1886 vel
1374 1867 1433 1898 per
1456 1860 1593 1897 systema
1615 1852 1669 1898 ut]
1696 1853 1943 1895 Elegantissime
1965 1858 2056 1897 pater
2075 1865 2180 1885 meus:

1238 1916 1307 1948 »vel
1327 1928 1385 1960 per
1405 1922 1561 1960 systema,
1584 1921 1620 1947 ut
1641 1927 1657 1947 c
1681 1915 1849 1959 principali
1863 1914 2103 1959 principalium«
2121 1920 2180 1947 etc.

1230 1979 1432 2012 MS.tamen:
1448 1980 1529 2011 „Per
1541 1992 1641 2021 genus
1657 1979 1695 2011 ab
1712 1978 1906 2020 enarmonio,
1927 1983 1981 2010 aul:
1996 1978 2029 2010 in
2041 1980 2180 2018 chroma,

1232 2046 1287 2073 aut
1306 2041 1339 2072 in
1355 2041 1518 2082 diatonon,
1535 2041 1586 2073 vel
1603 2053 1661 2085 per
1682 2046 1794 2081 neten,
1819 2045 1873 2072 aut
1888 2052 1906 2072 a
1923 2040 2106 2084 principali«
2121 2044 2182 2071 etc.

1232 2105 1393 2137 Gnor.-——
1424 2105 1488 2137 Vel
1507 2117 1566 2148 per
1587 2111 1725 2147 systema
1746 2109 1797 2144 ut,
1824 2104 1873 2135 sic
1895 2103 1995 2147 probe
2015 2102 2116 2134 codex
2133 2102 2180 2142 B3

1231 2168 1348 2212 reliqui
1362 2168 1443 2200 male
1460 2175 1526 2200 aut.
1547 2169 1640 2212 Quae
1657 2172 1849 2211 sequuntur:
1865 2178 1901 2197 »a
1915 2165 2082 2209 principali
2096 2165 2180 2208 priu-

1231 2232 1379 2276 cipalium
1417 2232 1444 2263 si
1475 2233 1556 2264 forte
1587 2231 1624 2263 iu
1659 2229 1924 2274 subprincipalem
1953 2235 2007 2260 aut
2032 2228 2065 2259 in
2095 2228 2180 2260 aliud

1233 2296 1315 2326 sorte
1353 2301 1559 2339 systematum
1591 2300 1661 2325 aut«
1694 2299 1844 2336 tanquam
1879 2292 1986 2335 inepta
2023 2298 2180 2335 expuncta

1232 2358 1369 2390 mallem.
1389 2357 1654 2389 Harmonicorum
1671 2356 1778 2387 nullus
1795 2355 1837 2387 ita
1851 2355 2002 2398 loquitur.
2028 2354 2181 2387 Euclides

1233 2425 1267 2452 ct
1298 2419 1480 2462 Bryennius
1515 2417 1714 2461 simpliciter:
1740 2416 1925 2448 »Transitus
1956 2428 2013 2459 per
2044 2420 2182 2459 systema

1233 2486 1284 2513 est
1305 2492 1402 2524 quum
1423 2491 1466 2511 ex
1483 2479 1706 2521 conjunctione
1724 2478 1755 2510 in
1781 2477 2024 2519 disjunctionem
2042 2481 2097 2508 aut
2115 2476 2180 2508 vice

1233 2553 1324 2574 versa
1347 2542 1382 2573 fit
1405 2540 1564 2573 mutatio.«
1581 2539 1772 2572 anon.——
1796 2539 1836 2572 U
1854 2550 1912 2583 pro
1929 2544 1984 2570 ant
2003 2537 2097 2570 etiam
2111 2538 2180 2571 Μο-

1233 2605 1381 2639 nacensis
1398 2605 1453 2649 (C)
1469 2605 1569 2638 codex
1590 2605 1694 2637 hahet.
