2310 2860
166 223 255 266 492
747 222 947 265 Martiani
986 221 1185 279 Capellae
1220 220 1291 262 lib.
1321 220 1398 264 VI.
1435 224 1468 275 ᾗ.
1493 220 1595 264 584.

478 331 600 374 Hanc
627 339 745 372 tener
776 339 815 371 et
845 329 987 372 vitreis
1019 328 1409 371 circumvolitabilis
1441 330 1557 372 auris

560 414 646 456 A'er
677 413 958 469 complectens
993 409 1277 452 imbrificabat
1304 411 1449 467 aquis:

477 498 601 548 Quae
632 505 773 536 tamen
805 495 1037 544 immenso,
1084 508 1171 548 quo
1203 492 1382 547 cingitur
1415 493 1509 544 illa,
1548 490 1762 549 profundo

561 575 812 617 Inter-rivam
842 590 1060 616 marmore
1091 574 1214 615 tellus
1247 584 1356 627 erat3

475 657 663 698 Texerat
694 656 876 697 exterior
912 656 987 710 qui
1022 655 1154 710 fulget
1188 654 1371 696 circulus
1403 655 1516 696 orbis

559 737 753 777 Aetheris
789 734 967 777 astrifico
1001 734 1168 775 lumina
1201 736 1337 777 multa
1368 737 1508 792 peplo.

473 816 584 858 Hinc
613 816 769 857 nitidus
799 816 978 857 rutilum
1012 817 1139 857 Titan
1170 817 1446 858 succenderat
1480 818 1651 860 orbem:

560 897 754 951 Moxque
788 896 949 936 imitata
980 897 1101 952 pium
1136 897 1270 938 lactea
1304 899 1430 938 Luna
1459 897 1586 939 diem.

477 978 544 1019 Sic
574 978 700 1032 igitur
729 977 884 1019 furvae
915 978 1059 1018 oculos
1090 978 1383 1033 splendescere
1414 980 1545 1020 noctis

561 1058 767 1099 Cerneres
800 1074 852 1099 cx
886 1072 990 1099 auro
1026 1068 1069 1099 ut
1098 1073 1218 1100 sacra
1248 1060 1426 1101 flamma
1456 1060 1596 1101 micat.

158 1221 178 1251 f.
204 1218 329 1263 steph.)
360 1225 391 1249 et
414 1216 584 1249 Aristoteli
617 1216 669 1260 (de
695 1216 785 1248 coelo
814 1217 853 1257 2,
889 1216 949 1260 14)
980 1216 1114 1260 aliisque

157 1283 274 1315 exinde
300 1281 409 1313 multis
431 1281 527 1325 (cons.
556 1280 721 1312 Cleomed.
753 1281 790 1318 1,
819 1281 860 1319 63
898 1292 927 1322 p.
948 1281 995 1311 47
1024 1292 1113 1323 sequ.

156 1347 320 1379 Plutarch.
337 1345 417 1389 plac.
437 1345 551 1388 philos.
571 1346 606 1383 5,
633 1345 695 1383 115
723 1356 754 1386 p.
772 1344 857 1374 895.
872 1343 992 1374 Euseb.
1006 1355 1112 1387 praep.

156 1421 267 1451 evang.
284 1410 341 1449 15,
365 1410 422 1439 57.
445 1408 587 1440 Maerob.
606 1407 640 1437 in
662 1417 762 1437 somn.
782 1405 870 1448 Seip.
890 1407 921 1445 1,
951 1405 1113 1438 19.St01›.

155 1474 213 1505 ecl.
232 1474 324 1517 phys,
348 1473 384 1512 1,
415 1471 478 1511 52,
506 1471 572 1511 413
610 1483 639 1514 p.
658 1471 728 1502 991
756 1468 890 1512 Heer.)5
924 1469 1008 1501 unde
1033 1483 1061 1502 v.
1086 1482 1113 1502 c.

154 1536 323 1569 Lucretius
348 1535 401 1578 (ὅ,
426 1534 529 1577 555):

212 1601 398 1646 »Terraque
417 1605 453 1630 ut
479 1601 513 1630 in
534 1597 637 1629 media
660 1597 774 1629 numdi
793 1598 924 1641 regione
943 1598 1103 1643 quiescat«

158 1667 191 1692 et
213 1658 350 1693 Ovidius
374 1660 457 1703 (fast.
481 1661 518 1699 1,
546 1658 646 1701 110):

211 1721 390 1753 »Sedet-unt
414 1720 518 1752 medio
541 1726 628 1750 terra
648 1719 832 1766 fretumque
852 1719 936 1751 solo«

161 1782 342 1827 pariterque
367 1781 518 1813 Manilius
543 1781 596 1824 (1,
621 1782 704 1823 180)
723 1780 761 1811 dc
784 1786 882 1812 terra:

214 1846 296 1878 »Sed
321 1845 426 1876 medio
447 1856 604 1887 suspensa
631 1850 765 1875 vianet«

153 1907 364 1951 Reliquorum
388 1912 553 1950 praeterea
575 1905 755 1937 testimonia
779 1905 841 1936 alio
868 1905 902 1936 in
925 1916 1021 1949 opere
1043 1906 1109 1949 (pa-

154 1969 272 2009 laeogr.
302 1968 368 1999 erit.
396 1968 453 1999 lll-
483 1967 511 2011 ἓ.
531 1967 623 2010 286)
647 1966 777 2008 collegi:
794 1966 910 2011 quibus
943 1967 1024 1999 adde
1052 1980 1109 1999 no-

159 2036 258 2061 strum
281 2028 363 2060 infra
386 2027 427 2072 (ἓ.
447 2027 542 2071 599).

228 2090 433 2136 interrivata]
460 2091 499 2122 Id
519 2097 568 2123 est
593 2091 792 2123 interstincta
811 2090 953 2124 Oceano.
964 2091 1109 2124 VULCAN.

159 2175 205 2179 —
236 2156 324 2188 Infra
353 2154 400 2199 (ἓ.
420 2154 513 2196 627)
537 2155 727 2197 Hispaniam
761 2155 804 2186 ait
835 2155 940 2187 »Iberi
969 2155 1110 2187 fluminis

160 2225 260 2253 tractu
283 2220 508 2251 interrivatam
529 2229 629 2248 essc.«

231 2280 403 2326 marmore]
430 2282 571 2313 Marmor
588 2280 671 2312 enim
686 2281 780 2312 maris
801 2282 899 2313 colori
920 2282 1110 2324 assignatur,

158 2345 203 2377 sic
227 2344 323 2376 infra:
345 2342 510 2374 »marmori
535 2342 684 2375 fluctibus
703 2343 898 2374 concolor-aa·
931 2344 976 2374 Et
998 2356 1108 2388 supra:

215 2408 385 2452 „Quantus
409 2409 451 2438 sit
471 2418 624 2438 numerus
645 2406 809 2437 marmoris
829 2408 1026 2438 haustibus«

159 2469 300 2513 Usurpat
331 2468 506 2500 Petronius
535 2474 567 2499 et
600 2467 664 2503 alii.
682 2468 787 2500 Gnor.
811 2486 858 2492 -—-
894 2468 980 2501 Vide
1014 2481 1109 2514 snpra

160 2533 201 2577 (ἓ.
218 2534 265 2564 92
295 2532 384 2574 not.).

230 2593 339 2639 peplo]
374 2595 447 2626 Hoc
476 2595 616 2627 imitatus
646 2599 697 2627 est
720 2593 908 2637 Fulgentius
935 2594 1052 2639 (myth.
1076 2597 1108 2631 1.

161 2671 190 2702 p.
205 2659 276 2691 617
297 2657 401 2699 Βίαν.)
420 2669 527 2690 versu:

1224 1219 1326 1251 »Tum
1346 1231 1413 1251 nox
1435 1219 1563 1252 stellato
1586 1220 1742 1251 ”nandum
1762 1221 1939 1252 circumlita
1958 1219 2083 1264 peplum

1164 1280 1215 1312 De
1240 1281 1291 1312 die
1315 1282 1436 1313 oriente
1460 1282 1607 1312 Ililasius
1631 1282 1753 1324 (Burm.
1778 1281 1896 1313 anthol.
1916 1282 1988 1313 Lat.
2013 1283 2052 1322 5,
2077 1283 2117 1322 63

1164 1355 1194 1386 p.
1214 1343 1321 1384 502)=

1222 1404 1319 1435 »IVox
1339 1404 1405 1435 abit
1426 1403 1571 1435 astrifero
1598 1403 1753 1435 velamine
1773 1406 1878 1438 cincta
1903 1406 2053 1438 micanti.

1163 1473 1257 1511 atque
1289 1473 1400 1499 noster
1425 1480 1521 1512 supra
1549 1467 1712 1512 (§.116)=

1220 1531 1283 1561 »Et
1301 1530 1373 1574 jum
1401 1535 1478 1561 tunc
1506 1542 1596 1561 roseo
1620 1531 1791 1561 subtexere
1812 1530 1916 1562 sidera
1934 1529 2051 1574 peplo«

1162 1599 1198 1624 ut
1214 1599 1246 1625 et
1262 1593 1435 1636 »astrificas
1452 1593 1555 1625 noetis
1570 1594 1731 1625 habenas«
1744 1593 1806 1625 alio
1817 1592 1889 1626 loco
1902 1593 2016 1638 (§.98)
2027 1593 2116 1625 dixit.

1235 1653 1342 1699 pium]
1370 1655 1464 1686 Pium
1496 1655 1596 1694 diem,
1628 1655 1781 1686 blandum
1809 1654 1930 1687 Solem.
1943 1655 2047 1687 vum.
2068 1672 2115 1677 ——

1163 1718 1324 1762 Equidem
1348 1720 1436 1761 pium
1459 1718 1612 1761 appellari
1635 1718 1747 1750 Solem
1774 1718 1921 1759 arbitror,
1952 1717 2026 1762 quia
2046 1718 2113 1762 fra-

1160 1787 1253 1814 terno
1275 1794 1380 1813 amore
1407 1782 1516 1813 lumen
1540 1782 1573 1813 in
1596 1782 1722 1813 Lunam
1745 1783 1904 1813 transfert.

1235 1846 1281 1875 sic
1303 1842 1414 1887 iyitur]
1443 1844 1538 1875 Ratio
1561 1855 1672 1874 versus
1692 1844 1850 1887 postulat,
1875 1850 1911 1875 ut
1932 1843 2116 1875 immutetur

1161 1907 1240 1938 ordo
1267 1907 1436 1938 verborum
1463 1912 1495 1938 et
1523 1907 1664 1948 legatur:
1693 1906 1758 1938 »sic
1790 1907 1902 1939 oeulos
1928 1906 2026 1949 igitur
2051 1908 2115 1938 fur-

1160 1981 1254 2009 vae«,
1282 1975 1314 2000 et
1331 1969 1363 2000 in
1384 1969 1533 2013 sequenti
1554 1981 1611 2012 pro
1633 1980 1763 2001 »cernas
1780 1981 1857 2001 auro
1879 1974 1931 2000 utu
1962 1969 2034 2012 lege
2056 1981 2115 2001 »cx
2138 1975 2142 1979 '

1162 2045 1238 2065 auro
1271 2044 1382 2065 cernas
1410 2038 1480 2073 utu3
1516 2033 1642 2064 tametsi
1672 2034 1858 2076 frequenter
1886 2033 2113 2076 synaloepham

1160 2097 1302 2138 negligit.
1312 2097 1476 2129 VuLc.—
1502 2096 1666 2128 Lectionis
1694 2097 1830 2129 varietas
1858 2096 1948 2136 mtlja
1973 2101 2023 2127 est
2050 2095 2111 2126 nisi

1160 2162 1211 2193 hic
1237 2171 1294 2203 pro
1318 2161 1364 2190 sic
1387 2164 1419 2190 et
1448 2171 1594 2191 cerneres
1616 2171 1673 2203 pro
1702 2171 1833 2197 cernas,
1865 2170 1999 2201 quarum
2024 2158 2111 2190 illam

1161 2223 1193 2253 in
1218 2220 1391 2262 marginem
1418 2221 1529 2262 rejecit
1560 2221 1711 2260 Grotius,
1740 2221 1821 2252 hane
1845 2221 1980 2264 recepit3
2017 2233 2110 2264 quem

1160 2297 1220 2327 ego
1250 2289 1378 2315 secutus
1409 2294 1496 2323 sum,
1531 2282 1694 2314 codicibus
1725 2293 1853 2325 quoque
1879 2282 2025 2327 plurimis
2057 2283 2110 2315 ad-

1160 2347 1395 2393 stipulantibus.

1229 2407 1373 2454 flamma]
1392 2407 1437 2439 Hi
1450 2419 1561 2439 versus
1578 2407 1615 2438 ad
1627 2407 1800 2439 Pindarum
1812 2408 1968 2449 alludunt,
1983 2408 2038 2453 qui
2052 2408 2108 2439 ait:
2122 2413 2126 2420 '

1203 2471 1372 2520 Ἄριστον
1391 2469 1462 2515 μὲν
1479 2467 1583 2517 ὕδωρ
1604 2467 1625 2504 ὸ
1653 2469 1693 2505 ὃὲ
1718 2469 1873 2518 χρυσὸς
1897 2468 2109 2516 αἰθόμενον

1555 2542 1633 2578 nvp

1201 2592 1282 2634 Ἄτε
1323 2593 1528 2641 διαπρέπει
1569 2591 1682 2627 νυκτὶ
1726 2591 1940 2641 μεγάνορος
1979 2593 2105 2640 ἔξοχα

1558 2650 1746 2690 πλούτου.
