2310 2860
1989 110 2045 120 ψι-ιν

631 103 831 145 Martiani
863 103 1062 160 Capellae
1092 103 1162 144 lib.
1183 104 1300 145 VIII.
1333 106 1362 155 ᾗ.
1391 105 1492 146 894.
1956 109 2047 149 600

77 211 262 268 rapiduli
293 212 434 252 sonitu
467 212 670 252 raucitate
718 210 909 252 concussi
950 210 1101 251 eodem
1139 225 1182 251 se
1222 211 1504 266 quamplures
1545 222 1793 254 convertere
1824 213 1936 264 divi,
1979 230 2044 255 sc-

77 292 229 346 nisque
270 292 486 346 prossantis
532 307 733 332 somnum
783 301 909 346 atque
960 291 1174 332 humentis
1226 291 1428 346 crapulae
1473 292 1758 333 exundatione.
1801 304 2042 348 conspecta,

75 372 185 412 risus
226 372 592 412 circumstantium
634 388 682 413 eo
728 372 917 412 maxime
957 386 1044 426 quo
1085 371 1364 412 claudebatur
1396 387 1610 413 excussus.
1672 373 1799 413 Tunc
1834 375 2041 428 quoniam

77 451 235 493 credita
273 454 384 506 jocos
425 453 623 508 nuptialis
662 452 826 493 licentia
858 466 942 491 non
975 460 1142 503 vetare,
1189 452 1450 492 famulitium
1483 453 1662 494 Veneris
1696 456 2042 510 vernaculaeque

77 532 312 574 Bromiales
351 544 484 575 tantos
525 534 751 575 cachinnos
796 535 1007 574 concussis
1039 531 1273 573 admodum
1316 533 1451 573 tulere
1490 534 1760 589 singultibus,
1807 546 1851 576 ut
1884 552 2041 591 quam-

76 611 221 667 plures
270 614 370 653 alios
411 617 601 654 connisos
642 614 841 654 cohibere
887 614 1022 654 risum
1054 614 1135 654 hoc
1182 615 1371 654 maxime
1410 616 1451 655 in
1491 617 1714 671 petulantis
1750 620 2038 674 proruptionis

75 694 259 733 sonitum
287 693 498 748 effusique
525 694 716 734 cachinni
742 693 960 734 libentiain
986 694 1270 748 provocarint.
1307 695 1523 749 Denique,
1555 706 1600 736 ut
1625 712 1793 751 sempor
1818 699 2039 753 impatiens

77 784 205 829 atque
249 775 584 826 inverecundus,
641 790 801 830 procax
847 790 894 815 ac
933 784 1159 830 protervus
1205 776 1431 817 assultibus
1476 777 1527 817 ad
1568 792 1667 817 cum
1702 778 1840 818 alacer
1872 779 2038 833 Cupido

76 865 205 912 atque
231 857 392 898 hilarus
420 859 669 908 accucurrit,
703 867 830 912 atque
856 867 903 897 ut
927 858 1065 913 depile
1091 858 1401 912 rubellumque
1433 858 1651 899 calvitium
1676 874 1804 899 senex
1833 860 2038 900 baculum

76 939 303 980 acclinatus
346 939 558 990 affixerat,
611 939 779 994 palmae
816 939 994 979 verbere
1025 940 1311 995 percrepantis
1345 940 1518 995 apploso
1562 954 1698 994 coque
1735 940 1874 981 sonitu
1904 939 2039 981 recla-

77 1020 253 1071 mantis,
284 1020 419 1060 risum
451 1020 569 1061 velut
600 1020 724 1060 ctiam
757 1020 1014 1074 permissum
1047 1034 1181 1074 paene
1213 1022 1412 1062 omnibus
1444 1022 1669 1063 suscitavit.

672 1125 799 1164 Tunc
828 1125 900 1165 vix
933 1138 1065 1164 senex
1101 1124 1278 1164 reclusis

674 1202 914 1258 Creperum
950 1202 1097 1244 videus
1132 1203 1273 1243 ocellis

150 1346 305 1392 rapieluli]
331 1347 486 1378 Heinsius
510 1347 608 1390 (apud
637 1348 895 1380 Di·ackenl›01·eli.
922 1349 961 1380 ad
981 1348 1033 1381 Si-

73 1409 152 1441 lium
177 1409 248 1441 Ital.
274 1422 304 1452 p.
329 1409 416 1451 568)
445 1406 619 1452 proimore
642 1420 700 1439 suo
731 1409 881 1441 audacior
911 1411 1034 1441 aricluli

74 1471 137 1513 legi
154 1471 238 1511 vult3
266 1483 330 1514 quo
344 1471 434 1512 jure,
460 1470 546 1502 docti
571 1470 707 1501 videant.
734 1471 803 1502 Nee
830 1471 936 1503 Groui
957 1484 1031 1502 cou-

71 1536 196 1577 jectura
222 1547 303 1578 opus
325 1546 397 1565 esse
421 1533 562 1573 videtur,
588 1546 650 1577 qua
675 1534 771 1577 paulo
795 1540 866 1565 ante
891 1540 1032 1577 strepere

73 1599 244 1640 legendum
268 1610 324 1641 pro
350 1604 472 1628 terrore
495 1597 610 1636 suasit,
639 1597 714 1627 lieet
743 1603 775 1628 et
799 1597 899 1628 codex
919 1598 1030 1629 Mona-

73 1661 178 1692 censis
194 1660 250 1703 (C)
273 1660 391 1704 pariter
412 1664 507 1702 atque
531 1659 616 1689 illius
633 1658 705 1690 MS.
723 1665 848 1702 stet-ope
871 1659 1030 1692 exhibeat.

144 1722 326 1768 prostantis]
353 1723 509 1764 Virgilius
530 1722 627 1765 (Aen.
647 1723 686 1762 9,
717 1722 819 1765 52G):

122 1806 168 1810 —
189 1806 236 1810 -—
256 1805 303 1810 ——-
324 1793 407 1819 »toto
427 1786 584 1830 proflabat
608 1792 735 1829 pectore
755 1798 930 1818 seminum«

73 1851 224 1883 Ceterum
248 1862 357 1881 sonmo
386 1862 444 1893 pro
470 1862 616 1880 sommum
649 1849 768 1892 requiri
796 1849 900 1892 quiris
931 1849 1028 1882 videt.

146 1912 379 1956 exundatione]
415 1912 510 1943 Alios
542 1913 737 1943 emulatione
763 1912 870 1953 legere
897 1912 1030 1953 margini

73 1977 266 2020 adscriptum
303 1982 368 2015 est,
401 1976 487 2019 quod
522 1976 734 2006 exsudatione
769 1987 840 2006 esse
875 1975 1028 2017 eoujie103

72 2041 172 2083 magis
197 2047 299 2071 tamen
325 2040 430 2083 placet
454 2039 494 2069 oh
519 2039 670 2080 majorem
695 2038 758 2070 vim
787 2038 927 2080 vulgata.

146 2107 180 2136 in
199 2102 387 2147 petulantis]
417 2103 525 2144 Vulgo
552 2103 786 2145 impetulantis,
815 2102 907 2144 eujus
930 2102 963 2134 iu
981 2102 1027 2133 lo-

73 2179 145 2198 cum
165 2167 252 2209 quod
267 2166 334 2207 jam
357 2164 491 2196 Grotius
516 2164 718 2196 scribendum
740 2177 811 2196 esse
827 2164 1030 2196 intellexerat

74 2242 113 2262 cx
138 2230 246 2262 codiee
270 2228 528 2261 Reielienauensi
553 2228 688 2260 restitui.

148 2290 330 2336 libentium]
367 2292 422 2324 Sic
450 2298 481 2323 et
512 2304 620 2334 margo
656 2290 812 2324 Grotiana
844 2297 876 2323 et
901 2292 1028 2324 codices

75 2354 250 2386 Leidenses
276 2357 357 2384 teste
378 2353 610 2397 Oudendorpio
635 2353 687 2397 (ad
711 2352 832 2397 Appul.
854 2355 886 2395 1,
910 2367 941 2398 p.
955 2353 1028 2398 52).

73 2419 183 2460 Vulgo
203 2418 382 2455 licentiam,
414 2417 500 2459 qnod
524 2418 582 2448 etsi
606 2418 680 2449 ferri
702 2417 820 2461 possit,
843 2423 950 2450 tamen
972 2418 1027 2449 illa

74 2482 167 2514 lectio
192 2480 380 2525 exquisitior
401 2480 534 2511 videtur.
561 2481 696 2512 Plautus
719 2481 834 2524 (Stich.
850 2482 890 2522 2,
919 2483 950 2522 1,
974 2482 1025 2523 5)=

83 2545 205 2588 »itaque
229 2548 341 2587 peetus
361 2546 510 2573 onustum
534 2548 627 2586 porto
651 2543 792 2575 lubentia
811 2543 1021 2587 laetitiaque«

1159 1349 1414 1395 inverecundus]
1458 1350 1573 1384 Codex
1604 1352 1878 1384 Reicheuaueusis
1916 1354 2038 1385 invere-

1084 1414 1214 1453 emulis,
1242 1415 1335 1445 male.

1158 1477 1359 1522 accucurrit]
1389 1478 1446 1510 Sic
1464 1479 1591 1511 codices
1606 1479 1812 1511 Monacensis
1831 1479 1888 1523 (C)
1914 1484 1946 1510 et
1961 1478 2036 1510 Rei-

1083 1541 1310 1582 chenaueusis‚
1339 1542 1452 1573 melius
1473 1555 1567 1586 quam
1592 1555 1746 1587 praesens
1773 1543 1807 1575 in
1827 1543 1937 1583 editis,
1963 1542 2036 1587 quia

1082 1605 1250 1634 suscitavit
1275 1604 1429 1647 sequitur.

1157 1666 1337 1715 calvitium]
1347 1668 1419 1698 Hoc
1436 1667 1611 1711 antiquitus
1629 1667 1661 1698 iu
1680 1667 1833 1699 stultitiae
1852 1667 1977 1709 signum
1987 1679 2036 1699 ae-

1082 1733 1208 1771 ceptum
1230 1741 1301 1760 esse
1322 1735 1453 1760 monent
1473 1729 1663 1772 interpretes
1679 1729 1718 1760 ad
1732 1730 1879 1761 Persium
1894 1730 1942 1772 (l,
1964 1729 2035 1771 513).

2073 1124 2160 1166 805

1156 1791 1317 1837 baculmn]
1352 1793 1461 1823 Primo
1490 1793 1643 1836 adspectu
1673 1793 1772 1834 magis
1801 1793 1918 1824 arridet
1939 1792 2034 1824 lectio
2085 1811 2087 1814 ·

1080 1855 1113 1886 in
1145 1856 1285 1897 margine
1323 1856 1426 1899 posita
1461 1857 1589 1897 baculo-3
1624 1862 1841 1889 verumtamen
1873 1856 2033 1897 vulgatam

1079 1918 1211 1957 retinui,
1240 1918 1313 1961 quia
1341 1918 1540 1949 accusativus
1568 1919 1686 1963 pariter
1710 1924 1803 1962 atque
1829 1924 1902 1962 post
1926 1920 2030 1949 insur-

1078 1994 1154 2026 [Jere
1176 1981 1218 2025 (ἓ.
1237 1979 1321 2022 755)
1346 1982 1385 2012 ab
1414 1983 1539 2026 affiyere
1565 1983 1705 2026 pendere
1732 1994 1828 2026 posse
1855 1982 2029 2015 videbatur.

1078 2045 1183 2077 Multo
1212 2044 1306 2076 etiam
1326 2045 1430 2077 minus
1451 2046 1612 2089 afflixerat
1633 2046 1803 2088 legendum
1827 2057 1868 2077 ex
1890 2045 2031 2087 margine

1078 2119 1136 2150 pro
1161 2108 1316 2149 affixerat.

1152 2161 1371 2215 reclamantis]
1394 2171 1550 2202 Nimirum
1565 2173 1691 2215 palmae
1707 2171 1848 2203 verberis
1863 2172 2028 2203 veliemen-

1078 2232 1122 2263 tia
1145 2233 1236 2276 quasi
1266 2235 1457 2264 resonantis.
1503 2233 1684 2265 construe:
1716 2234 1867 2277 »apploso
1897 2232 2028 2263 verbere

1079 2294 1202 2338 palmae
1217 2295 1435 2338 percrepantis
1457 2307 1560 2339 eoque
1580 2295 1686 2327 sonitu
1708 2293 1937 2325 reclamantis«

1155 2355 1338 2401 creperum]
1370 2356 1454 2388 Vide
1487 2369 1582 2400 supra
1608 2355 1703 2400 (§2.
1737 2355 1834 2397 116).
1876 2355 2028 2387 Ceterum

1079 2418 1271 2449 conserenda
1298 2418 1423 2460 egregia
1445 2418 1636 2462 crapulantis
1659 2417 1829 2460 descriptio
1851 2416 1934 2460 apud
1961 2417 2028 2447 Ru-

1077 2481 1180 2512 tilium
1205 2482 1333 2527 Lupum
1365 2482 1424 2527 (2,
1459 2484 1498 2523 75
1528 2495 1558 2526 p.
1584 2481 1688 2523 iot),
1717 2479 1772 2511 uhi
1799 2480 1891 2524 plura
1917 2480 2028 2513 Ruhn-

1078 2543 1200 2576 lxenius.

1581 2604 1628 2635 80
