2310 2860
86 920 172 961 sto

198 173 290 214 658
747 167 945 208 Martiani
978 166 1178 222 Capellae
1209 166 1281 209 lib.
1308 165 1426 207 VIII.
1458 168 1490 218 ᾗ.
1515 167 1616 207 809.

202 278 349 334 ῃίεῑῑηο
390 274 659 317 Permessiaci
700 274 872 330 gurgitis
912 273 1024 314 sitire
1068 271 1233 313 sontes?
1285 273 1437 313 Jamne
1479 273 1664 328 fulgores
1696 274 1917 329 praevides
1947 285 1987 316 et
2016 274 2158 317 vultus

198 355 410 398 deorum?
463 354 546 395 Sed
591 355 665 395 ubi
707 353 811 395 illud
853 363 1026 409 repente
1065 351 1271 404 discessit,
1328 353 1442 407 quod
1484 353 1668 394 irrisoria
1720 369 1890 409 semper
1934 355 2160 410 lepidaque

201 439 386 480 versutia
419 438 525 478 inter
556 438 702 478 insana
732 451 903 492 semper
933 434 1157 477 deridebas
1187 444 1334 476 vatum
1367 444 1580 487 tumores,
1628 435 1836 476 dicabulis
1867 435 2161 478 cavillantibus

200 502 375 574 saleque
408 528 622 570 contenta,
656 533 734 559 nec
760 518 903 559 minus
934 521 1159 573 poetarum
1191 516 1505 571 rhetorumque
1532 516 1741 557 cothurno
1772 516 1878 557 inter
1901 515 2162 572 lymphatica

199 600 422 652 derelict03
463 600 580 655 quod
625 600 773 641 rabido
813 600 1009 641 fervebas
1054 598 1276 639 cerebrosa
1317 606 1458 647 motu,
1513 611 1560 637 ae
1600 612 1669 638 me
1709 584 1836 638 Sileni
1866 611 2069 638 somnum
2103 597 2163 638 ri-

202 682 370 722 dentem
399 682 588 722 censorio
617 681 813 736 clangore
846 678 1160 735 superciliosior
1185 677 1462 733 increpabas?
1505 678 1671 732 Ergone
1696 676 1893 732 figmenta
1918 677 2161 718 dimoveam

203 773 241 804 et
285 763 389 804 nihil
425 763 584 817 leporis
624 763 795 816 jocique
826 760 1026 816 permixti
1057 758 1245 799 taediuin
1279 757 1609 798 auscultantium
1641 758 1877 799 recreabit?
1926 757 2083 812 Peligni
2112 756 2164 798 de

202 852 339 883 cetero
377 843 543 897 juvenis
583 841 794 883 versiculo
833 839 1052 895 resipisce,
1101 847 1142 879 et
1179 838 1219 878 ni
1264 837 1473 892 tragicum
1515 838 1777 893 corrugaris,
1815 838 1928 889 ride,
1966 838 1998 878 si
2028 837 2163 892 sapis,

203 938 227 963 o
260 923 402 978 puella
442 923 550 963 ride!
610 923 685 963 His
727 937 796 962 me
841 923 1083 974 Saturaque
1128 932 1223 958 mea
1260 917 1421 959 alterna
1465 918 1630 960 diutule
1668 920 1959 975 objurgatione
1999 920 2164 970 rixatis,

205 1005 329 1046 aliam
369 1004 574 1044 dotalium
608 1003 820 1059 virginum
859 1002 1008 1043 Delius
1038 1000 1361 1042 innon-fissurus
1392 1001 1618 1056 egreditur.
1679 1003 1733 1043 Et
1763 1018 1858 1044 ecce
1889 1003 2037 1058 globus
2068 1001 2166 1057 qui-

204 1085 302 1127 dam
337 1085 442 1125 lucis
475 1084 717 1135 aethereae,
767 1094 806 1125 et
836 1098 1024 1125 concava
1055 1083 1268 1140 perspicui
1299 1083 1402 1137 ignis
1437 1084 1637 1138 aggestio,
1683 1093 1729 1124 ut
1761 1084 2012 1139 apparebat,
2056 1084 2163 1123 intra

2065 1165 2165 1214 Quo

208 1247 393 1288 caudore
416 1246 589 1287 luminis
614 1246 938 1302 propinquantis
963 1247 1106 1301 plures
1132 1246 1317 1287 irradiati
1344 1246 1548 1287 refulsere
1573 1246 1674 1296 divi,
1705 1246 1939 1299 fatalesque
1964 1246 2165 1296 maxime,

204 1182 250 1208 se
283 1166 500 1221 quandam
534 1166 742 1220 virginem
783 1166 1006 1216 claudens,
1055 1167 1144 1205 miti
1178 1165 1380 1219 vertigine
1410 1166 1563 1205 sensim
1603 1166 1773 1206 volutus
1803 1165 2002 1205 illabitur.

209 1344 396 1383 quorum
424 1329 547 1368 etiam
574 1328 742 1368 habitus
765 1337 993 1382 motusque
1018 1337 1056 1367 et
1075 1327 1288 1382 quidquid
1316 1327 1355 1366 in
1382 1326 1446 1365 his
1471 1326 1663 1380 ignotum
1694 1325 1947 1366 credebatur
1976 1325 2167 1376 emicuit3

2068 1406 2167 1456 Quo

1190 1488 1434 1542 mariuique
1464 1487 1572 1538 divi,
1621 1497 1660 1528 et
1693 1488 1726 1528 si
1763 1503 1869 1543 quos
1909 1488 2051 1529 clausa
2091 1488 2168 1529 tel-

207 1422 308 1451 tunc
340 1419 378 1450 et
417 1409 506 1464 ipsa
546 1408 691 1448 extimi
730 1408 836 1448 coeli
876 1410 1085 1449 contextio
1125 1408 1314 1462 ejusdem
1358 1405 1462 1445 lucis
1494 1405 1731 1459 fulgoribus
1762 1406 2008 1447 revibravit.

209 1489 416 1532 miraculo
450 1488 672 1544 stupefacti
718 1489 839 1539 a'erii,
892 1498 1131 1541 terrestres,

282 1600 495 1631 Permessiaci
510 1596 660 1643 quitis]
687 1597 725 1629 Id
752 1604 801 1629 est
821 1598 1002 1630 Musarum.
1029 1597 1162 1630 Servius

209 1662 261 1703 (ad
290 1661 407 1702 Virgil.
436 1661 495 1693 ecl.
517 1662 578 1701 10,
608 1660 683 1702 12):
709 1660 944 1692 »Callimachus
970 1662 1164 1703 Ayanippen

208 1725 328 1754 fontem
346 1735 416 1755 esse
439 1723 481 1753 ait
502 1723 665 1753 Permessi
689 1721 865 1762 fluminis«,
900 1721 984 1752 unde
1008 1727 1040 1753 et
1066 1722 1162 1754 Clau-

209 1786 323 1817 dianus
347 1785 398 1828 (de
422 1784 517 1815 laude
542 1783 655 1815 Seren.
673 1782 725 1826 8):

268 1849 374 1879 »Fons
395 1847 584 1890 Aganippea
611 1846 833 1878 Permessidos
853 1846 967 1878 educat
988 1846 1093 1877 unda«

1289 1595 1426 1641 ergone]
1454 1597 1577 1640 Recepi
1601 1596 1772 1629 lectionem
1796 1608 1814 1628 a
1835 1597 1949 1629 Grotio
1974 1597 2006 1628 in
2027 1597 2167 1639 margine

1213 1664 1370 1699 notatam,
1407 1670 1488 1701 quae
1522 1658 1612 1689 unice
1638 1659 1746 1689 sensui
1777 1658 1942 1698 convenit3
1971 1658 2065 1700 vulgo
2094 1670 2169 1703 erqo

1214 1734 1282 1754 nee.

1289 1782 1432 1828 Peligni]
1460 1783 1855 1827 Epigrammatographus:

1276 1847 1393 1884 »Rin'e,
1417 1847 1447 1877 si
1472 1847 1560 1889 Sapis
1570 1868 1582 1884 ,
1611 1858 1628 1876 o
1648 1847 1776 1889 puella,
1799 1847 1869 1877 ride

212 1912 368 1944 Boeotiae
392 1911 521 1942 fluvium
545 1910 641 1941 fuisse
668 1910 819 1941 Heliconi
845 1910 983 1942 vicinum
1008 1921 1048 1941 ex
1075 1909 1163 1941 Stra-
1265 1911 1441 1954 Pelignus,
1466 1915 1562 1952 puto,
1590 1910 1717 1941 dixerat
1739 1914 1864 1953 pv'e'last

213 1977 297 2008 hone
323 1976 375 2019 (9,
407 1988 435 2018 p.
458 1975 529 2006 407
557 1974 645 2017 Cas.)
672 1974 832 2006 discimus.
868 1973 936 2006 Alii
960 1975 1166 2005 Parmessnm

215 2040 374 2079 scribunt,
415 2039 562 2082 quocirca
590 2038 776 2070 Miitzellius
812 2039 866 2081 (de
896 2038 1020 2070 emend.
1044 2039 1166 2078 Tlieog.

214 2101 348 2133 Hesiod.
389 2113 416 2143 p.
441 2100 502 2141 55)
527 2099 603 2129 nihil
630 2100 768 2139 dubitat,
801 2100 878 2143 quin
910 2100 994 2143 apud
1024 2105 1166 2130 nostrum

216 2176 344 2208 quoque
371 2176 410 2194 ex
436 2163 727 2205 antiquissimorum
751 2163 905 2194 librorum
932 2163 994 2194 fide
1017 2164 1165 2194 Parmes-

215 2228 295 2259 siaci
321 2224 492 2266 legendum
515 2224 564 2255 sit.

291 2295 400 2321 vatum
430 2285 582 2332 tumores]
612 2286 687 2318 Non
723 2286 834 2318 dubito
861 2288 938 2331 quin
965 2288 1071 2319 Persii
1097 2288 1167 2331 (sat.

218 2356 257 2395 5,
288 2353 321 2396 1)
352 2352 552 2396 potissimum
576 2351 683 2383 locum
705 2351 881 2382 Martianus
904 2352 1096 2395 respexerit:

274 2415 431 2447 »Vatibus
465 2415 516 2446 hic
554 2424 621 2444 nzos
659 2418 726 2451 est,
770 2419 896 2444 eentum
937 2415 998 2445 sihi
1039 2424 1170 2457 poscere

615 2488 725 2508 voces«
759 2481 819 2508 etc.

292 2539 416 2586 rabido]
442 2540 498 2574 Sic
527 2539 677 2582 Grotius5
705 2539 879 2572 anteriores
902 2541 1033 2583 rapido,
1067 2540 1170 2572 minus

222 2603 400 2636 commode,

1218 1974 1378 2006 GneT.—-
1402 1973 1753 2016 Epigrammategi-aphi
1776 1973 1903 2005 nomine
1927 1974 2106 2007 Martialem
2122 1975 2170 2019 (2,

1217 2038 1279 2081 55)
1302 2037 1466 2078 intelligit,
1497 2037 1551 2080 qui
1575 2037 1684 2068 Ouidii
1710 2038 1831 2080 patriae
1849 2038 1962 2069 iterum
1982 2039 2029 2082 (l,
2055 2039 2114 2079 (32,
2132 2038 2169 2081 G)

1217 2099 1359 2132 meminit
1386 2098 1507 2130 verbis:
1526 2098 1673 2129 »Nasone
1696 2099 1826 2143 Peligni
1848 2105 1990 2131 sonant«

1294 2158 1456 2205 ayqestio]
1491 2159 1548 2192 Sic
1572 2160 1653 2191 libro
1676 2160 1710 2191 11
1733 2160 1772 2191 de
1792 2162 1925 2203 sphaera
1942 2160 2071 2192 Lunae:
2098 2162 2169 2193 »tri—

1218 2224 1328 2256 formis
1357 2224 1450 2255 etiam
1482 2224 1685 2266 discolorque
1718 2224 1840 2266 vereiqo
1873 2223 2004 2254 terribili
2035 2225 2170 2268 quadam

1220 2289 1384 2330 majestate
1411 2287 1578 2327 rutilabat,
1606 2298 1687 2330 quae
1714 2285 1790 2317 lieet
1813 2286 1978 2328 cornigera
2002 2293 2034 2320 et
2059 2300 2172 2333 aspera

1222 2351 1383 2383 videretur
1409 2349 1661 2392 ayyeslionit'ms«
1687 2347 1863 2379 eet.GuoT.

1294 2414 1364 2444 miti
1386 2410 1562 2455 vertigine]
1591 2412 1672 2442 Leni
1697 2412 1814 2443 volatu.
1830 2412 1974 2444 Vtro-tx.
1990 2431 2036 2436 —
2069 2413 2170 2446 Immo

1221 2477 1388 2508 rotatione.
1417 2473 1614 2505 Claudianus
1639 2473 1684 2516 (³¹¹
1708 2473 1842 2517 Eutrop.
1858 2474 1897 2513 2,
1921 2475 2024 2517 559);

1277 2538 1377 2582 „Quis
1402 2538 1513 2568 melius
1532 2538 1656 2569 vibrata
1681 2550 1762 2581 puer
1779 2537 1932 2579 vertigine
1955 2538 2044 2570 molli

1274 2601 1419 2633 Membra
1444 2604 1545 2631 rotet«
1578 2604 1636 2630 eet.
