2310 2860
78 341 167 382 999

195 153 281 194 770

767 143 970 186 Martiani
1002 141 1202 197 Capellae
1232 141 1303 181 lib.
1326 140 1405 182 IX.
1435 143 1466 193 ᾗ.
1491 141 1592 183 998.

596 251 772 293 Garrire
804 251 953 305 agresti
984 247 1118 290 cruda
1151 247 1273 288 finxit
1303 248 1521 303 plasmate.

598 331 691 373 Hac
720 331 810 386 ipsa
841 333 968 371 nauci
996 337 1124 384 rupta
1155 327 1427 379 conscientia,

597 412 882 466 Tui-gensque
912 410 1010 451 felle
1042 425 1090 451 ac
1119 409 1226 460 bile,
1264 408 1400 449 multa
1430 407 1659 463 chlamyde

598 491 773 532 Prodire
803 490 936 531 doctis
967 490 1244 546 approbanda
1280 490 1462 530 cultibus

595 573 856 627 Possemque
887 573 1018 613 comis
1049 582 1183 627 utque
1215 586 1236 611 e
1265 570 1412 611 Martis
1444 570 1584 622 curia3

595 652 768 704 Felicis,
798 653 958 708 inquit,
1001 652 1075 693 sed
1107 651 1306 707 Capellae
1336 649 1529 700 flamine,

200 762 402 806 composita.«
436 761 529 793 Unde
554 762 691 793 Tzetzes
709 761 794 806 (ehil.
817 763 878 801 11,
906 760 1008 803 525)=

258 820 308 858 »Ὁ
333 820 475 862 κύκλος
501 819 566 857 καὶ
595 822 853 868 συμπέρασμα
883 818 1045 857 πάντων
1073 819 1154 856 τῶν

606 883 852 932 μαθημάτων

248 946 530 995 Γραμματικῆς,
545 947 763 994 ῥητορικῆς,
779 944 879 992 αὐτῇ
886 959 904 986 ς
915 945 1155 994 φιλοσοφίας

249 1007 330 1046 Καὶ
351 1008 432 1044 τῶν
454 1004 651 1055 τεσσάρων
665 1020 707 1042 τε
728 1008 885 1052 τεχνῶν
903 1008 984 1042 τῶν
1002 1005 1067 1042 ὑπ’
1089 1003 1155 1042 αὐ-

599 1066 672 1115 τήν
694 1068 896 1113 κειμένων,

249 1132 329 1179 Τῆς
359 1129 618 1179 ἀριθμοὺσης,
646 1132 835 1178 μουσικῆς
862 1129 927 1167 καὶ
958 1131 1031 1177 τῆς
1062 1143 1155 1178 γεω-

600 1195 758 1241 μετρίας

251 1253 330 1292 Hal
357 1255 429 1301 τῆς
461 1252 779 1302 οὐρανοβάμονος
815 1251 941 1301 αὐτῆς
975 1252 1153 1301 ἀστρονο-

604 1317 727 1362 μίας-,α

201 1379 296 1413 Adde
317 1379 510 1413 Strabonem
528 1379 581 1423 (1,
606 1373 638 1423 Ρ,
655 1381 700 1411 15
723 1378 891 1421 casaub),
915 1378 1073 1410 Senecam
1092 1378 1154 1421 (ep.

202 1443 266 1482 88,
290 1455 322 1485 p.
339 1443 411 1473 5638
434 1440 553 1484 Lips.)‚
585 1440 727 1471 Plinium
745 1440 833 1482 (hist.
859 1445 921 1471 nat.
944 1439 1043 1482 inin),
1074 1438 1156 1470 Sex-

201 1511 268 1536 tum
292 1505 489 1548 Empirieum
510 1503 593 1547 (adv.
614 1504 710 1534 math.
739 1504 776 1543 1,
800 1515 831 1546 p.
847 1503 920 1534 216
943 1501 1067 1545 Falm),
1088 1502 1156 1534 Ma-

200 1568 319 1600 ximum
336 1567 467 1611 Tyrium
486 1568 537 1611 (T.
561 1566 609 1606 Π,
630 1580 659 1610 p.
676 1567 745 1598 196
768 1565 910 1608 Ιῖρίεἰῑ.),
940 1565 1157 1598 Sozomenum

201 1629 286 1672 (hist.
302 1629 378 1661 ecel.
395 1630 428 1669 5,
451 1629 514 1668 185
541 1628 655 1671 p.G25
675 1627 721 1669 fi),
740 1639 885 1670 quosque
908 1632 1072 1670 praeterea
1089 1627 1155 1658 lau-

202 1691 279 1722 dant
303 1689 481 1723 Salmasius
504 1688 557 1732 (ad
583 1688 686 1720 Solin.
711 1700 743 1730 p.
760 1687 864 1730 848),
897 1687 1080 1718 WVowerus
1104 1688 1157 1731 (de

200 1753 319 1797 polym.
330 1753 403 1795 24),
425 1757 456 1783 et
467 1751 663 1782 Reimannus
680 1750 763 1792 (idea
779 1755 840 1780 ant.
856 1749 904 1783 lit.
922 1751 1033 1794 1³52ss
1044 1750 1155 1794 sequ.).

274 1813 415 1859 ayresti]
443 1814 579 1845 Erudito
615 1813 747 1856 opponit
773 1812 957 1856 Appulejus
987 1814 1093 1857 (Flor.
1118 1815 1156 1853 1,

201 1878 242 1918 53
268 1889 298 1920 p.
321 1876 366 1907 12
386 1874 485 1918 oud.)
509 1880 541 1906 et
559 1874 621 1907 alio
642 1874 676 1906 in
692 1874 766 1906 loeo
793 1873 905 1918 (Apol.
923 1887 954 1919 p.
972 1875 1060 1918 407)
1085 1887 1156 1907 cum

202 1941 337 1972 barbaro
367 1938 544 1981 conjungit.

279 2001 398 2047 cruda]
425 2002 638 2045 Disputarunt
661 2002 700 2034 de
731 2002 789 2033 hae
811 2013 888 2033 voce
914 2001 973 2033 viri
1000 2002 1085 2033 docti
1103 2003 1156 2046 (ad

202 2063 323 2108 Appul.
346 2063 428 2107 apol.
450 2075 480 2105 p.
495 2064 566 2094 515
578 2062 687 2105 Oud.).
715 2062 782 2094 Sed
799 2063 882 2106 apud
899 2069 1043 2095 nostrum
1060 2064 1156 2096 cruda

204 2138 276 2160 esse
289 2127 437 2158 videntur
451 2137 533 2169 quae
549 2136 614 2156 non
629 2125 706 2156 satis
723 2125 822 2168 polita
836 2138 938 2170 eoque
953 2127 1061 2170 inepta
1072 2133 1155 2159 sunt.

277 2186 452 2232 plasmate]
479 2187 642 2227 Fietione,
666 2198 730 2230 quo
751 2187 788 2217 de
809 2199 906 2219 sensu
919 2188 986 2229 jam
1008 2189 1155 2232 superius

206 2251 247 2296 (ξ.
266 2252 353 2294 915)
383 2251 520 2293 egimus,
547 2261 652 2293 neque
684 2255 767 2289 erat,
796 2251 882 2293 quod
912 2251 1067 2283 Heinsius
1097 2252 1157 2297 §ul

207 2313 303 2344 ovid.
329 2312 367 2343 T.
390 2312 422 2351 Ι,
447 2325 477 2355 p.
494 2311 564 2354 90)
588 2316 699 2343 eontra
731 2311 870 2343 omnium
893 2313 1038 2345 codicum
1061 2314 1156 2346 fidem

208 2387 268 2408 nos
294 2387 450 2419 reponere
471 2376 637 2418 phasmate
653 2375 792 2416 juberet.

282 2438 341 2468 hae
363 2439 432 2479 ipsa
452 2435 567 2481 nauci]
594 2435 719 2468 Sensus
740 2436 792 2468 hie
817 2449 887 2469 esse
910 2437 1057 2470 videtur:
1079 2437 1156 2471 »Sa-

209 2504 279 2529 tura
293 2497 362 2540 ipsa
378 2509 478 2538 nugas
495 2509 530 2528 se
546 2497 650 2538 egisse
666 2498 726 2528 sihi
742 2499 869 2530 conseia
884 2511 984 2543 eaque
1008 2512 1042 2531 re
1061 2500 1156 2532 irata:

209 2568 354 2602 possem,
392 2557 512 2602 inquit,
552 2559 679 2602 pofitieo
713 2559 801 2592 cultu
827 2565 857 2592 et
882 2560 1037 2602 elegantia
1061 2567 1156 2605 atque

1204 760 1382 793 urbanitate
1399 756 1510 790 Attica
1530 762 1640 789 ornata
1659 757 1803 801 prodire,
1828 757 1885 790 sed
1902 759 2075 803 prohibeor
2093 758 2155 792 Ca-

1204 822 1309 866 pellae
1337 822 1466 852 sortuna
1478 842 1487 859 ,
1519 819 1574 863 qui
1606 819 1710 850 causis
1744 820 1871 851 orandis
1901 820 2051 864 optimam
2074 821 2156 853 vitae

1205 889 1327 928 partem
1352 882 1507 926 impendit
1525 883 1656 925 jamque
1687 883 1780 915 senili
1804 883 1899 915 aetati
1921 884 2053 928 propior
2072 883 2156 921 curis

1206 951 1301 989 atque
1327 950 1468 986 egestate
1493 944 1683 988 obtorpuit«

1281 1006 1456 1053 chlamyde]
1467 1008 1584 1049 Magno
1597 1013 1784 1039 ornamento
1795 1008 1972 1040 verborum.
1982 1007 2099 1039 Gnoss.
2108 1019 2156 1052 ap.

1204 1069 1350 1103 Vnum.
1361 1088 1408 1093 —-
1420 1069 1572 1112 Chlanlys
1590 1070 1672 1113 apud
1685 1069 1896 1112 posteriorum
1906 1074 2084 1113 temporum
2092 1068 2158 1101 R‘o-

1205 1145 1317 1165 manos
1339 1133 1434 1164 etiam
1450 1132 1678 1173 elegantiorum
1693 1133 1856 1163 hominum
1871 1132 2095 1164 vestimentum
2109 1132 2157 1164 fu·

1205 1196 1270 1227 isse
1286 1196 1426 1234 videtur,
1451 1200 1487 1225 ut
1504 1194 1586 1237 apud
1607 1194 1763 1225 Senecam
1782 1195 1834 1237 (de
1849 1189 1912 1225 vita
1926 1195 2019 1226 beata
2033 1195 2112 1239 25),
2131 1195 2158 1226 si

1204 1256 1300 1288 lectio
1313 1262 1413 1287 certa:
1430 1255 1532 1285 »malo
1547 1254 1623 1296 quid
1637 1254 1712 1284 mihi
1727 1255 1821 1285 animi
1835 1255 1875 1285 sit
1889 1256 2058 1286 ostendere
2070 1268 2159 1299 prae-

1205 1322 1345 1348 textatus
1361 1320 1393 1346 et
1412 1315 1631 1356 chlamydatus
1648 1326 1741 1357 quam
1757 1315 1850 1345 nudis
1870 1315 2009 1358 scapulis
2034 1321 2089 1347 aut
2110 1328 2157 1348 se-

1206 1378 1372 1418 mitectis«;
1390 1377 1448 1408 sed
1461 1376 1575 1408 suffieit
1587 1389 1671 1409 nune
1687 1377 1726 1408 de
1738 1377 1863 1409 Graeco
1875 1378 1962 1409 cultu
1971 1379 2160 1421 intelligere.

1283 1439 1398 1486 comis]
1426 1440 1482 1472 Sic
1513 1440 1639 1472 codices
1664 1440 1869 1473 Monacensis
1895 1440 1950 1485 (C)
1977 1448 2009 1473 et
2025 1443 2158 1475 Reiehe-

1206 1505 1358 1536 nauensis
1371 1504 1463 1536 unice
1476 1510 1580 1543 rect-⁰3
1602 1503 1697 1545 vulgo
1715 1504 1821 1547 inepte
1838 1516 1948 1536 comes.
1977 1505 2160 1549 Oppouitur

1206 1569 1325 1611 agresti
1337 1573 1369 1599 et
1387 1568 1496 1608 crudo,
1519 1573 1554 1599 ut
1568 1568 1653 1611 apud
1672 1568 1842 1599 Horatium
1861 1569 1969 1611 (serm.
1983 1570 2015 1609 1,
2031 1569 2067 1610 4,
2082 1570 2158 1613 90);

1264 1632 1348 1663 „llic
1369 1632 1427 1662 tibi
1447 1631 1545 1662 comis
1566 1638 1597 1662 et
1621 1632 1764 1663 urbanus
1791 1632 1931 1678 liberque
1951 1632 2093 1664 videtur«

1208 1697 1241 1724 et
1265 1692 1327 1723 alio
1349 1692 1422 1723 loeo
1452 1693 1557 1735 (serm.
1582 1693 1618 1732 1,
1645 1693 1706 1732 10,
1729 1691 1808 1735 4Ι);

1406 1770 1454 1775 --
1469 1771 1518 1775 —
1539 1752 1657 1784 »comis
1681 1755 1807 1797 qam-ire
1831 1753 1951 1784 libellos

1261 1814 1352 1845 Unus
1374 1815 1547 1845 vivorum«
1565 1832 1612 1837 —-

1205 1876 1285 1909 Mox
1303 1888 1362 1920 pro
1389 1883 1489 1924 utque
1516 1889 1624 1918 margo
1652 1877 1808 1909 Grotiana
1829 1884 1943 1924 alque,
1974 1878 2067 1912 male.

1282 1952 1299 1971 e
1316 1941 1435 1972 Illonis
1456 1939 1559 1985 curia]
1586 1939 1777 1984 Areopago,
1801 1941 1834 1972 in
1852 1952 1915 1984 quo
1938 1941 2013 1972 olim
2026 1941 2157 1983 judicia,

1206 2008 1319 2047 postea
1339 2003 1570 2047 disputationes
1593 2004 1783 2047 sophisticae
1807 2004 1954 2045 habitae3
1981 2004 2043 2035 nisi
2066 2004 2157 2035 aliam

1207 2067 1387 2110 quampiam
1422 2067 1535 2103 Martis
1568 2067 1686 2098 curiam
1723 2067 1909 2108 Carthagini
1943 2055 2155 2109 imaginemur.

1207 2130 1367 2162 Gnor.—
1387 2129 1587 2173 Sophistieas
1604 2130 1835 2173 disputationes
1854 2130 1887 2161 in
1902 2129 2074 2173 Areopago
2090 2141 2155 2162 non

1206 2191 1298 2230 τιον-ἰ,
1324 2197 1464 2223 ceterum
1479 2192 1563 2223 hune
1578 2191 1683 2234 ipsum
1696 2191 1865 2232 significari
1881 2202 1898 2220 a
1909 2195 2020 2221 nostro
2036 2196 2155 2222 certum

1208 2259 1272 2293 est,
1296 2253 1372 2284 lieet
1397 2253 1477 2284 nihil
1503 2252 1589 2283 aliud
1615 2252 1720 2284 dicere
1744 2252 1825 2282 velle
1848 2251 2007 2292 videatur,
2030 2252 2093 2283 nisi
2115 2263 2156 2284 ex

1206 2314 1284 2358 ipsis
1311 2314 1528 2356 penetralibus
1552 2313 1751 2344 Athenarum
1769 2311 1949 2344 Atticarum
1969 2314 2154 2357 profectum.

1278 2375 1414 2420 Felicis]
1447 2376 1544 2408 Felix
1568 2375 1698 2418 Capella
1722 2375 1816 2406 etiam
1843 2375 1928 2418 apud
1950 2376 2154 2418 Fulgentium

1207 2437 1295 2470 audit
1315 2437 1437 2481 (expos.
1456 2441 1518 2467 ant.
1543 2447 1636 2466 serm.
1664 2448 1694 2478 p.
1716 2436 1783 2466 181
1804 2435 1955 2478 Munda).

1274 2498 1428 2544 flamine]
1458 2498 1590 2531 Grotius
1614 2510 1632 2530 e
1659 2510 1718 2530 suo
1743 2498 1853 2530 codiee
1873 2498 1991 2530 mavult
2010 2498 2155 2542 famin65

1207 2561 1318 2595 dubito
1338 2573 1413 2594 num
1429 2560 1516 2602 justa
1537 2560 1576 2592 de
1593 2571 1698 2592 eausa.
1722 2560 1859 2592 Flamen
1876 2571 1935 2604 pro
1952 2560 2091 2604 impulsu
2108 2559 2153 2593 di·
