2310 2860
50 455 137 496 216
165 453 354 494 Arabicis
393 452 630 494 laetabatur
673 454 898 498 balatibus,

160 103 249 145 250

161 209 393 265 Philologia
431 207 590 250 ambita
629 206 764 249 Musis
804 222 851 249 ac
887 215 1024 248 matre
1061 207 1346 263 praeambula
1386 219 1645 265 corrogatur.

738 99 936 143 Martiani
973 99 1173 157 Capellae
1211 99 1364 142 lib.11.
1399 103 1428 154 ᾗ.
1452 100 1551 144 215.

1713 210 1813 262 Qua
1842 210 2117 269 ingrediente,

166 305 212 331 ac
245 290 374 332 Vesta
407 288 540 330 desim
571 289 736 331 nutrice
766 289 1049 345 ejusdemque
1084 287 1320 344 pedisequa
1349 303 1544 331 acerram
1574 291 1692 332 illam
1723 291 1884 333 olacem
1918 293 2118 334 aromatis

162 372 435 422 refundente,
481 372 618 412 omnis
655 371 726 414 ille
760 372 864 414 ordo
903 368 1157 412 coelicolum
1201 370 1415 425 portiones
1444 370 1522 412 sibi
1562 382 1844 429 competentes
1886 373 2119 415 attribuens

969 452 1136 495 Verum
1182 451 1325 507 virgo,
1372 461 1422 493 ut
1466 461 1526 493 est
1565 467 1641 508 per
1679 453 1822 495 omnia
1860 453 2118 503 verecunda,

161 534 256 574 licet
301 548 326 575 a
368 533 474 575 Jove
518 535 610 588 ejus
656 534 838 576 assidere
876 532 1057 576 confinio
1100 532 1346 587 juberetur,
1391 541 1534 574 tamen
1576 533 1635 573 ibi
1676 534 1814 589 potius
1844 534 2002 585 voluit,
2043 522 2147 574 ubi'

50 612 133 652 217
162 613 309 654 Musas
349 623 647 669 conspexerat,
693 614 865 657 admota
907 613 1089 657 Palladis
1128 615 1393 655 consortione
1442 614 1641 657 residere.

1723 616 1851 658 Tunc
1890 630 2121 672 exsurgens

162 695 333 751 virginis
365 705 501 737 mater
539 696 672 752 poscit
707 696 759 738 de
797 696 904 738 Jove
939 695 1194 752 superisque
1226 696 1405 748 cunctis,
1452 697 1511 737 uti
1541 697 1622 738 sub
1653 707 1880 754 conspectu
1911 698 2121 749 omnium,

160 777 375 833 quidquid
412 778 673 834 sponsalium
711 779 884 820 nomine
915 787 1250 835 praeparaverat
1278 776 1529 833 Majugena,
1570 778 1832 831 traderetur,
1863 794 1913 821 ac
1941 780 2122 822 demum

160 859 235 902 dos
276 874 300 902 a
332 861 494 916 virgine
524 875 609 902 non
648 859 830 914 deesset3
874 870 1064 916 tuncque
1102 859 1269 901 tabulas
1313 875 1361 901 ac
1390 860 1565 916 Papiam
1605 861 1940 918 Poppaeamque
1983 861 2122 918 legem

240 968 353 1015 Vesta]
380 968 452 1002 MS.
473 969 593 1002 »Vesta
613 970 707 1001 deum
728 970 870 1003 nutrice«
889 970 1011 1011 habuit,
1033 971 1118 1003 unde

160 1032 263 1076 liquet
283 1038 315 1064 et
337 1033 530 1079 pedissequa
549 1032 797 1065 rescribendum.
832 1031 991 1065 Atti-ibuit
1012 1038 1119 1065 autem

159 1093 281 1126 Vestae
313 1106 428 1127 munus
459 1094 561 1126 thuris
596 1094 824 1134 distribuendi,
861 1094 949 1138 quod
975 1106 1012 1126 ea
1036 1093 1118 1126 focis

160 1156 287 1199 arisque
319 1156 362 1188 sit
388 1157 557 1201 praefecta.
577 1155 682 1188 Gnor.
697 1175 746 1181 —
767 1155 870 1188 Vesta
900 1155 1011 1188 eadem
1035 1166 1117 1199 quae

158 1219 284 1261 Tellus,
311 1225 407 1263 atque
423 1220 502 1252 haec
519 1219 652 1252 deorum
672 1225 773 1252 mater
794 1218 899 1264 (Serv.
919 1220 959 1251 ad
979 1218 1065 1252 Aen.
1082 1221 1116 1260 7,

159 1281 256 1324 156).
293 1281 477 1329 Pedisequa
503 1287 610 1314 autem
635 1281 766 1314 Cortius
798 1281 893 1313 etiam
922 1293 939 1313 e
968 1281 1114 1314 Guelfer-

157 1344 277 1387 bytano
300 1345 438 1386 notarit,
464 1356 561 1388 quare
582 1356 640 1389 pro
670 1345 789 1378 Vestae
808 1346 930 1377 nutrici
953 1350 985 1376 et
1010 1345 1115 1388 pedis-

157 1419 295 1456 sequae,
326 1413 362 1439 ut
380 1408 513 1441 Grotius
531 1408 690 1449 ediderat,
715 1409 847 1453 reposui
867 1409 969 1440 Vesta
989 1410 1115 1441 nutrice

157 1477 189 1503 et
207 1472 405 1519 pedisequa,
434 1477 466 1503 et
489 1484 506 1503 e
537 1472 721 1504 Basileensi
747 1472 856 1505 codice
884 1473 1026 1517 ejusdem
1056 1483 1114 1517 pro

156 1533 329 1580 eidemque.
367 1533 407 1566 In
438 1533 687 1565 Darmstattcnsi
718 1546 736 1566 a
766 1534 868 1578 prima
903 1547 997 1566 mauu
1027 1540 1114 1567 recte

157 1597 309 1641 scriptum
327 1603 394 1629 erat
414 1599 540 1630 nutrice
560 1603 593 1629 et
612 1598 803 1645 pedisequa,
826 1598 885 1629 sed
906 1598 1021 1630 deiude
1042 1610 1113 1641 per-

158 1672 264 1704 peram
303 1665 490 1692 corrcctum.
530 1660 580 1691 De
613 1660 715 1692 Vesta
750 1660 844 1692 Jovis
872 1661 994 1693 nutrice
1021 1661 1114 1705 plura

159 1724 279 1755 dabunt
303 1722 491 1754 Lactantius
513 1723 567 1767 (1,
593 1722 654 1767 14)
672 1728 704 1755 et
723 1721 876 1755 Albricns
902 1724 1114 1768 philosophus

159 1785 231 1827 (17.
252 1798 282 1829 p.
301 1784 375 1818 519
391 1783 546 1827 Munck.),
571 1784 627 1828 qui
645 1789 749 1817 tamen
770 1785 970 1817 reconditum
986 1785 1114 1818 fabulae

160 1857 287 1877 sensum
321 1857 434 1890 capere
475 1857 541 1877 non
575 1851 757 1889 potuerunt.
811 1846 898 1879 Sane
929 1848 1115 1891 purificatur

158 1912 230 1951 igne
253 1914 324 1948 aer,
366 1920 469 1953 eoque
496 1909 532 1939 fit
557 1914 593 1940 ut
621 1911 730 1942 aether
755 1910 922 1956 (Jupiter)
946 1912 1113 1944 nutriatur.

234 1971 403 2018 Arabicis]
431 1971 553 2004 Confer
578 1972 618 2003 ad
647 1973 732 2005 hunc
753 1973 860 2005 locum
883 1973 1113 2017 Spanhemium

159 2036 216 2079 (de
243 2041 359 2081 praest.
384 2035 530 2067 numism.
554 2034 579 2068 Ῑ.
607 2048 637 2079 p.
662 2035 755 2080 554)
781 2041 814 2068 et
839 2037 985 2068 laudatos
1012 2037 1050 2068 ab
1074 2049 1112 2069 eo

161 2104 317 2138 auctores,
340 2098 455 2141 quibus
474 2097 553 2129 adde
569 2097 742 2130 Maximum
764 2097 896 2142 Tyrium
912 2099 960 2142 (4,
977 2099 1011 2130 4.
1027 2098 1065 2130 Τ.
1084 2098 1111 2132 1.

159 2173 190 2204 p.
212 2161 258 2192 55
279 2158 421 2202 Reisk.)‚
446 2159 608 2190 Tibullum
628 2159 677 2202 (2,
701 2159 736 2200 2,
759 2160 793 2192 5.
812 2160 848 2200 4,
870 2160 905 2200 2,
931 2159 1006 2203 18),
1030 2161 1112 2191 Pro-

160 2221 296 2265 pertium
322 2221 376 2264 (2,
408 2220 473 2260 22,
505 2221 559 2251 17.
585 2222 626 2260 5,
654 2221 716 2261 11,
744 2221 804 2265 8),
829 2221 1031 2254 Lactantium
1053 2221 1112 2266 (de

160 2286 283 2318 Phoen.
311 2284 374 2324 79,
410 2282 487 2326 18),
525 2289 557 2314 et
580 2282 786 2316 sirmondum
808 2284 867 2329 (ad
891 2284 1035 2329 Apollin.
1061 2285 1112 2319 Si-

160 2348 233 2379 don.
255 2359 288 2390 p.
309 2344 404 2389 148).
423 2344 641 2377 Tertullianus
662 2345 802 2389 (apolog.
821 2347 884 2390 50)
908 2353 980 2379 tura
997 2349 1113 2380 Arabi-

167 2421 215 2440 «σε
239 2407 361 2439 arboris
383 2407 538 2450 lacrymas
558 2405 708 2450 appellat.

241 2469 379 2515 tabulas]
404 2469 572 2513 Nuptiales
596 2469 754 2503 nimirum.
780 2469 901 2503 Confer
914 2471 1116 2505 Brissonium

166 2534 222 2577 (de
245 2533 334 2565 form.
358 2533 399 2573 6,
433 2531 513 2564 124.
544 2543 574 2575 p.
599 2531 672 2564 515
706 2530 819 2576 518),
858 2537 890 2565 et
917 2531 1116 2579 Appulejum

1170 971 1258 1014 (met.
1276 969 1301 1001 4
1328 980 1360 1014 p.
1383 969 1456 1002 295
1481 968 1582 1012 oud.)
1606 968 1715 1013 ibique
1736 975 1862 1010 notata,
1886 974 1919 1001 et
1936 969 2018 1002 adde
2040 981 2123 1014 quae

1170 1033 1410 1078 Quinctilianus
1434 1033 1487 1077 (3,
1518 1035 1572 1064 11.
1604 1046 1633 1077 p.
1651 1033 1744 1077 504)
1765 1045 1782 1065 e
1806 1033 1964 1066 Cicerone
1988 1033 2028 1066 de
2055 1045 2121 1066 non

1168 1107 1229 1128 usu
1253 1095 1432 1130 tabularum
1456 1094 1489 1125 in
1517 1095 1683 1138 probando
1708 1094 1908 1127 matrimonio
1935 1096 2034 1127 affert.

1240 1153 1505 1204 Poppaeamque]
1535 1156 1665 1200 Popaea
1691 1156 1745 1187 lex
1771 1156 1810 1188 ab
1828 1155 1997 1199 Augusto,
2025 1156 2120 1189 Coss.

1167 1219 1425 1257 extraordinariis
1448 1218 1493 1250 M.
1520 1217 1624 1262 Papio
1647 1217 1763 1250 Mutilo
1788 1223 1821 1250 et
1838 1218 1880 1261 Q.
1903 1218 2036 1261 Popaeo
2060 1217 2121 1250 Sc-

1167 1282 1283 1315 cundo.
1310 1282 1395 1315 Vide
1420 1281 1568 1313 Blonem.
1594 1280 1718 1312 Eadem
1743 1286 1775 1312 et
1792 1280 1882 1312 «Iulia
1905 1280 2009 1322 dicta,
2034 1280 2123 1325 quod

1164 1344 1335 1387 Augustus
1361 1357 1396 1377 se
1423 1345 1457 1378 in
1483 1356 1520 1376 ea
1551 1344 1683 1376 ferenda
1713 1355 1731 1376 a
1761 1343 1825 1375 divi
1853 1343 1935 1376 Julii
1963 1355 2121 1376 commen·

1165 1409 1255 1440 tariis
1281 1409 1430 1441 edoctum
1458 1407 1671 1453 profiteretur.
1707 1406 1788 1450 Agit
1810 1408 1889 1439 haec
1915 1407 1969 1439 lex
1997 1411 2123 1451 praeter

1166 1470 1228 1502 alia
1250 1470 1349 1502 multa
1374 1471 1414 1502 de
1434 1469 1509 1502 dote
1528 1481 1594 1502 non
1614 1469 1797 1510 alienanda,
1821 1468 1909 1513 quod
1929 1473 2025 1512 caput
2041 1468 2122 1509 legis

1165 1535 1228 1567 huc
1250 1534 1398 1578 pertinet.
1416 1532 1520 1566 Gnor.
1535 1553 1583 1559 —
1605 1533 1644 1565 In
1667 1533 1829 1565 vossiano
1853 1532 1964 1564 codiee
1987 1537 2039 1563 est
2059 1531 2122 1563 Po-

1163 1609 1341 1643 peamqne3
1367 1596 1436 1627 sine
1459 1596 1522 1627 ulla
1539 1595 1749 1627 haesitatione
1767 1594 2024 1627 substituendum
2038 1594 2121 1638 Pop·

1163 1671 1350 1706 paeamque.
1387 1659 1426 1691 Id
1440 1659 1508 1701 jam
1527 1659 1605 1690 vidit
1629 1658 1780 1700 Grotius,
1808 1671 1903 1702 quem
1925 1663 2054 1690 secutus
2072 1662 2122 1689 est

1164 1720 1206 1766 (Ἰ)
1232 1721 1439 1753 Burmannus
1469 1721 1510 1752 ad
1534 1719 1727 1753 Suetonium
1755 1719 1871 1753 Claud.
1895 1719 1943 1752 25
1968 1725 2001 1750 et
2023 1718 2122 1751 Wie-

1164 1784 1282 1826 lingius
1310 1784 1383 1816 leet.
1409 1784 1494 1826 juris
1521 1784 1603 1817 civil.
1625 1784 1666 1824 2,
1693 1784 1753 1816 52.
1780 1796 1814 1828 p.
1830 1783 1915 1815 262.
1935 1781 2123 1826 Aliquando

1165 1852 1270 1877 autem
1291 1847 1371 1878 haee
1391 1846 1521 1877 nomina
1546 1858 1564 1877 a
1587 1845 1725 1877 librariis
1746 1857 1818 1878 esse
1841 1845 1975 1878 confusa
1996 1844 2123 1878 ostendi

1166 1910 1324 1953 superius.
1338 1908 1463 1940 Arma-z.
1477 1909 1580 1952 (misc.
1598 1921 1628 1952 p.
1640 1908 1737 1952 214).
1751 1927 1798 1932 -
1814 1908 1925 1950 Vulgo
1944 1908 2029 1940 enim
2051 1919 2121 1952 per-

1164 1985 1274 2016 peram
1304 1973 1550 2019 Pompeamque.
1588 1972 1728 2005 Codices
1757 1972 1886 2016 quidem
1909 1972 2122 2005 Monacenses

1163 2033 1217 2076 (B.
1235 2034 1274 2067 C.
1288 2034 1329 2065 D.
1344 2034 1385 2066 Ε.
1402 2034 1458 2078 G),
1479 2035 1770 2076 Reiehenauensis,
1791 2033 2072 2073 Darmstattenfis,
2089 2038 2123 2065 et

1163 2094 1335 2136 Bongarsii
1355 2096 1561 2143 Popeamque
1579 2096 1741 2137 exhibent,
1763 2107 1834 2128 cum
1851 2096 1967 2140 quihus
1986 2093 2120 2127 Grotius

1164 2159 1258 2191 etiam
1278 2158 1535 2201 orthographiam
1557 2159 1709 2202 corrupit,
1732 2158 1818 2202 quod
1837 2156 2034 2190 Arntzenius
2054 2167 2120 2188 non

1163 2221 1253 2260 vidit,
1270 2220 1340 2263 ipse
1356 2225 1462 2251 tamen
1482 2219 1645 2251 meliorem
1667 2218 1872 2262 scriptionem
1890 2217 1997 2250 attulit
2013 2229 2031 2249 e
2050 2218 2118 2250 fon-

1163 2285 1249 2316 tibus
1264 2282 1354 2327 ipsis,
1374 2283 1490 2326 quihus
1509 2283 1590 2315 adde
1602 2283 1748 2314 Tacitum
1763 2281 1848 2325 (hist.
1858 2282 1894 2322 5,
1911 2281 1960 2313 25
1975 2286 2007 2313 et
2022 2282 2070 2314 28
2088 2287 2121 2314 et

1166 2347 1271 2380 annal.
1294 2348 1334 2387 5,
1362 2346 1429 2389 25)
1456 2352 1488 2378 et
1517 2345 1629 2378 confer
1659 2344 1877 2387 Augustinum
1910 2344 1963 2389 (de
1994 2345 2121 2387 legilms

1164 2410 1197 2442 in
1221 2408 1352 2441 Graevii
1378 2409 1528 2440 thesauro
1547 2407 1592 2441 Π.
1613 2419 1644 2452 p.
1671 2406 1796 2451 1241),
1821 2407 2024 2451 Dionemque
2048 2407 2119 2451 (54.

1167 2486 1198 2519 p.
1218 2471 1317 2515 551).

1239 2530 1354 2578 leqem]
1380 2531 1454 2564 Jam
1474 2543 1571 2576 supra
1595 2529 1638 2576 (ἓ.
1654 2531 1717 2576 96)
1738 2530 1874 2564 finxerat
1891 2536 2022 2564 senatus
2045 2541 2117 2562 con-
