2310 2860
89 371 146 412 85
176 373 287 414 Juno
327 373 538 414 cernebat.

176 187 263 229 124

177 293 499 334 adversitatibus
536 301 828 348 praeparatus.

178 480 300 524 paverit
315 480 473 512 Hercules
498 480 723 521 adversitates3
751 481 807 512 sed
826 481 912 525 ipsas
934 479 1013 511 dixit
1036 491 1132 523 expa-

178 544 313 584 vendas,
339 548 450 587 utpote
473 544 642 584 maximas,
675 545 895 584 saevissimas,
921 544 960 575 ad
984 555 1064 586 quas
1086 548 1131 573 ta-

175 617 248 637 men
268 605 322 636 ille
351 606 429 637 bene
454 612 667 648 praeparatus
695 606 874 637 accesserit.
909 606 975 636 Pro
997 615 1131 648 praepa-

170 673 262 699 ratus
295 666 492 697 Dresdensis
526 667 627 698 codex
660 665 765 699 habet*
780 673 930 711 paratus,
961 665 1017 697 sed
1040 677 1131 709 prae-

170 728 229 759 tuli
262 727 490 771 compositum,
528 739 592 772 quo
625 733 736 760 noster
769 740 863 773 saepe
899 740 957 772 pro
996 727 1132 771 simplici

172 792 280 823 utitur.

246 854 393 900 lacertos]
420 856 632 888 Lacertosum
666 861 698 887 et
733 862 877 888 torosam
908 855 1083 887 Herculem
1109 865 1128 885 a

169 919 275 962 poetis
305 920 480 963 appellari,
514 921 719 951 Burmannus
748 920 802 963 (ad
829 919 924 952 Ovid.
954 919 999 953 V.
1023 918 1067 952 Π.
1092 930 1126 963 p.

170 981 280 1023 1023)
305 981 450 1024 pluribus
477 981 586 1013 docuit
608 981 775 1024 exemplis.

245 1046 410 1091 rictusque
436 1043 623 1090 Cleontteos]
644 1045 732 1076 Infra
756 1045 885 1088 quidem
906 1046 1006 1076 rietus
1029 1044 1129 1076 leonis

167 1105 265 1146 dixit,
301 1107 357 1138 sed
379 1107 457 1147 alio,
491 1107 524 1138 ni
548 1107 657 1147 fallor,
690 1107 802 1148 modo,
831 1119 925 1151 quam
950 1106 1001 1138 hic
1029 1106 1129 1137 rictus

168 1169 367 1209 Cleonaeos,
408 1182 425 1201 a
454 1170 547 1201 leone
579 1170 763 1210 Cleonaeo,
803 1170 859 1213 qui
890 1174 923 1201 et
949 1169 1128 1209 Nemaeus,

166 1233 258 1274 eujus
284 1233 406 1264 exuviis
430 1233 546 1263 ovabat
571 1233 743 1267 Hercules,
785 1232 840 1264 An
865 1244 940 1273 ergo
969 1232 1129 1264 amictus?

166 1305 206 1325 an
236 1296 337 1326 rictus
372 1299 421 1325 est
457 1289 697 1337 ἐπισκύνιον,
734 1299 770 1325 ut
805 1300 855 1325 est
881 1294 914 1324 in
947 1293 1128 1335 glossario?

162 1350 409 1390 Ἑπιόκύνιον
431 1366 507 1386 vcro
535 1355 726 1396 gener-alieri
752 1355 931 1396 significatu
956 1355 1050 1398 pellis
1076 1366 1127 1385 su-

165 1417 379 1460 perpenden5‚
405 1416 497 1459 quasi
521 1412 755 1459 ἑπισκύλιον,
785 1421 820 1447 ut
838 1416 951 1448 volunt
972 1416 1126 1459 etymolo-

164 1476 237 1518 gici.
258 1477 361 1510 Gnor.
385 1495 432 1500 —
460 1476 643 1509 Cleon-‘xeos
669 1477 767 1508 rictus
797 1477 852 1521 qui
876 1489 893 1508 a
919 1477 1019 1519 gloria
1044 1477 1126 1509 deri-

164 1546 254 1580 vant,
293 1552 353 1572 nae
381 1540 428 1570 illi
454 1551 528 1571 suae
553 1540 587 1571 in
610 1541 672 1572 hoe
694 1552 810 1582 genere
839 1541 1016 1572 litterarum
1037 1541 1125 1573 incu-

163 1603 240 1634 riosi
272 1609 358 1636 sunt.
394 1603 455 1633 Est
478 1603 561 1634 enim
582 1602 635 1634 leo
662 1603 717 1634 ille
740 1603 844 1634 dictus
877 1615 895 1634 a
921 1604 993 1635 loco
1027 1603 1124 1636 Cleo-

163 1675 283 1703 naeus,
309 1664 343 1695 in
371 1675 435 1706 quo
468 1664 508 1694 ab
539 1663 681 1696 Hercule
713 1663 856 1695 devictus
876 1670 933 1696 est.
968 1664 1124 1697 Valerius

162 1725 297 1757 Flaccus
322 1724 379 1757 lib.
407 1725 447 1756 1:

218 1786 453 1819 —nCIeonaeo
467 1787 538 1831 jam
568 1791 711 1830 tempora
732 1787 860 1819 clausus
880 1788 972 1820 hiatu

216 1850 364 1882 Alcides«
381 1869 429 1874 —

164 1912 311 1945 Vestitus
336 1911 420 1944 enim
442 1910 537 1955 pellis
558 1910 689 1943 leonina
709 1917 776 1944 erat
797 1911 944 1948 Herculi.
971 1912 1122 1947 Lucanus

162 1977 217 2011 lib.
243 1976 285 2008 4:

219 2039 298 2071 nllle
324 2039 476 2071 Cleonaei
499 2038 633 2082 projecit
655 2043 746 2083 ter-qa
768 2039 892 2079 leonis,

211 2100 362 2132 Antaeus
384 2100 522 2142 Libyci.-

164 2162 331 2195 Ausonius
356 2162 475 2206 Eidyll.
498 2161 562 2193 19:

225 2225 357 2258 »Prima
382 2225 534 2258 Cleonaei
553 2224 690 2257 tolerata
712 2235 868 2257 aet-emma
892 2225 1021 2258 leoni-m

165 2287 255 2323 Idem
278 2288 333 2320 lib.
358 2289 380 2320 5
403 2288 500 2332 epigr.
525 2289 593 2320 75:

223 2352 333 2383 »Rura
355 2349 513 2382 Cleonaeo
538 2352 708 2397 nunquam
729 2355 885 2383 temerata
907 2352 1023 2384 leonem¹

167 2414 326 2457 Ejusdem
358 2412 570 2445 meminerunt
605 2413 802 2446 Claudianus
835 2415 853 2447 1
887 2415 921 2447 in
950 2415 1061 2450 Ruflu.
1090 2421 1123 2448 et

167 2475 336 2520 Papinius.
354 2474 479 2506 BAn‘rn.
501 2474 587 2517 (adv.
608 2486 639 2518 p.
658 2475 754 2507 1256
777 2481 808 2507 et
831 2476 954 2520 1508).

245 2537 341 2582 limis]
363 2536 417 2570 Sc.
441 2536 561 2577 oculis,
590 2542 626 2568 ut
647 2538 731 2581 apud
755 2539 940 2572 Terentium
963 2540 1124 2585 (Eunuch.

173 2597 208 2631 5.
230 2597 263 2630 5.
280 2599 355 2639 55)=
380 2610 456 2639 »ego
477 2599 561 2632 limis
583 2604 731 2644 specto«,
756 2599 832 2633 licet
854 2614 913 2647 pro
932 2603 1126 2637 nominativo

763 182 962 225 Martiani
1000 180 1201 238 Capellae
1236 180 1308 222 lib.
1339 181 1372 223 I.
1411 184 1443 233 ᾗ.
1463 182 1536 223 84.

895 289 979 332 Sed
1010 289 1100 343 ejus
1130 287 1261 329 miros
1292 287 1468 328 lacertos
1506 288 1724 344 rictusque
1755 289 1985 331 Cleonaeos
2015 289 2128 332 limis

598 373 715 423 Quin
745 373 854 414 inter
884 387 953 413 eos
984 370 1257 412 decernentes
1286 368 1491 409 feminae:
1518 383 1706 423 quarum
1739 385 1827 411 una
1863 372 1981 426 virgo
2018 372 2132 413 sere-

1183 476 1278 509 etiam
1298 475 1396 519 accipi
1416 474 1534 519 possit,
1558 479 1593 506 ut
1613 476 1695 519 apud
1713 475 1917 509 Ammianum
1935 483 1983 509 est
2001 478 2073 522 (20.
2095 477 2133 522 9)

1189 541 1334 571 »Ιίηιίὺιιε
1365 539 1496 570 oeulis«
1536 538 1632 572 Multi
1663 540 1790 582 quidem
1818 541 1944 573 codices
1972 554 1990 573 a
2011 541 2134 582 vulgari

1181 605 1240 635 hae
1266 603 1404 635 lectione
1440 603 1594 634 recedunt
1624 608 1655 634 et
1684 604 1826 636 sublimis
1850 606 2064 645 substituunt,
2097 610 2134 636 ut

1181 666 1352 698 Leidensis
1386 666 1536 708 (Munelt.
1570 667 1609 697 ad
1639 666 1723 710 Hyg.
1749 680 1782 711 p.
1809 668 1852 699 71
1887 679 1911 699 S.
1938 671 1984 701 85
2009 667 2132 712 Stmn),

1181 727 1398 767 Basileensis,
1423 728 1704 768 Darmstattensis,
1728 728 1943 769 Bodlejanus,
1970 730 2132 761 Dresden-

1182 789 1242 830 sis,
1268 789 1454 830 Ilugianus,
1478 794 1510 820 et
1532 789 1616 820 inter
1633 790 1846 821 Monacenses
1869 790 1932 820 duo
1953 790 1995 833 (C
2018 796 2050 822 et
2070 790 2133 835 G),

1180 851 1266 882 unde
1285 856 1318 882 et
1342 850 1484 882 Goezius
1505 851 1648 882 sublimis
1673 851 1787 892 edidit,
1815 849 1872 882 sed
1891 863 1985 883 nemo
2008 851 2134 893 ignorat

1181 919 1300 959 quanto
1321 914 1496 946 Herculem
1521 914 1594 946 odio
1618 919 1788 958 prosecuta
1810 914 1851 945 sit
1870 914 1959 946 Juno
1981 920 2013 946 et
2034 927 2132 958 quan-

1180 982 1289 1020 topere
1314 976 1344 1008 ei
1362 975 1511 1007 inviderit
1536 976 1683 1020 (llesiod.
1705 977 1812 1017 theog.
1832 977 1915 1008 515.
1943 975 2037 1007 Ovid.
2063 977 2134 1011 her.

1181 1042 1215 1081 9,
1235 1042 1269 1081 8,
1297 1041 1360 1080 113
1396 1046 1469 1071 met.
1487 1041 1520 1079 9,
1548 1040 1630 1071 256.
1661 1040 1758 1083 260),
1779 1039 1822 1070 ita
1848 1045 1880 1070 ut
1898 1051 2054 1071 novercae
2076 1051 2132 1071 no-

1179 1114 1253 1134 men
1271 1101 1423 1133 meruerit
1445 1101 1519 1145 (Sil.
1538 1101 1572 1141 2,
1591 1101 1674 1132 478.
1697 1102 1732 1141 5,
1757 1101 1835 1144 91),
1863 1113 1943 1144 quae
1963 1112 2061 1144 quum
2075 1101 2132 1131 mi-

1178 1175 1245 1194 ram
1268 1163 1420 1194 Herculis
1445 1162 1583 1206 speeiem
1604 1162 1742 1202 videret,
1777 1163 1921 1206 profecto
1948 1162 2062 1194 melius
2095 1163 2132 1193 li-

1178 1229 1237 1258 mis
1257 1238 1387 1258 cernere
1410 1225 1472 1257 diei
1493 1238 1511 1257 a
1532 1225 1690 1257 Martiano
1710 1226 1831 1269 potuit,
1860 1238 1955 1269 quam
1976 1227 2133 1265 sublimis,

1179 1288 1265 1332 quod
1286 1287 1377 1318 nihili
1399 1288 1459 1319 hoc
1484 1287 1557 1319 loco
1583 1292 1616 1318 et
1647 1286 1817 1318 admodum
1841 1287 1992 1328 frigidum
2015 1298 2132 1328 cogno-

1177 1361 1251 1381 men
1272 1349 1396 1380 suisset.

1250 1414 1330 1459 quin
1351 1410 1454 1456 inter]
1488 1410 1527 1443 Si
1552 1410 1624 1454 quis
1648 1410 1811 1442 literarum
1836 1411 2078 1455 transpositioni
2100 1416 2134 1443 et

1178 1473 1340 1505 audaciori
1374 1473 1576 1515 conjecturae
1596 1472 1704 1513 loeus,
1738 1471 1893 1514 legeremt
1924 1472 2133 1516 »Sequuntur

1178 1548 1234 1568 eos
1257 1537 1408 1569 decentes
1431 1536 1599 1570 seminam«
1629 1535 1821 1583 Sequuntur
1843 1547 1882 1567 ex
1903 1536 2132 1567 elementorum

1177 1597 1393 1641 μεταθέσει.
1435 1598 1596 1628 Decentes
1626 1608 1702 1628 vero
1735 1608 1773 1627 eo
1803 1597 1917 1637 modo,
1946 1608 2009 1639 quo
2035 1608 2131 1641 saepe

1175 1659 1210 1689 in
1243 1658 1314 1691 MS.
1340 1659 1568 1690 descendentes
1595 1669 1653 1701 pro
1681 1658 1851 1697 decentes,
1882 1659 2131 1691 conscendentes

1175 1733 1233 1764 pro
1256 1723 1465 1754 concedentes
1491 1721 1687 1762 invenimus,
1718 1722 1805 1765 quod
1828 1726 1860 1753 et
1888 1733 1947 1763 ego
1977 1733 2073 1765 saepe
2096 1722 2132 1753 in

1174 1784 1325 1815 martiani
1346 1785 1516 1816 collatione
1535 1790 1687 1828 expertus
1708 1796 1789 1816 sum.
1805 1785 1908 1817 GnoT„
1920 1805 1967 1809 —
1981 1785 2020 1816 In
2039 1785 2132 1816 libris

1174 1847 1302 1891 seriptis
1322 1848 1402 1879 nihil
1417 1849 1538 1891 reperi,
1564 1847 1652 1890 quod
1671 1846 1838 1891 interpreti
1854 1834 2037 1890 adjumento
2059 1859 2131 1881 esse

1173 1911 1293 1955 possit,
1323 1911 1386 1943 nisi
1419 1911 1506 1954 quod
1538 1910 1804 1943 Darmstattensis
1838 1912 1941 1943 codex
1965 1915 2044 1959 quin
2071 1923 2130 1956 pro

1174 1974 1266 2020 quis,
1301 1972 1388 2015 quod
1415 1971 1448 2002 in
1475 1971 1568 2002 editis
1593 1971 1725 2013 legitur,
1758 1972 1859 2003 multo
1884 1973 1997 2005 melius
2022 1973 2130 2008 habet.

1174 2035 1331 2078 Quamvis
1357 2035 1443 2066 enim
1474 2034 1559 2066 inter
1590 2034 1717 2067 codices
1746 2036 1959 2068 Monacenses
1987 2043 2052 2068 tres
2076 2035 2129 2079 (B.

1173 2099 1215 2130 Ι).
1231 2098 1284 2142 Ε.)
1307 2103 1380 2128 ante
1401 2099 1473 2144 quis
1494 2097 1708 2142 copulativam
1725 2104 1756 2131 et
1779 2099 1915 2140 addant,
1939 2111 2005 2131 non
2024 2099 2130 2130 minus

1172 2166 1280 2193 tamen
1307 2161 1463 2192 obscurus
1488 2166 1596 2192 manet
1622 2162 1731 2203 loeus,
1763 2163 1819 2205 qui
1847 2162 1924 2194 licet
1948 2167 2130 2206 corruptus,

1172 2225 1260 2257 vario
1285 2229 1371 2256 certe
1396 2224 1492 2256 modo
1518 2225 1680 2257 emendari
1706 2229 1822 2268 potest,
1851 2225 2058 2270 Quapropter
2082 2225 2129 2257 ni-

1173 2289 1219 2320 hil
1251 2293 1418 2332 praeterea
1445 2287 1478 2319 in
1512 2294 1665 2320 contextu
1695 2288 1881 2319 mutandum
1905 2289 1997 2330 duxi,
2027 2289 2130 2321 donee

1174 2351 1301 2384 codices
1334 2351 1417 2382 forte
1453 2352 1652 2395 reperiantur
1688 2351 1820 2383 meliora
1852 2363 1911 2383 nos
1947 2352 2128 2385 edocentes.

1175 2416 1327 2448 Ceterum
1344 2415 1551 2446 decernentes
1566 2426 1624 2458 pro
1648 2416 1845 2446 certantibus
1866 2415 1996 2460 accipio.
2024 2416 2130 2448 Diana

1173 2477 1257 2510 enim
1284 2481 1316 2508 et
1344 2476 1458 2508 Venus
1487 2487 1620 2520 prorsus
1652 2476 1713 2507 sihi
1746 2481 1822 2508 sunt
1851 2478 2036 2509 contrariae.
2079 2477 2128 2509 Ita

1175 2540 1274 2571 onmis
1297 2539 1467 2570 decernere
1491 2537 1567 2569 dicit
1589 2537 1736 2579 Vellejus
1758 2538 1948 2570 Paterculus
1965 2539 2019 2583 (2,
2046 2540 2128 2570 118.

1177 2615 1207 2647 p.
1230 2602 1303 2635 560
1325 2601 1452 2646 Burm.)
1469 2600 1589 2646 pariter
1608 2606 1643 2632 ut
1662 2601 1818 2643 Virgilius
1841 2601 1935 2643 (Aen.
1960 2603 2020 2640 12,
2042 2597 2126 2641 709)
