2310 2860
114 1243 195 1283 >31¹1

227 140 318 180 640
773 133 973 174 Martiani
1005 131 1205 187 Capellae
1234 131 1306 172 lib.
1336 129 1454 172 VIII.
1485 132 1518 181 ᾗ.
1542 132 1640 171 81-2.

227 245 584 298 Athenarumque
624 241 779 282 urbem
823 241 948 295 longa
992 236 1306 293 intercapedine
1345 237 1603 288 restitutam,
1647 236 1790 277 nullae
1830 252 1899 278 me
1929 239 1969 279 in
2002 238 2181 279 Graecia

227 333 440 366 terrestres
479 321 724 372 illecebrae,
772 336 850 361 nee
889 321 1088 375 jactantes
1127 318 1378 359 crinitorum
1416 332 1563 373 scopas
1608 317 1798 373 palliolos
1834 332 1918 357 non
1958 318 2180 373 tegendam

228 405 365 460 potius
406 418 538 458 quam
580 401 885 457 divulgandam
929 401 1241 455 cognovissent!
1308 400 1547 453 Nunquam
1583 397 1771 453 profecto
1811 398 1968 438 itineris
2002 400 2182 440 rationes

228 485 476 540 reditusque
513 484 640 526 vestri
684 484 726 524 in
760 482 950 523 notitiam
995 481 1223 521 hominum
1265 495 1312 521 ac
1343 480 1591 521 mortalium
1623 494 1829 520 curarum
1861 480 2052 520 illuviem
2085 495 2184 535 per-

229 567 433 608 venirent.
495 565 579 606 Sed
612 565 815 620 quoniam
853 573 1074 617 utcunque
1098 563 1140 602 in
1165 562 1341 613 Grajam
1368 561 1555 601 notitiam
1591 560 1833 601 errabunda
1866 560 2064 615 perveni,
2094 559 2184 600 suf-

226 648 353 690 ficere
397 647 582 702 oportuit
625 645 836 700 quidquid
875 645 927 684 ab
969 642 1271 693 Eratosthene,
1322 642 1585 693 Ptolemaeo,
1636 642 1905 697 Hipparcho,
1950 641 2184 695 ceterisque.

228 730 475 784 vulgatum,
524 744 578 769 ne
634 743 703 768 me
753 728 865 768 ultra
911 725 1116 780 loquendi
1160 724 1384 765 necessitas
1430 725 1683 779 ingravaret.
1762 724 1930 764 Tamen
1970 723 2072 778 quia
2116 722 2185 762 me

228 811 484 852 alumnantis
529 809 845 864 erudientisque
894 807 1075 862 Cyllenii
1119 808 1294 848 reticere
1342 821 1427 846 11011
1474 806 1677 860 permittit
1707 805 1918 856 officium,
1965 805 2184 859 nostrique

227 890 355 932 studii
392 899 549 931 secreta
589 889 826 930 discludere
864 889 1045 930 sollertia
1079 902 1252 942 quoque
1292 885 1488 927 nubentis
1519 886 1686 938 invitat3
1737 886 1853 942 apud
1897 887 1994 938 vos,
2041 887 2185 941 superi

231 971 533 1026 coelestesque,
580 971 656 1026 qui
684 980 823 1013 vestra
853 970 1121 1012 recensebitis
1150 968 1366 1018 meacula,
1397 981 1482 1007 non
1514 965 1671 1006 tacebo.

1033 1136 1111 1176 DE

1155 1135 1387 1177 MUNDO.

399 1242 588 1284 Mundus
614 1242 760 1298 igitur,
792 1258 843 1283 ex
871 1251 1057 1298 quatuor
1081 1241 1296 1282 elementis
1320 1240 1559 1296 iisdemque
1585 1241 1678 1281 totis
1702 1241 1744 1281 in
1773 1240 1981 1296 sphaerae
2004 1240 2182 1281 modum

232 1376 431 1407 Athenarum
460 1376 647 1420 antiquitate
681 1388 784 1408 sermo
808 1382 874 1417 est,
905 1388 987 1420 quae
1009 1376 1061 1407 vel
1083 1375 1184 1419 ipsam

231 1437 414 1481 Aegyptum
437 1444 552 1481 aequet
574 1450 763 1483 omnemque
787 1438 977 1470 diluviorum
1003 1437 1186 1468 memoriam

227 1502 326 1543 longe
355 1507 499 1544 superet,
538 1502 614 1533 licet
645 1514 712 1534 non
741 1503 854 1534 eodem
886 1514 950 1546 qno
976 1507 1089 1545 postea
1114 1500 1186 1531 loeo

232 1565 289 1596 sed
314 1566 345 1596 in
365 1565 502 1597 Boeotia
525 1565 564 1596 ad
587 1566 764 1610 Copaidem
784 1567 888 1598 laeum
913 1566 993 1597 sitae
1015 1565 1116 1596 fnisse
1141 1563 1187 1594 ‹li-

232 1632 359 1667 cantur,
385 1627 439 1658 uhi
469 1640 566 1670 quum
590 1627 704 1670 Ogyge
728 1639 802 1668 rege
831 1627 950 1658 diluvio
980 1629 1113 1658 haustae
1139 1636 1186 1656 es-

233 1697 320 1730 sent,
354 1696 428 1734 post
459 1691 590 1732 longum
620 1691 772 1734 temporis
799 1690 999 1721 intervallum
1023 1689 1187 1719 restitutas

233 1766 305 1784 esse
328 1755 456 1784 tradunt
480 1754 575 1796 (conf.
598 1753 715 1785 Strabo
735 1755 774 1794 9,
804 1766 834 1797 p.
853 1755 925 1785 407
953 1754 1027 1785 Cas.
1046 1753 1186 1783 Pausan-

233 1818 274 1850 9..
305 1817 369 1855 ⁶24,
403 1818 435 1847 2.
469 1817 588 1847 Melici·
617 1817 771 1851 Orchom.
807 1830 837 1860 p.
859 1817 929 1848 129
958 1816 1047 1859 seq).
1088 1814 1187 1858 Quod

233 1878 330 1919 igitur
353 1878 431 1908 alios
457 1878 563 1919 legere
591 1878 623 1909 in
650 1878 783 1920 margini
810 1878 943 1910 Grotius
970 1876 1094 1909 notavit
1122 1888 1188 1907 ma-

234 1949 399 1974 κωκυ-11111
423 1954 481 1985 pro
506 1943 727 1981 Albense-um,
758 1942 847 1972 nihili
871 1954 941 1973 esse
963 1947 1060 1985 patet.

306 2005 493 2035 crinitorum
516 2003 646 2048 scopas]
673 2005 786 2035 Forte:
813 2016 888 2035 »nee
911 2004 1069 2045 jactantes
1095 2002 1187 2034 erini-

236 2075 339 2099 torum
358 2080 472 2110 scopae
496 2067 634 2110 palliolis
660 2080 723 2098 non
748 2068 933 2109 tegendam«
961 2073 1020 2098 etc.
1047 2067 1187 2107 Utinam,

234 2131 354 2175 inquit,
383 2142 422 2161 ne
450 2136 523 2173 post
539 2131 689 2161 diluvium
711 2131 838 2174 quidem
856 2131 962 2162 nullae
980 2143 1029 2162 me
1047 2131 1187 2174 philoso-

235 2197 370 2239 phorum
387 2194 481 2237 (qnos
504 2193 633 2224 crinitos
651 2194 810 2234 eleganter
829 2194 935 2238 vocat)
954 2194 1188 2237 speculationes

237 2273 294 2292 sen
313 2262 507 2291 theoremata
532 2256 701 2303 (σκοπαὶ)
724 2261 947 2301 cognovissent
966 2260 1189 2301 divulgandam

236 2323 344 2367 potius
372 2334 465 2366 qnam
492 2321 631 2365 palliolis
654 2321 787 2364 (quibus
820 2323 991 2353 utebantur
1016 2320 1189 2365 sapientes)

238 2389 417 2431 tegendam.
437 2388 605 2419 GROT.-—
645 2386 767 2417 Locum
804 2386 1077 2429 impeditissimum
1111 2385 1190 2416 inte-

239 2463 328 2490 grum
355 2462 479 2480 servare
501 2460 595 2493 quam
611 2448 797 2489 corrigendo
824 2448 916 2479 eliam
941 2447 1040 2489 magis
1063 2447 1188 2477 turbare

240 2512 350 2551 malni,
377 2510 561 2555 praesertim
583 2522 679 2554 quum
703 2509 735 2540 in
757 2509 920 2540 codivihus
945 2510 1020 2540 nihil
1040 2507 1189 2551 praesidii

241 2574 295 2614 sit,
320 2573 381 2604 nisi
402 2572 487 2617 qnod
502 2571 766 2604 DarmstaUensis
789 2572 923 2615 leycnn'n
942 2577 974 2602 et
992 2569 1189 2614 divnlqnnda

1238 1375 1375 1406 exhibet.
1409 1374 1549 1406 Sensum
1571 1374 1687 1418 partim
1708 1374 1774 1416 jam
1798 1375 1961 1418 perspexit
1980 1375 2130 1416 Grotius,
2157 1375 2189 1407 111

1237 1448 1275 1468 οο
1301 1442 1423 1467 tantum
1447 1436 1573 1480 lapsus,
1602 1437 1688 1479 quod
1713 1437 1942 1480 dimdyandam
1964 1439 2071 1480 potins
2092 1449 2189 1485 qnam

1237 1499 1405 1542 tegendam
1430 1497 1525 1537 dixit,
1554 1510 1652 1541 quum
1680 1498 1858 1530 Martianus
1888 1500 2057 1542 teyendam
2082 1501 2188 1543 polius

1239 1572 1335 1607 quam
1356 1560 1587 1603 divulgandam
1606 1560 1699 1600 velit3
1728 1572 1824 1603 quare
1848 1561 1874 1591 si
1895 1560 1970 1604 quid
1989 1561 2189 1602 conjecturae

1238 1622 1394 1662 dandum,
1425 1622 1653 1665 eon!‹¹yendmn
1685 1621 1816 1663 legerim
1841 1634 1899 1666 pro
1924 1635 1989 1654 non
2012 1623 2189 1666 teqendam.

1314 1712 1449 1756 Grajam
1471 1710 1636 1755 notitiam]
1664 1711 1702 1742 In
1725 1712 1818 1742 editis
1842 1712 1983 1743 additum
2005 1720 2072 1744 erat
2090 1714 2186 1745 11011ιὶ-

1237 1787 1337 1814 num,
1361 1775 1400 1806 ad
1425 1776 1511 1819 quod
1535 1775 1684 1807 Grotius:
1712 1775 1810 1806 »ΠοΙο
1838 1776 2002 1807 hominum
2024 1789 2095 1808 01101
2116 1777 2188 1809 MS.

1237 1840 1338 1871 Error
1358 1851 1397 1870 ex
1413 1851 1451 1870 eo
1472 1845 1566 1870 natus
1585 1839 1671 1882 qnod
1691 1851 1786 1882 supra
1807 1842 1840 1870 in
1863 1842 2009 1872 notitiam
2030 1841 2190 1873 hominum

1238 1903 1379 1934 dixerit.«
1414 1902 1520 1933 Omisi
1540 1902 1637 1944 igitur
1663 1902 1748 1934 illam
1772 1915 1891 1936 vocem.

1314 1988 1477 2035 ‚neat-ula]
1504 1990 1606 2022 Recte
1631 1991 1676 2023 sic
1700 2003 1808 2033 margo
1828 1992 1983 2024 Grotiana
2009 1999 2041 2024 et
2065 1994 2190 2026 codices

1237 2054 1529 2093 Reielnmmuensis,
1546 2055 1822 2095 Darmstattensis,
1849 2062 1880 2087 et
1902 2057 2106 2089 Monacensis
2121 2057 2188 2100 (C).

1238 2119 1384 2151 Pessime
1408 2119 1442 2149 in
1470 2118 1563 2149 editis
1583 2124 1650 2150 erat
1675 2121 1841 2151 melae-ula.
1864 2119 2114 2162 Oudendorpius
2138 2121 2191 2163 (ad

1238 2180 1391 2224 Appulej.
1414 2180 1445 2220 l,
1474 2193 1503 2223 p.
1519 2180 1605 2224 807)
1629 2180 1722 2211 etiam
1746 2186 1863 2211 rectam
1889 2180 2058 2213 lectionem
2082 2182 2115 2213 in
2137 2194 2189 2214 ve-

1239 2241 1424 2274 tustissimis
1450 2241 1583 2285 reperiri
1608 2241 1770 2272 codicibus
1798 2246 1945 2275 testatur.

1315 2317 1490 2363 iisdemque
1505 2314 1591 2359 totis]
1620 2315 1694 2346 Huc
1710 2315 1847 2358 pertinet
1870 2316 1902 2347 in
1919 2316 2029 2360 primis
2045 2317 2191 2350 Platonis

1240 2381 1331 2412 loeus
1363 2380 1409 2422 (iu
1435 2379 1566 2410 Timaeo
1590 2391 1619 2422 p.
1636 2378 1713 2419 52):
1739 2378 1820 2412 τῶν
1844 2378 1884 2413 δὲ
1923 2378 1970 2425 δὴ
1997 2377 2192 2428 τεττάρων

1238 2438 1282 2476 ἓν
1304 2438 1397 2475 ὅλον
1423 2436 1584 2474 ἕκαστον
1616 2438 1774 2484 εἴληχεν
1804 2436 1828 2485 ἡ
1857 2439 1927 2475 τοῦ
1955 2437 2100 2485 κόσμου
2131 2440 2191 2478 σύ-

1240 2506 1390 2542 στασις·
1428 2502 1468 2537 ἐκ
1487 2498 1561 2547 γὰρ
1584 2497 1711 2546 πυρὸς
1733 2499 1882 2541 παντὸς
1902 2498 2046 2542 ὕδατός
2066 2515 2107 2538 τε
2127 2503 2186 2538 καὶ

1239 2565 1354 2614 ἀέρος
1377 2563 1435 2600 καὶ
1462 2564 1535 2611 γῆς
1556 2563 1791 2610 ξυνέστησεν
1814 2562 1935 2600 αὐτὸν
1956 2563 1977 2600 ὁ
1995 2564 2187 2607 ξυνιστὰς.
