2310 2860
115 391 200 432 678

116 1029 200 1071 679

235 127 323 171 552
802 122 1002 164 Martiani
1034 120 1233 177 Capellae
1271 120 1345 162 lib.
1373 120 1448 162 VI.
1488 122 1518 173 §.
1540 122 1637 163 678.

876 281 957 322 DE
996 279 1209 337 ARABIA
1247 278 1327 320 ET
1369 277 1555 319 SYRIA.

401 386 571 429 Verum
609 386 769 428 Arabia
803 386 988 427 tenditur
1020 400 1160 441 usque
1198 386 1251 426 ad
1289 385 1545 427 odoriferam
1591 399 1638 426 ac
1675 384 1852 427 divitem
1889 388 2070 436 terram}
2116 384 2190 426 sed

232 458 351 522 juxta
382 477 443 508 est
473 468 596 521 Syria
636 467 780 508 multis
819 466 1010 508 distincta
1045 467 1303 509 nominibus.
1360 468 1474 509 Nam
1517 476 1557 507 et
1585 467 1817 508 Palaestina
1849 476 1929 518 est,
1974 480 2060 520 qua
2092 481 2191 507 eon·

233 548 349 603 tingit
386 547 614 597 Arabiam,
662 558 700 589 et
737 548 920 599 Judaea,
969 557 1007 588 et
1045 547 1291 600 Phoenicia,
1340 557 1380 589 et
1424 556 1636 602 quantum
1679 547 1851 587 interior
1890 546 2073 587 habetur
2102 546 2192 587 Da·-

234 642 452 679 mascene,
491 628 531 668 in
571 628 792 669 meridiem
825 643 1002 682 vergens
1036 626 1293 681 Babylonia;
1344 642 1397 668 ex
1433 626 1584 668 eadem
1622 626 1927 682 Mesopotamia
1960 627 2068 667 inter
2102 626 2193 666 Eu·-

234 708 414 764 phraten
454 719 492 749 ct
530 710 699 764 Tigrin3
746 725 832 765 qua
871 725 973 751 vero
1013 709 1160 750 transit
1198 710 1400 750 Taurum
1442 718 1653 759 montem,
1696 707 1914 763 Sophene,
1957 707 2060 748 citra
2091 720 2192 764 vero

235 791 360 832 etiam
395 791 704 847 Commagene,
745 801 784 832 ct
816 792 928 833 ultra
967 791 1216 832 Armeniam
1250 789 1491 840 Adiabene,
1536 789 1710 844 Assyria
1748 798 1840 830 ante
1874 788 2005 840 dicta3
2051 796 2090 828 et
2120 786 2195 827 ubi

236 873 427 914 Ciliciam
469 874 648 929 attingit,
696 873 932 914 Antiochia.
993 872 1232 928 Longitudo
1273 873 1363 927 ejus
1402 871 1511 912 inter
1552 871 1744 912 Ciliciam
1780 881 1819 912 et
1851 871 2052 912 Arabiam
2087 882 2196 924 qua-

235 952 558 1008 dringentorum
600 954 863 1009 septuaginta
894 953 1077 994 millium
1112 969 1315 1010 passuum
1352 963 1431 1005 est3
1476 953 1652 994 latitudo
1684 963 1825 994 autem
1860 968 1883 994 a
1918 952 2111 993 Seleucia
2143 948 2197 991 ad

230 1033 436 1088 oppidum
462 1034 696 1089 Euphratis
718 1036 908 1090 Zeugma
933 1045 1102 1075 centum
1137 1035 1399 1089 septuaginta
1428 1034 1622 1088 quinque
1647 1034 1829 1075 millium
1860 1047 2078 1089 passuum.
2114 1032 2196 1072 Os-

234 1115 392 1155 tracine
423 1116 581 1156 Arabia
617 1116 781 1167 finitur,
832 1132 856 1157 a
897 1117 1061 1157 Pelusio
1100 1116 1315 1169 sexaginta
1356 1129 1429 1154 sex
1469 1114 1657 1153 millibus
1692 1127 1913 1167 passuum,
1970 1109 2198 1164 Apollonia

234 1195 491 1237 Palaestinae
522 1212 598 1252 per
630 1207 799 1238 centum
833 1197 1071 1251 octuaginta
1103 1205 1194 1236 octo
1227 1195 1356 1235 millia
1388 1208 1595 1250 passuum
1628 1192 1882 1247 procedens,
1925 1205 2057 1246 supra
2090 1189 2194 1230 Idu-

309 1302 439 1332 dz’vitem
463 1301 594 1346 terram]
629 1302 718 1343 Quid
743 1303 803 1333 sibi
830 1303 921 1341 velit,
951 1315 990 1333 cx
1014 1301 1121 1332 Plinio
1144 1301 1192 1343 (ὅ,

237 1362 299 1401 11,
331 1364 390 1405 12)
423 1363 602 1405 apparebit:
631 1363 740 1393 »Ultra
767 1363 972 1394 Pelusiacum
997 1362 1116 1393 Arabia
1144 1366 1194 1392 est

236 1423 275 1453 ad
300 1423 443 1454 Rubrum
471 1436 555 1455 mare
582 1424 745 1466 pertinens
771 1429 802 1454 ct
832 1425 1022 1455 odoriferam
1045 1424 1131 1454 illam
1157 1435 1193 1454 ac

236 1486 366 1518 divitem
384 1492 416 1518 et
434 1488 545 1518 beatae
560 1488 748 1528 cognomine
765 1488 928 1519 insulama·
963 1488 1085 1519 Confer
1104 1487 1192 1519 Stra-

233 1551 350 1581 bonem
375 1552 454 1594 (16,
477 1564 506 1594 p.
525 1552 610 1593 778)
637 1557 669 1582 et
687 1552 864 1582 Diodorum
888 1553 941 1594 (5,
962 1552 1021 1582 46.
1046 1550 1117 1592 47).

310 1626 375 1661 qua
399 1613 568 1658 continqit]
584 1615 633 1645 lta
650 1615 751 1646 codex
770 1614 962 1653 Grotianns,
985 1615 1080 1654 vulgo
1100 1625 1194 1660 quae.

309 1675 469 1721 Sophene]
499 1676 640 1718 Quidam
672 1676 799 1707 codices
816 1676 981 1718 Sophene,
1009 1676 1103 1708 male.
1128 1676 1193 1707 Lu-

235 1749 351 1770 canus:

286 1818 334 1823 ——
355 1818 403 1823 -—
420 1818 468 1823 —-
492 1801 552 1831 »Ec
577 1801 683 1831 dedita
706 1803 806 1832 sacris

284 1862 411 1893 Incerti
435 1862 565 1893 Judaea
590 1863 661 1900 dei,
688 1863 854 1908 mollisque
876 1861 1052 1905 Sophene«

239 1919 401 1952 GROT-—
433 1924 518 1956 Vide
549 1924 594 1955 ibi
628 1923 774 1955 Cortium
800 1924 859 1967 (ad
886 1925 1002 1957 Phar-s.
1029 1923 1070 1963 2,
1104 1923 1194 1963 5955

238 1995 269 2026 p.
284 1983 358 2015 286
384 1985 551 2028 VVeberi).

314 2045 470 2090 Zeugma]
498 2047 535 2077 Iu
560 2047 653 2078 editis
677 2048 817 2086 Zeuma,
843 2049 900 2079 sed
925 2054 1035 2079 eontra
1056 2047 1194 2091 reliquo-

240 2119 311 2138 rum
335 2109 525 2151 scriptorum
543 2110 707 2153 ipsiusque
727 2111 946 2152 originationis
965 2112 1196 2151 auctoritatem,

239 2182 320 2213 quae
353 2184 371 2203 a
401 2172 498 2203 fluvio
536 2179 633 2215 ponte
652 2175 785 2217 jnrzcto,
821 2174 1060 2221 ἐζευγμένῳ,
1102 2176 1197 2207 ducta

240 2237 301 2263 est.
337 2231 458 2263 Confer
486 2233 694 2266 Plutarchum
719 2235 764 2278 (in
793 2237 911 2268 Crasso
937 2250 968 2280 p.
990 2237 1072 2268 554.
1100 2236 1197 2279 561),

241 2292 434 2325 Strabonem
465 2293 551 2336 (14,
586 2307 619 2337 p.
644 2296 734 2335 (3643
776 2298 837 2336 18,
867 2310 898 2341 p.
924 2298 995 2329 75ss
1023 2298 1198 2341 Casaub.),

240 2354 372 2385 Florum
402 2355 463 2397 (5,
499 2354 581 2397 11),
615 2360 647 2386 et
679 2367 761 2398 quos
794 2357 901 2389 laudat
928 2359 1117 2391 Ilarduinus
1146 2359 1200 2403 (ad

242 2417 383 2449 Plinium
407 2419 446 2458 5,
472 2418 538 2458 24,
561 2418 632 2461 221).

318 2486 449 2513 centnm
469 2480 688 2527 septuaqinta]
714 2483 876 2517 Revocavi
891 2486 1062 2519 lectionem
1081 2499 1098 2519 a
1118 2486 1200 2519 Gro-

245 2544 288 2575 tio
313 2544 346 2576 in
369 2544 510 2588 margine
538 2551 697 2588 notatam,
723 2552 758 2580 ut
781 2554 891 2581 noster
917 2561 987 2583 cum
1014 2550 1121 2587 Plinio
1147 2551 1202 2597 (5,

1246 1300 1309 1339 12,
1344 1300 1403 1342 15)
1430 1300 1631 1339 convenirem,
1662 1300 1759 1340 vulgo
1786 1300 1963 1346 quingenta
1990 1298 2126 1342 viginti,
2154 1296 2198 1328 fa-

1244 1361 1297 1393 cili
1324 1373 1432 1393 errore
1457 1362 1552 1392 Dxx
1573 1373 1630 1405 pro
1665 1361 1798 1393 CLXX.

1319 1425 1508 1470 Ostracine]
1536 1425 1574 1456 ln
1598 1425 1695 1455 Plinii
1720 1425 1792 1456 loco
1815 1424 2071 1467 interpungendum
2096 1423 2198 1455 hallu-

1244 1487 1368 1519 cinatus
1391 1494 1441 1519 est
1463 1487 1649 1519 Martianus.
1682 1485 1739 1518 Sic
1757 1485 1841 1516 enim
1862 1486 2022 1518 distinxit:
2047 1498 2083 1517 na
2101 1486 2198 1517 Pelu-

1245 1551 1293 1582 sio
1320 1550 1479 1582 Chabriae
1509 1555 1627 1589 castra,
1661 1549 1778 1581 Casius
1802 1561 1911 1589 mons,
1944 1549 2112 1581 delubrum
2140 1549 2198 1581 Jo-

1244 1614 1292 1645 vis
1316 1614 1419 1649 Casii.
1445 1613 1586 1643 tumulus
1609 1613 1714 1654 magni
1736 1613 1901 1655 Pompeji3
1928 1612 2099 1644 Ostracine
2119 1611 2200 1644 Ara-

1243 1675 1295 1706 bia
1314 1675 1422 1705 linitur
1436 1687 1452 1705 a
1470 1674 1602 1705 Pelusio
1620 1674 1715 1705 LXV
1730 1673 1868 1704 millibus
1883 1685 2065 1716 passuum.«
2090 1674 2200 1717 Quan-

1245 1742 1312 1769 tum
1339 1736 1378 1767 ad
1408 1748 1475 1767 rem
1501 1735 1629 1775 attinet,
1659 1740 1743 1766 certe
1765 1747 1875 1766 verum
1908 1741 1958 1765 cst
1981 1735 2076 1776 juxta
2101 1736 2201 1767 Plinii

1246 1800 1452 1839 sententiam,
1486 1799 1569 1830 {iniri
1600 1799 1752 1830 Arabiam
1780 1798 1951 1830 Ostracine
1979 1804 2011 1830 et
2034 1799 2073 1830 ab
2094 1811 2131 1830 ea
2154 1799 2200 1830 in-

1246 1864 1351 1907 cipere
1375 1863 1567 1894 Idumaeam.
1607 1862 1695 1894 Dicit
1724 1861 1877 1893 Arabiam
1913 1862 1996 1893 finiri
2022 1874 2039 1893 a
2068 1863 2201 1894 Pelusio

1246 1925 1411 1967 sexaginta
1435 1937 1492 1956 sex
1509 1925 1649 1955 millibus
1665 1935 1834 1966 passuum,
1856 1924 1901 1955 ita
1925 1924 2009 1955 enim
2033 1924 2203 1966 legendnm

1246 2000 1287 2020 ex
1307 1988 1485 2026 Mai-iia1103
1523 1998 1597 2016 mox
1625 1986 1809 2016 Idumaeam
1836 1985 1988 2028 incipere.
2030 1984 2132 2027 Atqui
2155 1991 2203 2017 tot

1248 2054 1323 2080 sunt
1346 2049 1445 2079 millia
1470 2059 1624 2093 passuum
1652 2059 1670 2078 a
1695 2046 1830 2079 Pelusio
1854 2047 1894 2078 ad
1922 2045 2126 2078 Ostracincn.
2148 2046 2202 2078 lti-

1246 2110 1421 2143 nei-arium:

1478 2172 1650 2205 Ostracina
1676 2170 1824 2202 Cassium
1855 2169 1976 2203 XXVI.

1550 2235 1820 2267 Pentasehoenon
1839 2234 1913 2267 XX.

1550 2296 1719 2328 Pelusium
1745 2295 1816 2326 XX.

1249 2361 1338 2402 Ergo
1357 2371 1374 2391 a
1387 2359 1521 2391 Pelusio
1540 2359 1578 2389 ad
1594 2359 1787 2390 Ostracinen
1801 2356 1923 2389 Arabia
1942 2362 2019 2398 crat,
2042 2358 2082 2390 ab
2091 2356 2202 2391 Ostra-

1251 2424 1321 2455 cine
1343 2423 1503 2454 Idumaea.
1513 2419 1655 2452 smus.
1677 2420 1730 2464 (ad
1757 2419 1860 2451 Solin.
1880 2432 1910 2463 p.
1928 2419 2080 2463 569).-
2103 2420 2205 2452 Recte

1253 2486 1375 2526 omuia3
1410 2485 1466 2516 sed
1488 2484 1768 2516 hallucinationem
1786 2483 1935 2516 Martiani
1959 2495 2023 2514 non
2044 2483 2145 2516 video.

1330 2550 1515 2595 octuaginta
1542 2547 1624 2594 oceo]
1658 2547 1784 2581 Plinius
1811 2559 1931 2581 novem.
1949 2547 2053 2581 Gne-r.
2067 2563 2113 2571 -··
2135 2543 2203 2578 Sed
