2310 2860
131 305 209 346 ¹51

234 115 327 158 204

240 238 308 263 eos
343 219 589 263 mortalium
624 232 831 259 curarum
865 227 964 259 vota
998 213 1241 264 sollicitant,
1275 215 1537 269 dnaeezgque
1571 214 1864 271 perhibentur.

241 317 416 359 regnare
460 299 742 342 certissimum
790 308 863 340 est.

816 109 1013 153 Martiani
1044 108 1243 164 Capellae
1280 107 1352 150 lib.
1376 107 1429 148 II.
1461 110 1492 160 §.
1521 108 1617 150 150.

1936 215 2027 257 Illic
2046 215 2201 258 Jovem

940 298 994 338 At
1043 297 1152 338 intra
1199 295 1305 337 Solis
1347 305 1540 338 meatum
1592 311 1732 353 usque
1782 297 1979 339 lunarem
2023 298 2201 354 globum

240 381 450 425 secundae
489 381 692 421 beatitatis
734 379 913 421 numina
955 378 1240 433 supparisque
1282 379 1512 433 potentiae,
1562 392 1639 433 per
1674 394 1787 434 quae
1823 388 1967 420 tamon
2005 380 2202 421 vaticinia

241 454 495 518 somniaque
531 477 580 503 ac
613 461 804 518 prodigia
838 469 1169 517 componuntur.
1230 459 1347 502 Haec
1380 459 1624 515 haruspicio
1659 468 1754 501 exta
1788 458 2018 501 fissiculant
2052 459 2202 502 admo—

316 606 508 653 ἀπαθεῖς]
545 606 670 640 Sensus
702 612 767 638 est:
799 605 878 638 deos
909 604 1068 648 ejusmodi
1094 604 1196 646 curis,

242 671 359 717 quibus
382 672 528 703 homines
554 670 751 711 crucientur,
774 670 893 701 liberos
912 681 994 701 esse.
1024 665 1198 714 Ἁπαθής

244 735 328 768 0111111
349 746 463 779 expers
488 740 538 766 est
561 733 768 778 cupiditatum
794 739 826 765 et
847 733 886 764 ab
911 732 997 764 omni
1017 732 1111 763 animi
1128 744 1198 776 per-

244 798 424 831 turbatione
450 798 540 830 liber.
567 798 662 829 Plato
683 797 820 842 (Phileb.
848 809 877 840 p.
896 798 954 829 55.
977 795 1110 840 Steph.)
1131 796 1199 837 jam

245 863 413 902 docuerat,
442 861 615 893 absurdum
640 873 711 892 esse
738 861 765 892 si
790 859 861 904 quis
886 860 965 891 deos
985 859 1036 891 vel
1061 859 1199 901 gaudere

245 926 297 959 vel
326 925 506 958 contristari
538 925 655 957 eredat.
696 924 846 967 Quocum
878 924 1018 968 apprime
1051 922 1201 954 convenit

245 989 469 1032 sagacissimus
486 988 540 1020 1110
556 988 735 1032 Epicureus
751 988 892 1031 (Lueret.
909 989 940 1027 1,
961 988 1022 1030 57)
1039 986 1200 1018 versibus:

301 1051 435 1084 -Omm's
453 1052 540 1082 enim
557 1063 615 1094 per
636 1062 670 1082 se
690 1051 799 1081 dimzm
817 1055 937 1081 natura
960 1060 1088 1080 neeesse
1109 1050 1150 1081 'st

295 1115 475 1148 Immortali
495 1126 574 1145 aevo
598 1125 720 1145 summa
743 1125 815 1144 eum
841 1124 920 1158 pace
940 1111 1094 1160 fruattgr,

293 1176 424 1211 Semota
449 1178 488 1208 ab
511 1178 630 1209 nostris
653 1177 770 1215 rebus,
799 1176 1009 1223 sejunctaque
1034 1176 1150 1218 longe,-

295 1241 383 1274 Nam
405 1242 533 1284 priuata
556 1241 664 1271 dolore
685 1240 790 1278 omni,
823 1241 952 1282 privata
977 1239 1126 1281 periclis,

294 1303 373 1347 Ipsa
392 1304 461 1334 suis
483 1302 606 1345 pollens
627 1302 757 1345 opibus,
783 1301 865 1332 nihil
892 1301 1002 1344 indiga
1031 1299 1135 1331 nostri

293 1367 365 1399 Nec
388 1367 467 1398 bene
486 1367 668 1408 promeritis
693 1366 838 1407 capitur,
864 1376 922 1395 nec
948 1365 1094 1406 tmzflitur
1116 1364 1193 1393 iren«

245 1429 329 1472 (add.
352 1430 393 1469 2,
429 1429 534 1460 1092.
555 1429 594 1468 5,
615 1430 673 1460 85.
712 1429 792 1459 175.
817 1429 860 1467 6,
900 1426 969 1470 57).
1010 1427 1059 1458 lta
1084 1432 1115 1457 et
1139 1424 1200 1457 So-

243 1498 347 1526 crates
377 1492 440 1537 (ap.
463 1493 612 1536 Xenoph.
636 1491 670 1523 in
692 1491 863 1523 memorab.
890 1492 922 1531 1,
947 1492 982 1531 G,
1009 1490 1069 1534 10)
1094 1488 1201 1520 »nulla

243 1567 278 1587 re
302 1554 445 1596 indigere
470 1555 614 1586 diuinum
632 1565 720 1584 esse«
748 1553 881 1584 dixerat.
909 1552 1066 1585 Similiter
1083 1551 1199 1584 Cicero

244 1618 285 1650 ad
307 1617 494 1650 Trebatium
518 1617 623 1659 (epist.
648 1618 680 1655 7,
713 1616 789 1657 12),
814 1627 908 1658 quem
933 1615 1128 1657 Epicureum
1155 1614 1199 1644 fa-

243 1686 330 1714 ctum
353 1680 500 1719 miratur,
531 1678 655 1710 scribit:
686 1677 878 1720 »Quomodo
910 1682 1015 1708 autem
1046 1677 1104 1708 tibi
1131 1676 1199 1719 pla-

244 1744 345 1784 cebit,
371 1743 488 1775 Jovem
509 1742 647 1786 lapidem
670 1741 796 1783 jurare,
827 1752 925 1784 quum
954 1740 1053 1779 scias,
1082 1740 1199 1771 «lovem

242 1806 359 1839 iratum
378 1816 449 1836 0550
467 1803 586 1836 1101111111
603 1804 739 1846 posse‘l«
773 1802 947 1845 Epicurum
964 1802 1047 1833 enim
1069 1801 1198 1841 dixisse,

245 1868 306 1900 alio
326 1868 398 1898 loeo
416 1866 467 1910 (in
484 1866 596 1897 Pison.
615 1864 682 1907 25)
706 1864 763 1903 ait,
797 1864 894 1894 »deos
921 1876 1023 1907 neque
1043 1863 1200 1906 propitios

245 1930 392 1973 cuiquam
407 1940 478 1959 esse
495 1939 598 1970 neque
621 1926 750 1965 iratosn,
777 1924 834 1956 scd
855 1925 979 1956 »beatos
998 1925 1115 1968 potius.
1139 1936 1200 1956 nee

245 1991 360 2022 habere
378 1989 499 2031 negotii
515 1988 699 2032 quidquam,
721 1998 779 2018 nec
798 1986 947 2018 exhihere
965 1987 1073 2017 alteri-1
1093 1987 1145 2030 ((10
1158 1986 1199 2018 Ν.

245 2053 286 2085 D.
308 2054 344 2091 1,
372 2053 440 2095 17).
473 2051 567 2083 Adde
592 2052 686 2092 Diog.
708 2051 814 2082 Lacrt.
839 2050 912 2093 (10,
939 2051 994 2082 77.
1013 2063 1043 2094 p.
1068 2051 1141 2083 654
1168 2055 1200 2082 et

249 2117 306 2156 10,
334 2117 404 2147 159
423 2128 452 2159 p.
473 2117 541 2146 661
563 2115 691 2158 1110111),
719 2114 920 2145 Lactantium
938 2114 990 2157 (dc
1012 2114 1058 2144 ira
1076 2114 1127 2145 dei
1150 2114 1199 2158 4),

247 2177 404 2211 Senecam
421 2177 473 2221 (de
491 2177 593 2207 benef.
611 2177 645 2217 [1,
664 2176 712 2218 4),
730 2176 900 2206 Horatium
916 2176 986 2219 (sat.
1004 2177 1036 2215 1,
1057 2177 1089 2207 5.
1105 2175 1199 2219 101),

247 2238 444 2283 Appulejum
463 2238 515 2279 (de
535 2238 594 2268 deo
618 2237 709 2269 Soer.
734 2250 763 2280 p.
783 2238 863 2269 124.
893 2238 974 2269 150.
994 2238 1074 2269 152.
1092 2237 1200 2281 oud.)-

324 2304 410 2334 intra
432 2300 516 2333 Solis
535 2300 685 2345 meatum]
703 2302 796 2343 Quae
819 2302 857 2332 (10
876 2301 937 2332 diis
961 2308 1125 2343 memorat,
1147 2315 1200 2334 ex—

249 2363 357 2408 posuit
379 2362 510 2405 Lipsius
536 2362 679 2404 Physiol.
701 2362 803 2396 Stoic.
830 2363 885 2394 lib.
906 2363 933 2395 Ι.
956 2363 1043 2394 Diss.
1070 2365 1133 2404 18,
1161 2376 1200 2395 cx

250 2426 365 2470 quibus
395 2423 575 2468 apparebit,
613 2423 754 2454 codicem
782 2424 978 2455 Vossianum
1005 2426 1086 2456 nude
1115 2426 1200 2469 apud

251 2489 415 2532 Capellam
443 2487 592 2518 exhibere
626 2486 738 2528 »iufra
763 2486 851 2517 Solis
884 2494 1049 2519 meatum.u
1075 2488 1198 2519 Amvrz.

251 2551 356 2596 (mise.
383 2562 413 2593 p.
435 2548 538 2592 211).
561 2567 608 2571 -—
625 2547 721 2591 Infra
739 2560 798 2592 pro
822 2550 908 2580 intra
932 2551 1059 2582 codices
1085 2551 1197 2583 Mona-

1248 617 1360 638 censes
1388 606 1430 651 (C
1455 612 1487 638 et
1511 606 1556 651 G)
1580 606 1769 648 Bongarsii,
1800 606 1917 648 Rugii,
1947 606 2053 639 Musei
2076 605 2203 638 Britan-

1249 670 1328 711 nici,
1355 670 1630 712 Cantabrigiensis
1653 675 1685 701 et
1707 669 1979 713 Guelferbytanus
2004 670 2131 701 babent.

1325 733 1498 778 beatitatis]
1517 735 1736 766 Bentitudinis
1753 734 1935 775 Hugianus,
1959 734 2155 766 Dresdensis
2171 739 2205 765 et

1248 797 1462 830 Monaeenses
1480 798 1534 842 (B.
1549 799 1586 830 C.
1603 798 1643 829 E.
1661 798 1720 841 G):
1735 797 1791 829 sed
1805 803 1941 841 utroque
1958 797 2073 829 Cicero
2096 798 2204 829 utitur.

1325 858 1487 904 supparis]
1514 859 1553 890 Id
1577 865 1627 890 est
1644 859 1802 891 inferioris
1828 859 1881 891 vel
1902 859 2043 890 minoris.
2059 859 2205 892 Vnica.

1251 943 1299 949 —-—
1321 923 1556 966 Explicandum
1582 923 1688 967 potius
1718 935 1836 967 »prope
1862 923 1979 966 paris.‹⁴
2021 923 2096 955 Hoc
2121 923 2207 954 enim

1251 999 1349 1019 sensu
1369 999 1435 1018 nou
1453 985 1636 1030 Appulejus
1662 992 1784 1018 tantum
1802 987 1888 1030 (met.
1912 987 1944 1018 6.
1967 999 2000 1030 p.
2019 986 2094 1018 427
2106 985 2207 1030 Oud.)

1252 1049 1309 1081 sed
1331 1049 1447 1081 Cicero
1473 1049 1567 1079 etiam
1592 1048 1698 1092 (Brut.
1723 1048 1758 1091 7)
1778 1050 1836 1079 hae
1864 1059 1942 1079 voee
1963 1059 2041 1078 usus
2067 1053 2125 1079 est.

1325 1108 1498 1154 potentiue]
1523 1109 1789 1140 Darmstattensis
1814 1109 1917 1140 codex
1936 1110 2146 1140 substantiae.

1325 1172 1493 1218 vaticinia]
1515 1174 1597 1204 Post
1612 1173 1791 1212 Platonem,
1817 1172 1872 1216 qui
1887 1172 1933 1216 (in
1950 1184 2051 1216 symp.
2068 1185 2099 1216 p.
2114 1171 2207 1211 2023

1251 1235 1402 1279 Epinom.
1429 1248 1459 1279 p.
1477 1236 1549 1267 985
1569 1234 1700 1278 steph.)
1722 1234 1911 1276 generaliter
1935 1233 1999 1275 agit
2017 1234 2056 1265 de
2080 1234 2207 1266 daemo-

1251 1309 1328 1328 num
1350 1296 1581 1340 interpretandi
1605 1307 1752 1336 munere,
1784 1295 1948 1336 Diogenes
1969 1294 2120 1326 Laertius
2150 1295 2207 1338 (8,

1250 1362 1311 1393 52.
1336 1374 1366 1405 p.
1387 1361 1460 1392 514
1483 1359 1593 1403 meib.)
1611 1371 1628 1390 c
1647 1359 1860 1402 Pythagoreis
1889 1358 1984 1390 docet
2010 1363 2132 1390 »totum
2154 1363 2207 1390 aii-

1251 1436 1318 1456 rem
1343 1424 1473 1468 plenum
1505 1435 1577 1455 esse
1605 1424 1797 1463 animarum,
1835 1434 1954 1466 easque
1978 1427 2011 1454 et
2034 1422 2206 1455 daemones

1252 1492 1284 1518 et
1300 1488 1415 1518 heroes
1433 1485 1626 1524 existimari,
1667 1485 1706 1516 ab
1733 1485 1783 1516 bis
1801 1484 1984 1516 hominihus
2008 1484 2135 1515 immitti
2156 1496 2206 1516 so-

1250 1552 1339 1581 mnia
1361 1551 1518 1595 siqnaque
1547 1554 1611 1579 tam
1637 1548 1739 1579 morbi
1765 1560 1860 1591 quam
1883 1548 1986 1579 bonae
2012 1547 2206 1579 valitudinis.

1250 1631 1298 1636 -—
1318 1612 1373 1644 Ad
1396 1624 1451 1644 eos
1477 1612 1571 1643 etiam
1598 1612 1709 1643 referri
1739 1611 1945 1643 lustrationes
1971 1611 2022 1642 101
2053 1611 2206 1654 expiatio-

1250 1688 1324 1716 nes,
1351 1676 1581 1707 divinationem
1607 1676 1709 1707 omnis
1737 1675 1878 1716 generiS,
1913 1676 2067 1706 vaticinia
2095 1681 2127 1707 ct
2155 1687 2205 1707 ce-

1250 1746 1317 1771 tera
1337 1740 1432 1781 hujus
1456 1739 1612 1781 generis‚«
1646 1740 1696 1770 De
1719 1739 1891 1781 provinciis
1914 1739 2110 1780 singulorum
2131 1738 2205 1771 dae-

1250 1813 1378 1832 monum
1401 1801 1433 1832 in
1456 1801 1501 1832 eis
1521 1801 1735 1844 producendis
1758 1800 1828 1832 vide
1849 1799 2048 1845 Appulejum
2069 1800 2122 1845 (de
2143 1800 2205 1833 deo

1250 1863 1394 1895 Socratis
1417 1875 1447 1906 p.
1468 1863 1535 1894 154
1564 1862 1674 1906 (hut).

1320 1927 1397 1957 111100
1415 1924 1588 1970 aruspirio]
1607 1926 1691 1957 Vide
1709 1937 1790 1968 quae
1806 1937 1901 1969 supra
1922 1925 1960 1956 (10
1977 1925 2204 1958 flssieulationo

1249 1987 1330 2027 dixi,
1372 1993 1404 2018 ct
1438 1988 1547 2018 confer
1578 1989 1662 2018 bunc
1698 1987 1804 2018 locum
1839 1999 1910 2018 cum
1941 1999 1980 2018 eo
2009 1987 2064 2031 qui
2093 1993 2143 2018 est
2170 1988 2202 2019 in

1249 2051 1331 2082 libro
1352 2049 1485 2094 Apulcji
1509 2051 1547 2082 de
1567 2052 1627 2082 deo
1655 2050 1816 2091 Socratis,
1838 2051 1893 2082 ubi
1916 2050 2069 2094 pleraque
2093 2051 2204 2082 eadem

1250 2112 1401 2157 reperitis:
1422 2112 1525 2144 Gnor.
1551 2131 1598 2136 -—
1630 2112 1772 2144 Goezius
1798 2112 1952 2143 nonnulla
1983 2124 2022 2142 ex
2048 2111 2204 2156 Appuleji

1250 2175 1323 2205 1000
1346 2173 1423 2217 (Op.
1445 2174 1488 2206 Π.
1510 2187 1540 2218 p.
1563 2174 1633 2205 152
1658 2185 1746 2217 sequ.
1765 2172 1865 2215 Oud.)
1891 2172 2044 2214 inseruit,
2077 2173 2116 2205 de
2138 2186 2203 2217 quo

1252 2236 1396 2280 pluribus
1417 2236 1492 2266 olim
1509 2235 1554 2279 (111
1572 2235 1733 2278 palaeogr.
1750 2246 1820 2265 mea
1838 2234 1896 2264 Ill.
1918 2233 1945 2278 ἓ.
1957 2236 2005 2266 92
2020 2235 2123 2279 sequ.)
2141 2236 2203 2269 dis-

1251 2299 1368 2343 putavi.
1410 2298 1478 2331 Sed
1502 2299 1608 2342 potius
1634 2298 1673 2329 ad
1698 2299 1834 2337 fontem,
1864 2298 1948 2329 unde
1977 2311 2033 2330 sua
2058 2299 2203 2343 Appule-

1246 2361 1301 2403 jus
1324 2361 1447 2401 hausit,
1478 2360 1628 2392 accedere
1656 2359 1846 2402 interpretes
1868 2360 2037 2392 dehebant.
2061 2360 2201 2392 Nobilis-

1251 2423 1350 2454 simus
1376 2422 1460 2454 enim
1485 2420 1632 2452 Platonis
1660 2421 1795 2465 (conviv.
1817 2433 1846 2464 p.
1865 2422 1938 2453 202
1962 2421 2088 2466 Stepli.)
2111 2422 2202 2454 loeus

1250 2492 1316 2526 est,
1349 2485 1404 2517 uhi
1436 2485 1529 2517 docet
1563 2497 1708 2516 »omnem
1738 2485 1928 2517 daemonum
1956 2492 2100 2517 naturam
2127 2495 2200 2517 esse

1247 2550 1383 2582 mediam
1407 2548 1492 2581 inter
1518 2549 1669 2580 mortales
1695 2549 1848 2594 deosque.
1884 2549 1923 2583 In
1952 2549 2057 2582 medio
2081 2547 2199 2581 consti-
