2310 2860
53 745 138 787 635

178 128 266 171 508
762 119 960 162 Martiani
992 119 1190 175 Capellae
1220 119 1293 161 lib.
1316 117 1392 160 VI.
1423 120 1455 170 ᾗ.
1480 118 1577 159 612.

178 238 277 277 item
313 236 355 276 in
395 233 576 275 insulam
617 229 866 271 Taenarum
905 226 1162 277 Laconicae,
1205 225 1304 266 inde
1335 225 1592 280 Lilybaeum
1634 225 1818 277 Siciliae,
1863 237 1902 269 et
1942 227 2128 270 Caralim

179 318 416 367 Sardiniae,
470 314 604 356 tricies
650 321 799 368 quater
842 310 1153 367 quinquaginta
1192 307 1347 361 millia,
1403 307 1500 349 inde
1544 306 1737 348 Gadibus
1778 308 2027 363 quadragies
2067 308 2130 348 bis

179 398 485 455 quinquaginta
518 396 663 438 millia.
724 395 848 446 Quae
876 407 1079 435 mensura
1108 392 1310 433 universa
1341 389 1392 432 ab
1419 404 1468 430 eo
1499 389 1612 431 mari
1641 388 1768 431 efficit
1794 390 1974 444 octogies
2005 391 2130 445 quiu—

178 480 297 535 quies
328 479 588 535 septuaginta
625 487 717 519 octo
748 477 893 519 millia.

513 634 661 676 ITEM
700 633 837 675 ALIA
876 632 1114 674 TERRAE
1144 629 1450 679 MARISQUE
1489 625 1789 670 DIMENSIO.

341 743 479 783 Potest
507 743 608 783 item
640 740 756 783 aliud
796 751 910 781 terra
949 739 1147 794 marique
1185 738 1262 778 iter
1308 738 1406 779 duci
1438 754 1514 795 per
1545 739 1740 794 Gangem
1770 736 2129 792 Euphratemque

174 820 380 873 fluvium,
421 821 758 878 Cappadociam,
788 819 1039 874 Phrygiam,
1070 833 1146 873 per
1176 818 1369 871 Aegeum
1400 817 1595 873 pelagus,
1627 827 1667 858 et
1696 818 1960 859 Laconicum
1990 831 2130 868 mare-3

169 904 358 956 itemque
390 918 466 958 per
496 903 611 943 sinus
643 901 745 942 alios
776 914 916 955 usque
947 898 1309 954 Peloponnesum,
1348 897 1622 949 Leucadem,
1654 898 1911 953 Corcyram,
1943 899 2130 940 Acroce-

169 985 386 1035 raunium,
416 983 723 1033 Brundusium,
758 982 959 1031 Romam,
989 980 1118 1034 Alpes
1146 987 1185 1018 et
1210 978 1418 1028 Galliam,
1449 993 1526 1033 per
1549 979 1791 1032 Pyrenaeos
1815 979 1942 1019 etiam
1966 987 2129 1019 montes

169 1065 212 1104 in
238 1065 460 1105 Oceanum
492 1063 806 1118 vespertinum,
838 1060 1070 1115 Hispaniae
1101 1072 1245 1108 oram,
1277 1058 1590 1111 trajectumque
1621 1073 1697 1112 per
1729 1057 1889 1110 Gades,
1921 1067 1959 1098 et
1989 1059 2126 1099 omnis

170 1158 394 1194 mensura,
454 1151 668 1183 attestante
715 1139 987 1182 Artemidoro
1037 1138 1337 1179 assertionibus
1383 1138 1513 1189 meis,
1566 1137 1694 1179 habet
1738 1138 1872 1179 millia
1916 1140 2126 1194 octuagies

167 1226 301 1266 sexies
331 1233 505 1265 centena
527 1223 733 1278 octoginta
760 1222 964 1277 quinque.
995 1219 1170 1260 Habetis
1194 1219 1500 1274 longitudinem
1520 1219 1811 1274 multipliciter
1830 1227 2126 1260 memoratam.

245 1356 446 1402 Taenarum]
488 1357 601 1388 Forte:
637 1356 731 1387 »item
763 1355 900 1386 insulam
935 1355 1113 1385 Tenaron.«

166 1419 325 1451 Gnor.—
347 1419 423 1462 Ipse
448 1418 532 1450 enim
556 1417 640 1449 facili
663 1428 770 1448 errore
795 1417 902 1448 insula
925 1415 1032 1447 edidit.
1052 1414 1119 1447 Sed

163 1481 196 1512 in
215 1481 285 1524 ipso
308 1481 436 1512 nomine
459 1479 537 1511 mire
560 1479 682 1511 variant
703 1478 846 1518 codices,
873 1477 1030 1521 siquidem
1047 1477 1117 1509 Mo-

161 1542 310 1574 nacensis
330 1541 387 1585 (A)
405 1541 534 1573 exhibet
557 1540 710 1572 »insulam
733 1540 985 1578 Tenetharum«,
1005 1539 1117 1570 Dariu-

160 1603 326 1635 stattensis
350 1603 443 1633 »item
462 1603 494 1632 in
521 1601 591 1632 sula
613 1607 686 1632 tene
711 1601 830 1631 clarum
856 1600 1035 1639 laconice«,
1062 1599 1116 1630 de-

160 1665 257 1707 nique
290 1664 415 1695 varians
444 1662 538 1693 lectio
570 1661 609 1692 ad
636 1661 709 1691 libri
733 1660 1011 1702 Norimbergensis
1036 1672 1115 1690 mar-

160 1728 267 1770 ginem
285 1726 443 1768 adscripta
464 1724 719 1764 nTenedarum«,
746 1729 781 1754 ut
801 1724 840 1754 de
857 1724 988 1755 Tenedo
1010 1723 1115 1754 insula

162 1790 301 1831 cogitare
332 1789 441 1828 liceat,
481 1787 542 1820 nisi
578 1789 755 1819 Laconicae
787 1787 980 1830 adscriptum
1012 1793 1114 1826 esset,

161 1851 253 1892 cujus
283 1856 389 1881 tamen
418 1861 484 1880 non
506 1849 644 1880 insulam
675 1848 732 1880 sed
757 1849 1010 1892 promontorium
1033 1849 1114 1880 Tae-

161 1926 272 1946 narum
292 1914 391 1945 suisse
415 1913 492 1944 satis
515 1917 649 1945 constat.

232 1976 307 2006 inde
327 1973 526 2019 Lilybaemn]
554 1973 610 2006 Sic
626 1972 753 2005 codices
773 1972 984 2005 Monacenses
997 1972 1056 2017 (Λ,
1071 1973 1113 2016 C)

161 2041 195 2067 et
216 2036 498 2075 Dal-mstattensi53
526 2035 621 2076 vulgo
644 2035 740 2065 unde.

234 2095 389 2142 Caralim]
404 2097 544 2128 Restitui
561 2109 578 2128 e
595 2096 704 2128 codice
718 2096 885 2137 Grotiano,
908 2109 1005 2141 quum
1017 2098 1112 2140 vulgo

162 2160 306 2193 Calarim
325 2161 500 2202 legeretur,
528 2165 563 2190 ut
586 2159 646 2190 sibi
667 2165 827 2191 constaret
845 2161 1036 2202 Martianus,
1059 2162 1114 2205 qui

162 2226 243 2257 infra
265 2224 306 2268 (ξ.
322 2223 409 2266 645)
433 2223 685 2266 promontorium
710 2223 933 2255 Caralitanum
958 2225 1113 2268 appellat,

163 2298 344 2331 quanquam
372 2285 491 2328 ubique
522 2285 587 2316 sere
616 2284 703 2328 (Liv.
728 2285 791 2324 25,
821 2286 878 2317 40.
907 2286 982 2318 Mel.
1010 2288 1050 2327 2,
1082 2289 1113 2319 7.

163 2350 251 2382 Flor.
277 2350 316 2390 2,
349 2349 382 2380 6.
409 2347 576 2380 Claudian.
609 2347 684 2378 hell.
711 2347 842 2382 Gildon.
871 2349 963 2392 5521)
992 2351 1115 2382 variant

163 2411 236 2442 libri
259 2422 318 2442 nec
339 2410 512 2454 quidquam
532 2408 723 2440 discriminis
750 2421 821 2441 esse
845 2409 1030 2444 narduinus
1055 2412 1113 2455 (ad

165 2475 248 2505 Pliu.
271 2475 312 2513 5,
337 2475 371 2513 7,
397 2474 456 2515 15)
485 2473 588 2505 docet.

239 2542 338 2580 polest
361 2534 447 2581 ilem]
475 2536 599 2570 Plinius
622 2536 673 2581 (Ξ,
700 2535 799 2579 108)ι
827 2535 917 2570 »Alia
941 2537 1006 2579 via,
1030 2549 1109 2582 quae

1172 1354 1302 1393 certior,
1329 1353 1441 1384 itinere
1462 1359 1589 1385 terreno
1612 1352 1747 1385 maxime
1772 1358 1876 1397 patet,
1906 1364 1923 1385 a
1947 1351 2059 1394 Gange
2087 1352 2127 1383 ad

1169 1416 1368 1460 Euphratem
1404 1429 1527 1449 amnem
1557 1417 1769 1461 quinquagies
1802 1423 1834 1448 et
1864 1416 1962 1448 semel
1993 1422 2127 1448 centena

1169 1480 1268 1512 millia
1288 1492 1442 1524 passuum
1465 1487 1497 1512 et
1513 1481 1630 1513 LXIX.
1656 1481 1736 1512 Inde
1752 1479 1976 1525 Cappadociae
1995 1480 2127 1513 Mazaca

1170 1540 1342 1574 CCCXIX
1358 1542 1466 1574 millia.
1489 1541 1569 1573 Inde
1584 1554 1645 1586 per,
1656 1542 1840 1586 Phrygiam,
1863 1542 2001 1581 Cariam,
2018 1542 2125 1586 Ephe-

1169 1614 1238 1632 sum
1265 1602 1453 1635 CCCCXV
1473 1603 1588 1643 millia,
1626 1604 1665 1634 ab
1682 1603 1814 1646 Epheso
1831 1615 1890 1646 per
1906 1602 2053 1643 Aegeum
2070 1613 2124 1645 pe-

1166 1663 1258 1704 lngus
1284 1663 1402 1694 Delum
1423 1663 1501 1703 CC,
1528 1663 1684 1694 Isthmum
1707 1662 1834 1695 CCXII
1851 1662 2025 1706 quingenti.
2043 1662 2123 1694 Inde

1166 1731 1266 1766 terra,
1291 1731 1323 1757 et
1341 1726 1499 1757 Lechai'co
1525 1726 1604 1757 mari
1629 1732 1661 1757 et
1685 1725 1891 1758 Corinthiaco
1917 1726 1987 1757 sinu
2008 1726 2122 1758 Patras

1167 1787 1389 1830 Peloponnesi
1405 1787 1465 1819 XC
1480 1786 1595 1827 mulia,
1621 1787 1802 1819 Leucadem
1818 1787 2008 1819 LXXXVII
2025 1787 2123 1819 millia

1166 1849 1347 1892 quingenti:
1367 1848 1541 1891 Corcyram
1555 1847 1702 1879 totidem:
1715 1847 1954 1880 Acroceraunia
1966 1848 2124 1881 CXXXII

1165 1910 1264 1941 millia
1280 1909 1461 1953 quingenti:
1479 1909 1699 1942 Brundusium
1711 1910 1903 1943 LXXXVII
1915 1911 2013 1942 millia
2031 1911 2120 1956 quin-

1166 1972 1267 2014 genti:
1285 1972 1422 2003 Romam
1437 1970 1590 2004 CCCLX
1605 1971 1712 2002 millia.
1738 1971 1842 2016 Alpes
1858 1984 1959 2017 usque
1976 1973 2015 2003 ad
2029 1972 2121 2004 Scin-

1165 2045 1332 2076 gomagum
1346 2033 1448 2065 vicum
1461 2033 1634 2066 DVXIIII.
1648 2034 1715 2065 Per
1727 2033 1865 2066 Galliam
1883 2034 1923 2066 ad
1936 2035 2119 2077 Pyrenaeos

1164 2103 1290 2129 montes
1313 2096 1467 2128 Illiberim
1491 2097 1788 2129 DCCCCXXVII.
1814 2096 1869 2128 Ad
1895 2096 2061 2128 Oceanum
2087 2104 2119 2129 et

1164 2158 1341 2202 Hispaniae
1373 2169 1461 2189 oram
1484 2158 1697 2190 CCCXXXI.
1739 2157 1891 2198 Trajeetu
1924 2156 2025 2189 Gadis
2052 2159 2118 2191 VII

1165 2220 1263 2252 millia
1282 2219 1456 2262 quingenti.
1485 2219 1578 2261 Quae
1603 2229 1750 2249 mensura
1775 2217 1973 2251 Artemidori
1994 2220 2117 2252 ratione

1165 2284 1258 2316 efficit
1280 2282 1442 2323 octuagies
1462 2281 1573 2313 novies
1595 2286 1728 2312 centena
1748 2280 1959 2315 XXXXV.«

1239 2343 1534 2389 Acroceraunium]
1561 2344 1835 2376 Acroceraunium
1856 2344 2009 2377 exhibent
2030 2346 2115 2378 codi-

1164 2422 1218 2443 ces
1240 2410 1453 2443 Monaccnses
1474 2406 1528 2450 (A.
1548 2407 1589 2449 C)
1613 2413 1645 2439 et
1667 2407 1944 2449 Darnistattensis,
1971 2414 2002 2440 et
2019 2409 2114 2442 lectio

1163 2472 1196 2504 in
1212 2471 1294 2503 libro
1319 2469 1583 2510 Norimhergensi
1605 2474 1729 2509 notata5
1757 2470 1814 2501 sed
1831 2475 1973 2513 praestat
1988 2471 2114 2513 vulgata

1161 2533 1272 2575 lectio,
1302 2544 1382 2577 quae
1414 2531 1560 2576 suppleta
1592 2543 1669 2564 voce
1692 2534 1944 2574 promontorium
1965 2531 2112 2574 intelligi-
