2310 2860
235 198 316 239 166

807 195 1009 239 Martiani
1041 193 1242 251 Capellae
1278 193 1426 237 lib.11.
1464 196 1496 248 §.
1515 194 1611 239 120.

684 303 873 347 Cruenta
901 303 1072 346 dudum
1104 315 1217 358 quae
1246 301 1396 357 jugare
1425 301 1678 357 rhythmica

684 386 747 428 Ac
777 386 934 442 dispari
965 386 1098 426 mixta
1132 392 1256 424 sucta
1286 383 1456 439 regula,

687 468 792 510 Mox
824 468 928 524 quid
957 468 1141 522 jacente,
1181 465 1286 522 quid
1317 467 1460 520 jugata
1489 464 1601 507 linea

229 563 410 610 inclytaque
428 562 504 605 legit
520 564 704 612 inditoque5
727 577 836 597 verum
856 565 902 597 sie
918 564 1014 596 etiam
1033 562 1187 607 scriptum

231 626 262 657 in
286 626 467 657 Basilcensi
499 632 531 657 et
554 627 802 658 Dal-mstattensi
832 627 899 672 ipse
926 626 999 658 vidi.
1036 624 1189 658 Concinit

231 693 395 733 praeterea
421 688 600 722 Teutonica
624 689 730 720 versio
755 689 842 721 hisce
866 688 990 720 verbis:
1028 688 1124 719 »hina
1150 685 1194 730 fif

231 751 394 803 kestiortin
420 751 509 796 (illue
537 764 633 797 supra
658 752 768 797 vecta)
792 753 876 784 timle
897 753 1018 797 qutlzeit
1040 751 1188 796 insulten-

231 816 278 845 iiu
300 814 345 857 (ct
369 814 566 846 divinitatem
590 814 791 859 accipiens).·‹
827 815 949 847 Confer
969 820 1135 859 praeterea
1154 813 1189 846 in

231 877 390 922 superiori
414 877 487 910 loco
509 877 552 922 (ἓ.
573 878 657 922 118)
677 879 774 910 verba
806 881 955 911 »numine
974 879 1064 921 fisum

306 938 454 986 cruenta]
480 939 572 972 Nova
590 945 622 972 et
646 940 829 985 imperfecta
849 941 998 982 carmina,
1019 946 1056 972 ut
1076 953 1189 973 cruen-

232 1006 299 1031 tum
318 1012 378 1044 pro
401 1012 485 1033 novo
513 1001 651 1042 dicatur,
681 1008 781 1034 tracta
802 1005 989 1048 metaphora
1010 1015 1028 1035 a
1050 1003 1189 1035 foetibus

232 1061 435 1104 animalium,
466 1063 522 1107 qni
545 1064 668 1097 cruenti
699 1071 884 1099 nascuntur,
900 1065 1004 1099 vum.
1020 1084 1068 1090 —
1100 1065 1190 1109 Quid

230 1124 284 1157 hic
305 1131 441 1157 cruenta
458 1127 636 1169 rhythmica
659 1127 720 1159 sibi
739 1128 856 1169 velint,
879 1129 966 1160 baud
990 1127 1082 1160 facile
1103 1127 1190 1171 quis-

232 1197 328 1230 quam
356 1187 568 1231 expediverit,
600 1189 663 1221 nisi
693 1190 836 1221 attendat
861 1190 901 1222 ad
932 1190 1093 1222 Graecum
1121 1201 1190 1220 ver-

232 1250 309 1281 bum
331 1247 477 1296 κρούω,
506 1257 538 1283 et
562 1253 649 1296 quod
672 1253 827 1284 formatur
853 1253 939 1285 inde.
972 1253 1114 1297 Ipsemet
1137 1264 1191 1284 an-

233 1319 361 1356 tequam
385 1315 446 1346 hoe
470 1314 640 1356 incideret,
675 1315 796 1347 dudum
819 1321 1014 1347 tentaveram
1040 1315 1192 1358 »inclfftw

233 1387 296 1418 que
327 1377 456 1407 numine
489 1377 658 1420 favente«,
703 1382 735 1408 at
771 1388 903 1421 prorsus
942 1376 1127 1416 infeliciter,
1157 1381 1193 1408 ut

235 1443 346 1480 postea
379 1438 528 1481 comperi.
579 1438 733 1471 Ceterum
766 1438 962 1482 antiquiores
994 1438 1090 1470 etiam
1115 1449 1193 1469 usos

234 1500 428 1544 quandoque
455 1501 589 1533 Graecis
613 1501 795 1542 vocabulis,
828 1514 910 1546 quae
938 1507 1045 1534 tamen
1067 1501 1193 1534 Latinis

234 1565 388 1596 notabant
419 1564 538 1605 literis,
572 1564 641 1607 jam
674 1565 751 1598 olim
781 1565 964 1598 observavit
986 1567 1134 1599 Muretus
1163 1567 1193 1598 1.

235 1640 300 1660 var.
329 1628 402 1660 lect.
432 1640 458 1661 e.
486 1630 519 1662 5.
560 1629 712 1661 Lucretio
748 1630 904 1663 durateus
941 1642 1046 1674 equus
1080 1629 1196 1661 dieitur

236 1704 294 1735 pro
328 1693 454 1736 liqneo,
490 1704 509 1724 e
542 1692 646 1724 media
683 1692 829 1725 Graecia.
851 1693 896 1726 V.
924 1691 1009 1734 Aug.
1041 1693 1194 1726 Politian.

239 1755 363 1786 observ.
390 1760 423 1786 ct
446 1755 570 1787 emend.
593 1767 661 1800 cap.
686 1757 718 1787 5.
736 1756 865 1789 Vomcnu
890 1756 951 1800 (sp.
976 1756 1045 1788 erit.
1072 1769 1103 1801 p.
1123 1755 1194 1800 82).

240 1835 288 1840 -—-
316 1816 447 1848 Cot-tius
483 1816 516 1848 in
548 1816 810 1861 Guelferbytanis
837 1817 917 1860 legit
946 1824 1093 1859 creante5
1138 1818 1197 1850 sed

239 1880 317 1912 nihil
341 1881 403 1913 hoe
426 1886 520 1924 paeto
546 1881 690 1914 efficitur.
716 1881 831 1925 Neque
853 1882 994 1915 Vonckii
1016 1882 1122 1926 placet
1142 1893 1197 1913 ex-

239 1944 391 1988 plicatio,
424 1956 506 1991 quae
534 1956 600 1976 non
626 1945 705 1977 mihi
726 1950 850 1978 tantum
876 1946 1012 1978 obscura
1038 1951 1103 1987 est,
1140 1945 1198 1978 sed

240 2007 303 2053 ipsi
333 2008 430 2040 etiam
467 2009 589 2041 auctori
623 2015 709 2050 erat,
753 2010 871 2054 quippe
914 2010 970 2054 qui
1002 2023 1043 2042 ne
1075 2015 1198 2042 vertere

241 2072 371 2116 quidem
388 2072 529 2117 potuerit
542 2085 654 2106 vocem
667 2080 802 2106 cruenta
818 2086 836 2105 a
850 2069 1004 2120 κρούειν
1021 2074 1199 2107 deductam.

244 2134 403 2165 Fortassis
419 2141 554 2166 erm-um
571 2135 694 2179 poetice
712 2148 729 2167 a
747 2148 854 2180 pugna
881 2136 1016 2180 petitum
1042 2138 1103 2169 hoe
1126 2137 1199 2169 loco

246 2195 401 2236 significat
425 2197 572 2235 hostilia,
602 2197 738 2237 infensa,
763 2197 902 2229 dissona.
931 2198 1028 2230 Certe
1052 2199 1200 2242 rlq‘thmo

246 2257 409 2300 proprium
442 2263 507 2298 est,
535 2271 616 2302 quae
643 2258 774 2291 dissona
796 2265 871 2291 sunt
894 2260 1034 2292 suaviter
1053 2261 1201 2302 jungere.

248 2320 332 2350 Cum
364 2319 523 2351 Vulcanio
548 2326 653 2352 tamen
680 2321 819 2354 concinit
842 2322 964 2354 versio:
988 2324 1063 2354 »Da
1094 2323 1146 2354 dir
1167 2327 1202 2354 ιἰι

248 2383 284 2412 ἓν
301 2385 429 2426 qentulm
447 2383 548 2413 maire
562 2385 677 2414 niuniu
700 2385 838 2416 carmina
855 2386 1069 2416 zema'ehomze
1087 2385 1201 2429 (quum

250 2450 284 2474 tu
305 2443 380 2474 olim
405 2448 495 2474 sueta
525 2455 595 2475 eras
621 2457 704 2476 nova
727 2446 865 2478 earmina
890 2446 1058 2489 condere)«
1079 2452 1111 2477 et
1128 2459 1199 2479 cru-

250 2513 359 2538 entum
383 2513 414 2539 et
437 2508 572 2538 crudum
595 2515 727 2549 cognata
752 2509 834 2540 inter
855 2522 890 2541 se
917 2522 990 2541 esso
1015 2510 1174 2544 videntur.

323 2570 446 2617 mixta]
474 2571 606 2604 Curtius
638 2573 750 2604 abesse
777 2585 794 2604 a
817 2573 1069 2617 Guelferbytano
1091 2574 1202 2606 codiee

253 2637 333 2667 hune
360 2647 470 2668 vocem
487 2635 645 2669 observat.
671 2635 741 2669 Sed
756 2636 952 2670 retinendam
977 2637 1113 2670 suadent
1135 2643 1202 2670 tum

1240 560 1356 604 reliqui
1377 572 1506 602 omnes,
1531 567 1599 592 tum
1625 561 1731 593 versio
1756 563 1901 608 antiqua:
1922 565 2000 597 »ῙόΙι
2025 564 2193 608 leenn'sqtiu.

1240 623 1348 667 (etiam
1371 622 1480 667 mixta)
1506 626 1563 654 mit
1592 624 1807 656 misselichero
1830 626 1915 658 tinde
1940 627 2194 658 zznebenmdzero

1239 686 1349 729 regula
1369 686 1423 731 (ad
1445 686 1563 718 variam
1583 693 1616 718 et
1633 687 1769 731 disparis
1794 689 1886 720 metri
1907 690 2088 733 regulam).«
2129 687 2194 721 Cui

1239 750 1464 783 illustrationis
1493 763 1589 783 causa
1621 752 1709 782 addit
1736 752 1908 796 interpres:
1940 754 2044 786 »Unio
2072 755 2194 798 ηιάηὶφ

1237 815 1318 860 falte
1340 816 1390 846 dir
1412 818 1442 846 ,ςῐ
1461 816 1516 846 dia
1537 816 1710 847 miss-elidii
1729 817 1805 848 dero
1820 821 1953 848 niumon
1979 818 2093 861 (quam
2115 816 2194 849 mul-

1241 880 1341 924 tiplex
1372 879 1429 910 tibi
1459 879 1500 910 sit
1528 879 1664 911 varietas
1698 880 1907 924 cantieorum)
1933 884 2014 912 unet·
2040 884 2113 926 ma'q
2143 884 2195 913 ta':

1241 942 1382 974 kezellen
1404 940 1490 985 (quis
1514 941 1633 985 poterit
1657 942 1719 974 hoe
1741 942 1982 986 enumerare)‘?«
2012 943 2135 975 Verum
2156 954 2197 975 an

1240 1004 1356 1036 viderit
1387 1008 1478 1035 vetus
1513 1003 1670 1047 interpres
1697 1004 1800 1036 adhue
1836 1005 1953 1046 ambigi
1973 1011 2097 1049 potest,
2123 1003 2197 1036 Ari·

1242 1066 1343 1098 stides
1366 1072 1471 1097 tamon
1502 1065 1741 1108 Quinctilianus
1765 1067 1827 1110 (ap.
1847 1067 1999 1098 Meibom.
2017 1067 2064 1098 rei
2088 1065 2199 1100 music·

1242 1140 1302 1162 ser.
1326 1141 1356 1172 p.
1373 1130 1435 1170 55)
1455 1127 1622 1168 distinguit
1644 1127 1727 1158 inter
1750 1127 1808 1158 tria
1828 1140 1944 1169 genera
1964 1128 1998 1170 1)
2019 1129 2199 1171 rhythmum

1241 1192 1409 1231 habentia,
1438 1192 1640 1233 2)rhy1hmo
1669 1191 1823 1231 carentia,
1851 1197 1883 1223 et
1904 1191 1941 1235 5)
1961 1191 2100 1234 rhythmi
2126 1202 2198 1235 spe-

1243 1255 1323 1287 ciem
1351 1254 1516 1294 habentia,
1551 1266 1633 1298 quae
1662 1260 1728 1285 tum
1752 1255 1933 1298 rhythmum
1957 1255 2106 1295 habeant,
2131 1259 2201 1286 tum

1243 1328 1282 1347 eo
1305 1321 1444 1347 careant.
1469 1316 1546 1346 Pari
1567 1316 1663 1347 modo
1689 1315 1750 1346 sibi
1778 1327 1940 1359 opponere
1968 1316 2093 1347 videtur
2116 1316 2200 1348 Mar·

1244 1376 1349 1408 tianus
1382 1377 1526 1417 regulam
1553 1376 1762 1419 rhythmicam
1798 1382 1830 1407 et
1862 1377 2039 1421 disparem,
2067 1387 2202 1421 quarum

1245 1444 1380 1481 utraque
1400 1443 1531 1469 eruenta
1543 1437 1656 1479 jugare
1674 1437 1890 1479 Philologiam
1906 1438 2011 1470 solere
2029 1438 2089 1479 ait,
2111 1449 2200 1483 pror·

1247 1513 1303 1534 sus
1326 1507 1361 1533 ut
1385 1501 1501 1534 Cicero
1525 1501 1578 1545 (de
1608 1506 1687 1532 orat.
1710 1502 1743 1533 5.
1768 1502 1816 1533 44
1842 1508 1873 1534 et
1893 1502 1954 1545 45)
1980 1514 2092 1534 versus
2115 1508 2203 1534 certa

1247 1566 1316 1610 leqe
1348 1565 1496 1606 alligatos
1528 1565 1708 1607 disparibus
1745 1564 1885 1596 numeris
1918 1565 2068 1609 opponit,
2106 1571 2202 1609 atque

1246 1632 1358 1659 noster
1373 1626 1453 1657 infra
1469 1624 1510 1670 (§.
1525 1626 1598 1657 975
1615 1625 1651 1667 s.)
1670 1626 1709 1657 de
1728 1626 1863 1669 pedibus
1884 1626 2062 1658 disserens:
2081 1627 2197 1659 »alios«

1246 1689 1351 1734 inquit
1380 1689 1509 1731 »alogos
1543 1689 1605 1721 hoe
1637 1694 1687 1720 est
1718 1689 1959 1735 'irrationabiles
1992 1691 2204 1731 nominamus,

1248 1765 1449 1798 quorumque
1485 1752 1566 1784 ratio
1600 1753 1688 1784 nulla
1723 1758 1923 1797 praestatur,
1957 1754 2015 1786 sed
2043 1753 2207 1787 incondita

1249 1818 1404 1862 quaedam
1435 1817 1626 1861 compositio
1659 1817 1845 1861 profertum«
1894 1818 2024 1858 Mxta,
2053 1823 2090 1850 ut
2119 1830 2207 1852 nune

1249 1880 1405 1924 producta
1428 1879 1538 1910 ultima
1563 1878 1596 1910 'm
1618 1890 1714 1910 versu
1736 1879 1877 1923 positum
1900 1885 1968 1921 est,
1999 1879 2039 1912 ad
2061 1881 2207 1924 requlam

1249 1942 1451 1975 referendum
1472 1942 1549 1983 erit,
1588 1941 1661 1974 vide
1690 1947 1796 1974 tamen
1818 1954 1859 1974 ne
1884 1943 1999 1975 melius
2029 1955 2089 1989 pro
2115 1955 2206 1977 aecu-

1251 2007 1351 2039 sativo
1372 2017 1449 2038 casu
1472 2006 1644 2047 habeatur,
1669 2006 1758 2050 quod
1777 2006 1926 2039 facillime
1948 2019 2007 2052 per
2027 2006 2202 2053 transposi-

1252 2069 1371 2101 tionem
1395 2068 1475 2100 effici
1498 2067 1612 2112 possit.

1326 2142 1402 2161 mox
1430 2128 1522 2177 qnid]
1548 2130 1653 2162 Vetus
1680 2130 1837 2174 interpres
1864 2131 1943 2162 haee
1967 2130 2006 2162 de
2034 2128 2208 2172 geometria

1251 2194 1412 2235 intelligit,
1434 2205 1497 2237 qua
1510 2193 1542 2225 in
1557 2193 1819 2238 interpretatione
1833 2193 1886 2224 vix
1905 2192 2107 2236 acquiescere
2122 2192 2208 2226 lieet.

1252 2257 1360 2292 Vertit
1387 2257 1487 2289 enim:
1512 2273 1523 2286 ι)
1536 2257 1627 2290 Unde
1653 2260 1738 2290 umiz
1771 2257 1897 2289 triscdsi
1922 2256 2034 2288 ma'cho
2058 2257 2105 2300 (et
2130 2254 2209 2300 quid

1251 2320 1497 2361 ter-conjectum
1528 2318 1645 2362 saciat).
1677 2322 1734 2349 mit
1764 2318 2017 2350 stra'echentemo
2051 2319 2136 2351 ret'ze
2163 2320 2209 2350 άη

1251 2383 1326 2414 dien
1353 2384 1440 2413 silon
1470 2381 1542 2425 (per
1568 2385 1687 2412 rectam
1715 2379 1833 2411 lineam
1866 2379 1900 2411 in
1926 2379 2099 2424 lateribus)
2123 2380 2209 2412 vinde

1249 2445 1451 2491 yefiloqtemo
1475 2448 1519 2476 a'n
1537 2445 1612 2476 dien
1632 2448 1724 2475 όνὶεη
1744 2443 1789 2487 (et
1810 2455 1868 2487 per
1885 2443 2029 2486 jugatam
2049 2444 2082 2476 in
2103 2443 2208 2489 euspi-

1251 2510 1390 2552 dinibus,
1419 2508 1453 2540 id
1483 2507 1586 2540 estin
1611 2507 1759 2551 angulis).
1791 2506 1843 2539 Ae
1865 2518 1905 2538 ne
1932 2508 2059 2540 dubites
2084 2508 2124 2540 de
2152 2509 2207 2540 ho·

1250 2585 1322 2605 rum
1349 2573 1517 2605 verborum
1539 2583 1637 2603 sensu
1661 2571 1764 2603 addit:
1789 2572 1881 2603 „Da'z
1898 2575 1940 2604 ise
1968 2572 2036 2604 ‹ilso
2057 2573 2088 2603 si
2110 2569 2209 2603 chade

1251 2636 1326 2681 (hoc
1345 2640 1396 2667 est
1417 2645 1454 2666 ae
1479 2634 1507 2666 si
1529 2633 1667 2677 (ficeret)
1693 2634 1748 2665 Da
1771 2634 1869 2666 eluere
1896 2635 1932 2666 in
1955 2631 2128 2676 geometria
2154 2632 2208 2675 (tu
