2310 2860
746 174 945 217 Martiani
987 174 1185 232 Capellae
1222 176 1294 216 lib.
1314 174 1345 216 Ι.
1384 174 1511 227 §.44

158 283 526 340 impertinentibus
553 282 830 327 convocandi.
871 283 964 324 Nec
989 298 1129 324 mora:

2059 178 2116 220 91

1163 283 1312 323 milites
1336 282 1450 324 Jovis
1476 297 1552 337 per
1576 283 1764 325 diversas
1794 284 1898 325 coeli
1929 284 2118 339 regiones
2148 285 2208 327 44

159 373 468 420 approperant:
503 364 663 420 quippe
695 363 880 405 discretis
919 363 1159 418 plurimum
1201 363 1300 404 locis
1331 362 1511 404 deorum
1544 363 1697 418 singuli
1728 364 2034 416 mansitabant,
2080 374 2120 405 et

158 445 253 486 licet
282 460 359 500 per
382 444 618 485 Zodiacum
649 454 831 485 tractum
863 445 1057 485 nonnulli
1086 444 1269 500 singulas
1298 444 1367 485 vel
1398 444 1517 484 binas
1550 443 1699 484 domos
1733 444 1986 485 animalibus
2017 447 2117 485 titu-

158 525 304 577 larint,
336 526 378 565 in
411 525 498 566 aliis
529 535 670 566 tamen
700 525 950 566 habitaculis
981 524 1321 566 commanebant.

209 627 580 634 ——————
597 609 711 641 >larba
737 620 894 651 vassorum

208 672 412 711 Semidctim,
439 679 469 704 ct
492 674 624 704 sunimis
647 673 776 716 coquedi
798 671 935 702 nubibus
957 681 1086 707 onmes,

214 735 259 767 Et
281 747 460 778 compressa
486 742 573 767 melu.
593 741 759 767 servantes
776 745 943 766 murmura
972 734 1084 764 venii«

159 796 339 830 Claudiano
363 796 456 840 (rapt.
480 798 630 840 I‘roserp.
658 798 692 829 5.
722 796 780 839 15)

209 880 257 886 -
278 879 326 884 -
345 862 480 905 »plebejo
504 867 569 892 seat
597 867 702 892 celcra
723 873 808 891 more
822 861 980 904 juventus

208 923 299 954 Mille
323 934 442 954 amnes.
470 923 620 969 Liquidis
652 923 840 954 incumbunt
865 923 1012 965 patribus
1035 920 1117 952 udae

208 986 354 1032 IVajades
379 993 408 1019 ct
432 988 521 1019 taciti
541 988 703 1018 miranlm·
723 987 830 1018 sidera
854 986 992 1017 Fauna«

168 1049 360 1093 »Quendam
386 1050 555 1091 deorum«,
582 1049 748 1082 Arnobius
772 1051 819 1094 (5.
842 1063 872 1093 p.
889 1048 976 1092 501)
1004 1047 1119 1091 inquit,

168 1112 343 1156 »populum
366 1112 512 1156 plebejae
538 1112 751 1143 multitudinis
772 1111 919 1143 fiiciuntn«
961 1110 1029 1153 Qui
1053 1109 1120 1153 qui-

161 1175 232 1206 dem
258 1176 398 1218 populus
421 1176 557 1208 Graecis
573 1172 771 1218 δαιμόνων
788 1174 911 1221 δῆμος
933 1179 982 1207 est
1001 1172 1120 1218 (Span-

160 1239 242 1270 hem.
268 1238 308 1269 ad
334 1238 459 1270 Gallim.
482 1251 514 1282 p.
533 1239 605 1281 (30).

238 1300 358 1346 absque
384 1299 676 1345 impertineniibns]
703 1300 865 1345 Excerpta
883 1306 992 1332 nostra
1011 1312 1120 1332 manu-

163 1363 353 1406 scriptorum
365 1376 372 1392 :
391 1363 529 1406 »absque
547 1364 804 1395 discordantibus
816 1363 1119 1407 impertinentibus.u

162 1427 227 1458 Per
242 1414 482 1470 impertinentes
500 1438 555 1457 eos
574 1426 730 1468 intelligo,
758 1427 875 1470 quibus
902 1432 1006 1459 certas
1027 1437 1120 1470 quas-

163 1489 234 1520 dam
262 1488 301 1518 ah
335 1499 448 1519 causas
480 1488 613 1519 deornm
644 1488 780 1520 concilio
808 1489 938 1528 adesse,
963 1488 1121 1531 «Iovisque

162 1551 195 1583 iu
222 1556 430 1595 conspectum
456 1551 624 1590 advenire,
652 1551 842 1591 denegatum
864 1552 986 1591 suerat,
1011 1551 1122 1593 quales

163 1620 238 1646 suut
262 1620 390 1659 praeter
413 1614 492 1646 alios
517 1615 649 1654 Λ11111105,
674 1625 755 1657 quos
782 1613 855 1645 ideo
878 1625 950 1656 pag.
970 1625 1058 1655 sequ.
1073 1625 1122 1644 1-0-

161 1680 280 1711 futatos
314 1678 391 1711 dicit
423 1678 530 1722 »quod
562 1678 595 1709 hi
630 1678 662 1708 in
693 1683 902 1722 conspectum
931 1676 1027 1709 Joxis
1057 1688 1124 1708 non

162 1746 312 1786 poterant
335 1740 493 1772 advenire.
502 1755 513 1769 «
530 1739 672 1772 Bonum
693 1739 793 1784 (misc.
809 1752 840 1783 p.
858 1737 920 1782 54)
938 1757 986 1762 -—
1002 1739 1123 1783 Quam-

163 1803 211 1835 vis
227 1803 275 1835 vir
291 1802 406 1835 doctus
426 1814 537 1837 vocem
556 1801 777 1834 discordantes
793 1800 965 1833 defendere
986 1801 1123 1841 studeat,

166 1872 198 1897 et
216 1866 429 1910 copulativam
453 1871 527 1910 post
543 1877 612 1897 eam
634 1866 775 1896 inserere
793 1865 916 1906 jubeat,
940 1876 999 1905 ego
1017 1870 1124 1895 tamen

166 1927 211 1959 nil
237 1927 301 1959 nisi
323 1928 483 1969 glossema
508 1938 579 1958 esse
604 1926 683 1957 illud
710 1926 968 1958 discordantibus
996 1937 1124 1967 censeo,

165 1979 353 2033 praesertim
372 2001 469 2032 quum
482 2001 499 2019 a
513 1988 645 2031 reliquis
664 1987 811 2019 omnibus
830 1987 921 2019 libris
935 1987 969 2019 id
989 1987 1123 2020 exsulet.

166 2053 316 2085 Praestat
347 2052 444 2094 igitur
474 2051 600 2093 legere,
638 2058 673 2083 ut
707 2052 739 2082 in
773 2051 902 2094 vulgata
928 2056 995 2091 est,
1027 2051 1123 2095 idque

166 2113 326 2159 explicare
351 2113 551 2158 »praeteritis
581 2114 636 2148 iis,
665 2114 719 2157 qui
738 2125 775 2145 00
800 2125 866 2145 11011
890 2113 1117 2158 pertinerent.«

166 2177 266 2223 Apud
295 2177 399 2209 50111111
421 2177 615 2210 Martianum
643 2178 704 2209 hoc
731 2177 853 2208 duabus
878 2176 1124 2221 praepositioni-

136 2283 140 2288 .
168 2240 228 2271 bus
251 2245 378 2271 auctum
404 2239 534 2270 verbum
552 2238 633 2280 legi,
659 2238 715 2269 scd
734 2251 924 2282 qumnquam
947 2239 1020 2270 talis
1035 2249 1125 2281 prae-

168 2303 361 2346 positionum
387 2302 558 2334 cumulatio
585 2302 696 2333 seriori
720 2303 856 2333 maxime
879 2314 957 2333 aevo
981 2301 1125 2342 invaluit,

170 2364 305 2406 legimus
331 2370 439 2395 tamen
459 2364 542 2406 apud
561 2363 698 2407 optimos
719 2363 813 2394 etiam
832 2363 1003 2407 scriptores
1032 2363 1125 2394 „irre-

171 2426 343 2467 vocabilis,
368 2425 576 2469 impervius«,
604 2431 636 2457 et
657 2424 788 2466 similia,
816 2425 894 2469 quin
919 2425 1003 2468 apud
1020 2425 1126 2467 Virgi-

171 2490 250 2522 lium
270 2490 364 2522 etiam
383 2491 616 2533 impet-teiritus
633 2490 717 2534 (vide
738 2489 946 2533 Quinetilian.
967 2490 999 2530 1,
1017 2490 1050 2530 5,
1068 2490 1125 2521 (33.

173 2567 203 2599 p.
221 2553 310 2593 152,
337 2552 444 2596 ibique
470 2552 716 2595 Spaldingium).

248 2616 364 2648 milite-s
380 2612 486 2659 Jovis]
510 2614 630 2648 Iterum
647 2619 758 2649 noster
780 2615 861 2648 infra
879 2613 920 2660 (ἓ.
935 2615 996 2659 65)
1014 2616 1126 2648 horum

1168 607 1362 640 mentionem
1380 608 1471 648 fecit,
1490 614 1586 652 atque
1615 619 1674 650 ego
1695 608 1756 639 alio
1774 608 1846 640 loco
1872 607 1948 651 (pal.
1974 607 2041 639 crit.
2061 607 2120 639 III.

1170 668 1197 713 §.
1215 670 1300 702 480.
1328 670 1378 702 IV
1403 669 1430 714 ἓ.
1454 669 1540 712 695)
1566 671 1626 700 1100
1654 669 1789 701 militum
1817 681 1917 710 genus
1943 668 2122 713 compat-axi

1169 744 1241 763 011111
1266 731 1321 763 1110
1346 738 1504 763 astrorum
1530 731 1632 762 ollieio
1656 730 1740 774 apud
1763 730 1906 762 Graecos
1928 731 2027 775 (Max.
2046 731 2123 773 Tyr.

1172 797 1236 837 19,
1261 797 1283 828 G
1308 796 1327 827 Γ.
1356 809 1385 840 p.
1408 796 1456 828 55
1481 794 1604 838 Reish.)
1630 800 1662 825 et
1684 804 1785 831 ”2⁸23
1813 794 1897 838 apud
1919 794 2098 825 Hebraeos.

1245 857 1470 903 approperant]
1498 858 1598 903 Apud
1621 858 1834 890 Claudianum
1859 858 1950 902 (rapt.
1973 858 2065 889 Pros.
2089 858 2123 896 5,

1169 921 1206 966 5)
1230 922 1324 953 Iridis
1353 923 1413 954 1100
1438 920 1602 963 negotium
1626 925 1692 959 est,
1718 919 1796 951 deos
1815 919 1855 951 ad
1879 919 2048 951 concilium
2072 930 2123 950 10-

1171 997 1259 1024 01110,
1292 997 1428 1029 namque

1228 1050 1306 1080 »Illa
1325 1049 1462 1081 colorato
1480 1049 1642 1092 Zephyros
1669 1049 1838 1091 praclapsa
1861 1048 1971 1078 volam

1221 1111 1368 1143 Numina
1384 1112 1561 1143 conclamat
1577 1112 1694 1154 pelaqi,
1713 1110 1944 1155 IVympliasque
1963 1113 2126 1140 morantes

1222 1174 1390 1216 Increpat,
1411 1178 1441 1204 et
1458 1173 1578 1217 fluvios
1601 1172 1805 1204 lmmenlibns
1833 1175 1943 1202 evocat
1964 1170 2077 1201 antris.

1220 1237 1390 1280 Ancipiles
1412 1237 1591 1283 trepidique
1614 1241 1731 1268 ruunt«
1763 1240 1824 1266 cet.

1249 1297 1455 1343 animalibus]
1481 1297 1614 1329 Zodiaci
1636 1297 1726 1339 signa
1746 1295 1860 1337 innuit,
1882 1295 1915 1326 iu
1936 1294 2051 1338 quihus
2075 1293 2127 1325 de-

1172 1374 1262 1394 orum
1289 1363 1489 1406 planetarum
1516 1361 1700 1393 mansiones
1727 1366 1819 1401 sunt,
1856 1371 1935 1403 quas
1966 1358 2028 1389 alio
2056 1357 2128 1389 loco

1171 1423 1217 1468 (in
1237 1423 1398 1466 palaeogr.
1422 1423 1490 1455 crit.
1513 1423 1573 1454 III.
1591 1421 1618 1466 ξ.
1639 1423 1713 1453 282
1736 1427 1768 1453 et
1794 1421 1881 1463 505)
1915 1419 2045 1452 uberius
2076 1431 2128 1450 ex-

1173 1483 1308 1528 plicavi,
1331 1489 1363 1515 et
1390 1483 1519 1527 quinam
1538 1483 1686 1526 planetae
1707 1482 1782 1513 bina
1805 1483 1943 1513 habeant
1969 1480 2129 1512 domicilia

1174 1547 1390 1578 demonstran·
1414 1547 1510 1590 (conf.
1533 1545 1625 1577 Serv.
1642 1546 1682 1577 ad
1700 1545 1791 1586 Vix-g.
1811 1556 1918 1586 georg.
1941 1545 1973 1584 1,
2000 1542 2072 1586 55).

1248 1608 1423 1653 sexdecim]
1451 1610 1504 1640 Ex
1528 1609 1668 1640 Etrusca
1697 1608 1874 1651 disciplina.
1913 1607 2028 1639 Cicero
2055 1605 2129 1649 (div.

1175 1671 1210 1712 2,
1231 1670 1308 1715 18):
1326 1671 1468 1703 »coelum
1492 1670 1526 1701 in
1541 1669 1625 1703 XVI
1641 1674 1748 1713 partes
1771 1668 1947 1699 diviserunt
1964 1667 2120 1698 Etrusci-2

1176 1733 1281 1766 Gno’r.
1293 1752 1340 1757 ——
1355 1733 1404 1766 Cf.
1426 1732 1518 1765 Serv.
1532 1732 1571 1763 ad
1586 1730 1670 1764 Aen.
1691 1731 1726 1771 8,
1746 1730 1829 1762 427.
1857 1729 1985 1762 Clarius
2004 1728 2129 1760 Plinius

1175 1797 1230 1841 (2,
1260 1797 1338 1841 54)=
1369 1796 1428 1829 »In
1461 1796 1601 1828 sedecim
1637 1800 1745 1840 partes
1779 1794 1904 1826 coelum
1923 1810 1970 1817 —-
1995 1792 2128 1823 divisere

1175 1862 1306 1893 Thusei.
1331 1860 1440 1892 Prima
1459 1867 1508 1892 est
1527 1873 1544 1892 a
1562 1858 1835 1904 septentrionibus
1857 1857 1897 1889 ad
1915 1856 2127 1900 aequinoctia-

1174 1926 1239 1957 lem
1263 1931 1429 1965 exortum‚
1454 1925 1595 1956 secunda
1620 1924 1660 1955 ad
1688 1922 1871 1962 meridiem,
1900 1921 1994 1952 tertia
2017 1921 2057 1951 ad
2079 1931 2128 1951 ae-

1174 1989 1400 2032 quinoctialem
1421 1999 1580 2027 occasum,
1599 1990 1710 2029 quarta
1730 1985 1852 2017 obtinet
1865 1984 1952 2028 qnod
1971 1983 2128 2028 reliquum

1175 2056 1225 2081 est
1242 2051 1280 2081 ab
1295 2061 1411 2082 occasu
1430 2049 1468 2080 ad
1491 2047 1737 2092 septentriones.
1761 2047 1832 2078 Has
1858 2046 1974 2078 iterum
1994 2045 2027 2077 in
2052 2057 2127 2088 qua-

1178 2118 1282 2143 ternas
1310 2111 1447 2142 divisere
1470 2115 1596 2154 partes,
1633 2122 1674 2141 ex
1699 2109 1815 2153 quibus
1845 2114 1918 2140 octo
1942 2108 1981 2139 ab
2016 2112 2127 2138 exortu

1174 2180 1340 2217 sinistras,
1368 2177 1503 2208 totidem
1518 2188 1535 2208 0
1556 2175 1715 2208 contrario
1740 2175 1942 2218 appellavere
1960 2174 2118 2205 dextras«

1175 2240 1283 2271 Locus
1304 2239 1355 2271 hic
1375 2250 1451 2282 prae
1476 2238 1590 2270 ceteris
1614 2238 1783 2268 notandus
1809 2235 1907 2268 Addo
1931 2248 1948 2267 e
1971 2234 2123 2267 recentio-

1175 2303 1458 2335 ribu‘s.ll11''illerunl
1476 2303 1522 2346 (in
1540 2303 1666 2334 Etruse.
1687 2301 1729 2333 Π.
1754 2301 1824 2332 127
1843 2299 1946 2344 sequ.)
1970 2310 2008 2331 eo
2024 2297 2122 2329 liben-

1176 2365 1256 2404 tius,
1290 2376 1353 2409 quo
1375 2365 1498 2396 facilius
1523 2365 1555 2395 in
1581 2363 1789 2407 sequentibus
1813 2360 2029 2406 interpretatio
2052 2357 2122 2399 ejus

1175 2439 1247 2460 cum
1267 2438 1356 2467 mea,
1382 2426 1409 2457 si
1433 2427 1514 2457 sorte
1538 2426 1725 2466 erraverim,
1749 2424 1885 2457 conferri
1905 2421 2017 2466 possit.

1251 2489 1392 2521 discerni
1406 2487 1536 2533 dieitur]
1562 2488 1611 2519 Ita
1626 2500 1666 2519 cx
1680 2487 1840 2528 Hugiano,
1858 2481 2123 2523 Cantabldgiensi,

1178 2551 1374 2590 Britannico,
1401 2550 1649 2584 Darmstattensi
1674 2555 1706 2580 et
1721 2545 1907 2581 Monacensi
1921 2544 1977 2589 (C)
1993 2545 2121 2590 reposui

1176 2626 1233 2660 pro
1254 2614 1456 2647 discernitur.

1632 2671 1677 2705 12
1699 2668 1722 2696 ‘l‘

1381 525 1497 568 Nam
1527 525 1571 565 in
1602 524 1814 566 sexdecim
1844 525 2024 566 discerni
2050 524 2116 577 di-
2145 524 2206 566 45
