2310 2860
136 498 224 539 869

255 150 345 193 676

259 259 432 315 quinto,
475 257 557 296 hoc
594 263 655 294 est
697 267 806 294 anno
847 250 1180 292 undevicesimo.

814 146 1013 188 Martiani
1043 144 1243 200 Capellae
1273 145 1346 184 lib.
1366 144 1484 185 VIII.
1516 147 1546 195 §.
1569 145 1666 186 868.

1250 249 1361 290 Nam
1393 257 1440 288 ut
1483 249 1563 289 sub
1603 249 1753 290 eadem
1791 251 1857 291 die
1903 261 2029 304 atque
2067 249 2214 290 iisdem

259 335 645 396 propinquitatibus
676 333 865 374 siderum
889 331 1171 372 inerrantium
1192 327 1244 368 ad
1274 327 1387 367 idem
1415 326 1573 378 redeat,
1604 327 1765 368 faciunt
1788 329 1885 368 anni
1910 329 2217 384 quinquaginta

265 419 481 473 quinque3
520 425 564 457 ut
587 430 690 456 vero
717 415 840 455 etiam
859 413 1128 469 planetarum
1147 409 1299 450 iisdem
1318 408 1551 450 rationibus
1573 408 1654 449 sub
1672 407 1820 449 eadem
1843 408 1980 463 specie
1997 409 2218 463 contingat,

259 497 357 543 anni
388 496 531 550 magni
569 494 783 549 prolixitas
822 492 1059 548 spectanda.

1128 489 1298 531 verum
1339 488 1488 529 eadem
1528 490 1654 530 LUna
1689 503 1826 544 qUum
1859 502 2003 529 secans
2034 488 2214 529 SOlal'en‘l

257 578 417 619 lineam
454 577 498 617 in
529 576 775 631 aquilonem
813 574 995 626 scandit,
1039 581 1218 616 vocatur
1255 573 1363 616 ὕψος
1399 572 1629 620 ὑψουμένηῇ
1671 584 1810 624 quum
1851 568 1903 609 ab
1935 567 2133 622 aquilone
2164 567 2218 608 ad

332 705 587 751 undevicesimo]
625 705 675 738 Ita
707 705 888 738 necessario
916 703 1117 736 scribendum
1146 706 1214 732 crat

257 768 309 801 vel
333 774 465 812 propter
487 767 727 799 antecedentem
746 767 902 798 mensium
924 776 1107 803 numerum,
1136 762 1212 793 licet

256 830 343 874 apud
370 830 518 862 Grotiuin
546 830 594 860 29
620 834 743 868 exstet3
769 833 818 859 cst
839 827 922 859 enim
944 828 1023 857 hace
1046 824 1213 857 notissima

255 891 313 922 illa
332 891 472 923 Metonis
494 878 645 933 periodus
670 884 1059 933 ἐννεακιιιὸεκετηρὶς,
1087 886 1126 917 dc
1150 897 1212 928 qua

255 954 443 986 conserendi
469 958 543 984 sunt
571 952 728 984 Geminus
754 952 795 995 (l.
816 951 837 982 1.
863 952 902 990 G,
933 963 962 993 p.
981 948 1044 991 58)
1070 953 1103 978 et
1128 947 1212 979 Cen-

256 1015 387 1046 sorinus
407 1015 460 1057 (de
479 1014 529 1044 die
553 1019 616 1044 nat.
636 1013 712 1054 18)3
740 1012 831 1055 plura
853 1011 940 1042 dabit
961 1009 1068 1041 Ideler
1087 1008 1211 1052 (nand-

254 1076 342 1108 lmch
364 1076 420 1106 der
440 1074 658 1115 Clironologie
684 1074 724 1106 T.
747 1073 780 1113 Ι,
809 1085 842 1115 p.
861 1073 918 1103 47.
946 1072 1031 1102 298.
1052 1069 1149 1111 515).

333 1141 569 1186 quinquaqinta
598 1134 759 1183 quinque]
797 1135 881 1171 Yide
908 1146 948 1166 ne
973 1133 1145 1174 legendum
1171 1131 1212 1162 sit

256 1204 496 1249 quinquaqinta
529 1212 654 1238 norem3
689 1204 737 1229 101
769 1197 853 1228 enim
881 1208 1035 1228 annorum
1059 1195 1211 1238 periodus

256 1263 298 1294 ab
324 1262 462 1304 antiquis
484 1262 535 1292 vel
557 1259 705 1291 Philolao
724 1258 775 1289 vel
801 1257 963 1300 Oenopidi
985 1255 1150 1294 tribuitur,
1172 1255 1211 1286 dc

256 1337 321 1369 qua
347 1324 531 1356 confercndi
556 1328 630 1354 5001
655 1321 839 1353 Boeckhius
867 1320 911 1362 (in
934 1319 1052 1351 Philol.
1076 1331 1107 1361 p.
1127 1318 1211 1358 154)

257 1394 291 1420 ct
314 1388 421 1419 Ideler
443 1386 611 1429 (Clironol.
634 1385 665 1423 I,
688 1396 719 1426 p.
733 1383 831 1425 502).

331 1451 440 1481 iisdem
454 1445 646 1490 rationibus]
659 1445 732 1477 MS.
742 1445 862 1476 hisdem
878 1444 1119 1474 radiationibus.
1137 1441 1212 1472 Non

256 1510 350 1542 male.
368 1509 472 1541 Gnor.

331 1572 411 1602 0ηηὶ
432 1567 552 1613 mayni]
581 1567 763 1599 Macrobius
788 1565 834 1609 (in
851 1564 1054 1607 somn.Scip.
1072 1564 1106 1603 2,
1133 1564 1209 1606 11):

262 1631 436 1665 »Mundani
460 1642 535 1671 ergo
561 1629 633 1660 anni
659 1627 731 1658 finis
752 1631 817 1665 est,
844 1638 941 1668 quum
965 1625 1078 1656 stellae
1099 1635 1209 1655 omnes

253 1693 424 1736 omniaque
447 1692 566 1729 sidera,
598 1700 679 1731 quae
704 1687 834 1730 aplanes
855 1686 965 1725 hahet,
991 1698 1008 1716 a
1029 1690 1115 1716 certo
1137 1685 1209 1715 loeo

254 1756 296 1787 ad
329 1755 465 1787 eundem
500 1754 606 1784 locum
643 1751 686 1781 ita
726 1748 951 1788 remeaverint,
1000 1753 1036 1778 ut
1072 1759 1111 1778 ne
1148 1759 1209 1777 uua

253 1818 385 1862 quidem
414 1815 495 1847 coeli
521 1814 613 1845 stella
637 1813 670 1843 in
694 1812 755 1843 3110
781 1812 854 1842 1000
878 1811 935 1850 511,
970 1822 1064 1853 (10301
1088 1810 1121 1841 10
1145 1821 1209 1852 quo

252 1879 330 1918 fuit,
361 1889 458 1920 quum
487 1875 566 1906 aliae
602 1884 712 1904 omnes
739 1884 778 1903 ex
814 1884 852 1903 co
886 1872 957 1902 loeo
988 1877 1092 1902 motae
1125 1877 1208 1911 5001,

255 1942 296 1972 ad
322 1952 415 1984 quem
448 1949 595 1969 reversae
630 1947 712 1967 anno
744 1946 802 1966 suo
838 1935 932 1965 finem
965 1935 1138 1973 dederunt,
1166 1934 1210 1965 ita

253 2010 292 2035 ut
315 2005 437 2034 lumina
463 2012 590 2044 quoque
614 2011 685 2031 cum
704 1999 850 2029 erraticis
874 1999 1017 2044 quinque
1040 1997 1071 2028 in
1097 1998 1209 2028 iisdem

254 2065 338 2097 locis
367 2070 399 2094 et
431 2061 576 2106 partibus
604 2060 685 2099 5101,
715 2059 748 2089 10
777 2058 892 2101 quihus
922 2059 1094 2101 incipiente
1121 2070 1209 2090 mun-

255 2128 340 2160 dano
367 2136 450 2156 anno
474 2125 615 2161 fiicrant3
644 2124 704 2153 hoe
728 2126 850 2161 autem,
885 2127 921 2151 ut
945 2121 1068 2164 physici
1087 2121 1210 2160 volunt,

254 2193 332 2233 post
358 2196 511 2218 annorum
540 2182 720 2226 quindecim
747 2182 846 2212 millia
870 2187 998 2225 peracta
1022 2181 1204 2222 contingit.«

255 2251 326 2284 Alii
350 2249 429 2281 alios
454 2257 603 2278 numeros
628 2244 772 2283 tradunt,
802 2255 883 2287 (1005
907 2246 1043 2276 afferunt
1059 2244 1211 2276 Davisius

257 2313 313 2362 (ad
331 2310 402 2343 Cic.
415 2308 457 2340 N.
471 2308 513 2338 D.
528 2307 563 2346 2,
589 2305 667 2346 20),
690 2304 819 2347 Lipsius
838 2305 891 2348 (ad
912 2304 989 2337 Sen.
1007 2318 1037 2348 p.
1055 2305 1157 2348 759),
1181 2311 1213 2337 et

257 2378 291 2410 J,
306 2376 351 2409 Η,
368 2371 508 2405 Vossius
531 2369 584 2412 (ad
601 2367 716 2408 Vix-gil.
734 2367 795 2400 ecl.
809 2368 853 2408 4,1
869 2368 922 2410 3);
949 2368 1029 2399 adde
1050 2367 1212 2399 Achillem

258 2439 388 2473 Tatium
416 2434 512 2478 (isag.
540 2433 602 2472 18,
626 2443 656 2475 p.
677 2430 761 2473 157)
782 2436 813 2462 ct
836 2431 988 2463 Photium
1014 2431 1103 2475 (bibl.
1125 2432 1211 2466 249,

261 2515 295 2547 p.
312 2499 412 2542 440).

338 2558 524 2606 spectanda]
535 2559 622 2603 Lege
638 2559 861 2603 exspectanda.
870 2558 1056 2593 (lm-Non
1067 2571 1209 2594 necesse.

1338 710 1450 730 verum
1477 697 1600 742 eadem]
1626 699 1814 740 Legendum
1839 703 1917 741 puto
1944 702 2093 728 »vocatur
2111 691 2217 736 ὕψος

1263 756 1453 804 ὑψωμένη
1472 765 1504 791 et
1521 759 1636 790 deinde
1651 755 1758 799 ὕψος
1774 755 2076 803 ταπεινουμένηε
2093 761 2125 787 et
2143 761 2217 799 post

1262 819 1448 861 ταπεινὸς
1462 821 1747 867 ταπεινουμένη
1767 828 1799 853 01
1817 822 1897 854 infra
1909 816 2093 858 ταπεινὸς
2111 816 2217 858 ὑψω-

1263 883 1379 930 μένηι
1400 885 1452 917 vel
1475 897 1550 917 sane
1571 886 1656 928 quod
1675 885 1774 926 magis
1798 885 1922 917 Graece
1945 884 2067 915 dicetur
2090 877 2217 920 ὑψόὸε

1263 944 1468 994 ὑψωμὲνη,
1486 944 1612 987 ὑψόσε
1631 947 1927 993 ταπεινουμὲνη,
1945 943 2137 984 ταπεινῶς
2155 955 2218 977 τα-

1264 1009 1522 1057 πεινουμένη,
1550 1010 1746 1050 ταπεινῶς
1767 1009 1972 1055 ὐψωμένη.
2001 1007 2127 1040 Similia
2143 1010 2218 1038 sunt

1262 1071 1318 1102 illa
1341 1071 1373 1103 in
1408 1072 1627 1105 arithmeticis:
1658 1069 1848 1117 »cimbam
1880 1068 2011 1116 ἀρτία,
2043 1066 2216 1115 ἀρτὶακις

1261 1134 1438 1180 scemam,
1468 1132 1689 1181 περισσάκις
1713 1131 1884 1181 περισσὰ,
1915 1129 2136 1179 περιὸὄάκις
2154 1126 2216 1175 ἆρ-

1263 1196 1358 1230 τὶα.«
1378 1197 1482 1228 Gnor.
1501 1216 1548 1220 —
1583 1198 1730 1229 Mai-{iani
1762 1197 1913 1239 Capellae
1947 1196 2038 1226 locus
2069 1193 2216 1236 egregius

1263 1257 1301 1287 de
1332 1257 1380 1287 his
1411 1258 1522 1289 Lunae
1559 1258 1697 1289 motibus
1729 1258 1771 1288 ita
1800 1257 1956 1298 legendus
1987 1261 2050 1287 est:
2075 1254 2215 1286 »Verum

1262 1318 1370 1348 cadem
1394 1319 1486 1349 Luna
1506 1330 1603 1361 quum
1627 1330 1738 1349 secans
1767 1319 1902 1348 solarem
1926 1318 2043 1347 lineam
2068 1315 2102 1346 in
2125 1314 2213 1358 aqui-

1262 1378 1368 1408 lonem
1385 1379 1519 1418 scandit,
1544 1384 1676 1410 vocatur
1691 1375 1797 1417 ὗψος
1812 1375 2040 1422 ὑψουμένηι
2061 1388 2159 1420 quum
2177 1376 2216 1407 ab

1263 1439 1412 1482 aquilone
1444 1440 1482 1470 ad
1516 1440 1652 1470 solarem
1678 1439 1795 1470 lineam
1827 1439 1925 1479 redit,
1973 1438 2088 1469 dicitur
2107 1433 2215 1477 ὕψος

1262 1499 1564 1546 ἴαπεινουμείἠι
1580 1513 1677 1543 quum
1691 1513 1707 1531 a
1725 1501 1820 1531 solari
1839 1501 1925 1532 linea
1946 1501 1980 1531 10
1998 1505 2139 1531 austrum
2162 1498 2214 1529 de-

1263 1561 1396 1613 scendis,
1417 1560 1644 1604 ταπείνωμα
1662 1561 1966 1608 ταπεινουμὲνηε
1986 1573 2084 1605 quum
2100 1560 2215 1592 deinde

1261 1625 1389 1655 rediens
1421 1625 1459 1655 ad
1495 1624 1606 1656 Solem
1644 1626 1796 1666 resurgit,
1832 1624 2058 1668 ταπείνωμα
2088 1621 2213 1664 ὑψου-

1260 1685 1368 1729 μένη.
1407 1686 1533 1716 Plinius
1559 1686 1689 1727 degredi
1718 1698 1755 1717 ea
1779 1686 1854 1717 dicit
1878 1698 1958 1729 quae
1983 1687 2022 1717 ab
2046 1685 2212 1716 altitudine

1261 1748 1476 1788 descendunt,
1506 1761 1564 1791 pro
1588 1761 1652 1792 quo
1672 1749 1780 1779 multis
1805 1749 1885 1781 10015
1903 1749 2027 1792 ᾰῐφ·0(1ἰ
2044 1759 2210 1791 perperam

1261 1811 1380 1843 editum
1411 1817 1459 1842 cst
1489 1823 1557 1855 cap.
1586 1812 1684 1843 XVII
1710 1812 1763 1843 lib.
1788 1813 1830 1843 Π.
1857 1812 1997 1844 Simus.
2024 1811 2083 1855 (ad
2107 1810 2212 1843 Solin.

1260 1885 1290 1916 p.
1309 1872 1463 1915 7234)-
1487 1873 1645 1916 Equidem
1674 1873 1823 1904 Salmasii
1856 1873 2026 1905 lectionem
2054 1873 2211 1916 praefero,

1262 1933 1336 1977 quia
1354 1946 1423 1965 cuni
1441 1934 1603 1965 codicibus
1623 1933 1793 1973 Grotiano,
1810 1934 2077 1974 Reiclienauensi,
2099 1935 2212 1965 Barm-

1262 1995 1426 2034 stattcnsi,
1455 2001 1486 2025 01
1510 1995 1698 2026 Monacensi
1718 1995 1774 2037 (C)
1792 1995 1938 2036 congruit
1962 1976 2024 2027 tam
2049 1995 2083 2027 in
2105 1995 2210 2027 verbis

1262 2070 1361 2104 quum
1387 2069 1500 2088 sec-ins
1523 2069 1580 2100 pro
1612 2069 1785 2089 censemus
1808 2070 1902 2101 quam
1925 2058 1958 2089 in
1982 2071 2060 2091 voce
2089 2059 2210 2104 aquilo-

1261 2133 1333 2151 nem
1360 2131 1419 2163 pro
1448 2122 1607 2166 aquilone.
1642 2121 1741 2163 Quod
1772 2121 1812 2152 ad
1840 2118 1961 2161 ὕψος,
1996 2121 2148 2152 omissum
2177 2121 2209 2152 in

1262 2184 1371 2222 editis,
1410 2184 1440 2214 id
1471 2196 1599 2227 quoquc
1625 2184 1828 2215 Monacensis
1859 2184 1932 2225 (C)
1961 2184 2109 2226 praehet,
2147 2184 2209 2216 nisi

1262 2246 1348 2289 quod
1376 2253 1558 2289 corruptum
1582 2252 1733 2290 sequatur
1755 2257 1852 2279 ινου.
1878 2245 2026 2288 Denique
2047 2246 2103 2278 uhi
2125 2247 2208 2280 Gro-

1262 2309 1325 2340 tius
1350 2309 1413 2350 legi
1437 2309 1530 2350 jubet
1559 2305 1757 2351 ταπεινὸς,
1795 2308 1861 2339 sive
1889 2308 2100 2352 ταπεινῶς,
2136 2309 2208 2342 Sal-

1262 2370 1353 2402 masii
1375 2370 1470 2401 lectio
1493 2370 1606 2400 iteruin
1627 2381 1697 2400 cum
1720 2369 1906 2401 Monacensi
1924 2370 2033 2402 codice
2049 2372 2208 2412 convenit,

1260 2432 1294 2463 10
1315 2442 1379 2474 quo
1403 2440 1597 2472 ταπυιόμα
1619 2430 1746 2470 legitur.
1773 2431 1882 2472 Vulgo
1901 2431 2008 2474 inepte
2024 2429 2208 2472 ταπεινὸς

1261 2492 1473 2538 ὑπομένην.
1508 2493 1582 2524 vox
1606 2491 1832 2536 ταπεὲνωμα
1853 2494 1947 2526 etiam
1975 2495 2060 2539 apud
2080 2495 2206 2527 Plutar-

1260 2557 1353 2590 chum
1373 2559 1406 2587 et
1425 2553 1631 2587 Cleomedon}
1653 2554 1798 2586 occurrit.
