2310 2860
708 189 908 233 Martiani
939 189 1138 247 Capellae
1167 190 1239 231 lib.
1262 191 1341 232 IX.
1373 193 1406 242 §.
1438 192 1538 233 939.

2009 194 2095 235 747

137 294 245 337 illud
276 309 400 348 vero,
449 295 566 352 quod
604 296 774 339 mollius
808 297 1017 348 diximus,
1062 312 1138 353 per
1171 298 1449 338 tritemoriam
1489 298 1622 339 diesin
1655 299 1902 354 copulatur3
1947 299 2090 355 ipsum

137 391 240 418 vero
276 377 454 418 chroma
488 376 719 419 hemiolion
759 374 805 418 fit
843 377 896 419 ab
936 377 1136 420 hemiolia
1175 377 1278 420 diesi
1313 378 1403 434 ejus
1443 393 1553 435 quae
1584 380 1633 421 sit
1663 380 1950 425 enarmoniae.
2006 380 2089 425 Sed

138 471 252 499 nunc
282 458 335 500 de
366 460 483 500 tonis.

955 617 1035 659 DE
1073 616 1264 661 TONIS.

278 734 431 778 Tonus
471 747 530 778 est
566 737 686 794 spatii
731 736 998 794 magnitudO,
1041 738 1115 793 qui
1161 738 1253 780 ideo
1291 748 1415 781 tonus
1459 739 1594 782 dictus
1632 750 1712 792 est,
1751 741 1852 796 quia
1890 755 1965 796 per
2001 739 2084 781 hoc
2111 739 2204 784 960

133 817 315 872 spatium
347 828 440 859 ante
468 833 613 859 omnes
642 819 780 874 prima
808 833 891 860 vox
919 832 1030 873 quae
1057 817 1184 859 fucrit
1209 819 1469 871 extenditur,
1500 820 1583 860 hoc
1608 829 1667 861 est
1692 819 1744 860 de
1770 829 1867 860 nota
1895 818 2084 873 qualibet

132 899 174 939 iu
205 909 372 952 notam3
411 910 457 941 ut
498 915 519 942 a
559 900 697 942 media
736 901 778 941 in
818 916 1093 956 paramesen,
1140 911 1188 943 ut
1225 911 1285 943 est
1322 902 1363 943 in
1405 902 1566 957 Lydio,
1606 903 1639 943 si
1685 916 1707 942 a
1738 903 1820 942 iota
1851 900 2007 942 directo
2039 901 2082 941 in

128 978 262 1034 sigma
305 982 444 1034 jacens
483 982 598 1036 signa
638 992 905 1023 concurrant.

981 982 1149 1023 Verum
1197 986 1298 1038 quia
1345 984 1576 1025 hemitonia
1615 983 1825 1038 diesisque
1868 982 1973 1037 quid
2013 981 2081 1023 vel

130 1069 314 1113 quantae
345 1061 549 1114 qualesve
578 1062 658 1101 sint
687 1061 834 1112 docui,
866 1070 1087 1117 troporum
1121 1064 1243 1104 otiam
1270 1065 1443 1105 nomina
1474 1078 1797 1119 numerumque
1824 1064 2080 1114 monstravi3

128 1155 242 1180 nunc
271 1140 324 1181 de
355 1141 630 1182 tetrachordis
665 1142 934 1197 eloquamur.

201 1309 282 1339 illml
299 1307 394 1354 vero]
420 1309 528 1341 Locus
548 1310 590 1341 ita
615 1309 711 1351 vulgo
734 1310 903 1341 edebatur:
928 1312 980 1342 »in
1001 1311 1082 1342 illud

126 1382 203 1402 ‘vero
220 1383 339 1415 —per
363 1372 567 1404 tritemoriani
592 1374 687 1404 diesis
705 1373 907 1417 copulatur«,
935 1374 1021 1416 quod
1041 1386 1081 1405 ex

126 1441 262 1478 utroque
291 1436 505 1467 Meibomiano
528 1436 676 1477 correxi3
711 1437 813 1468 diesin
846 1437 940 1468 etiam
966 1437 1079 1468 Darni-

126 1497 289 1528 stattensis
306 1503 415 1529 noster
430 1497 586 1541 praebuit.
612 1498 662 1529 De
679 1498 781 1529 tribus
805 1498 937 1530 dieseon
957 1498 1079 1541 generi-

124 1560 185 1592 bus
208 1560 279 1592 vide
305 1561 500 1606 superiorem
525 1562 630 1594 locum
657 1560 699 1606 (ἓ.
714 1561 812 1605 950).

200 1630 295 1657 tonus
315 1624 376 1670 est]
403 1626 543 1657 Dubium
568 1626 606 1657 de
625 1637 688 1669 qno
704 1631 782 1657 tono
803 1627 882 1657 haee
899 1624 996 1657 verba
1015 1624 1079 1657 sint

123 1687 323 1730 accipienda,
364 1688 482 1731 quippe
515 1688 554 1719 de
589 1693 725 1731 utroque
760 1687 895 1729 intelligi
928 1692 1076 1730 possunt,

121 1755 185 1780 tam
216 1754 293 1780 tono
335 1755 544 1793 superoctaro
579 1761 674 1793 quam
709 1761 748 1781 eo
785 1750 841 1792 qui
874 1754 907 1780 et
930 1744 1078 1795 τρόπος

124 1812 318 1856 appellatum
350 1813 457 1856 potius
483 1819 588 1844 tamen
622 1814 661 1845 de
687 1813 812 1856 priore,
852 1812 879 1843 si
909 1812 1077 1856 sequentia

124 1875 220 1907 verba
249 1876 501 1911 considerentur,
546 1877 606 1909 Sin
630 1876 828 1908 tractationis
857 1875 1001 1906 ordinem
1029 1875 1075 1906 in-

125 1939 312 1983 spiciamus,
339 1940 390 1971 hie
423 1940 578 1981 agendum
599 1945 686 1971 esset
713 1940 752 1971 de
776 1939 861 1971 tonis
884 1951 942 1970 seu
962 1939 1075 1970 modis.

123 2001 227 2033 Tanta
252 2001 304 2033 hie
327 2001 489 2042 confusio,
515 2002 609 2043 cujus
633 2002 737 2045 ipsum
752 2001 943 2034 Martialium
962 2000 1074 2032 merito

122 2064 331 2108 postulamus.
364 2064 447 2095 Nam
473 2063 500 2095 si
530 2063 580 2095 vel
604 2064 739 2096 maxime
766 2064 903 2104 dicatur,
936 2063 1075 2095 breviter

121 2138 194 2158 eum
224 2125 291 2157 toni
321 2125 484 2157 notionem
510 2125 716 2169 explicando,
753 2130 785 2157 et
811 2125 970 2170 duplicem
1002 2125 1073 2167 ejus

122 2189 383 2230 significationem
396 2190 606 2229 ostendendo,
626 2191 664 2221 ad
684 2189 905 2233 praecedentia
920 2190 1073 2222 lectorem

123 2250 283 2282 remittere
310 2251 468 2292 voluisse3
505 2251 583 2295 quid
609 2251 762 2283 attinebat
789 2263 883 2293 agere
907 2251 947 2283 de
977 2256 1072 2283 tetra-

121 2311 248 2344 chordis
281 2317 313 2342 et
336 2314 574 2355 pentaeliordi5‚
611 2326 692 2358 quae
720 2319 871 2357 utraque,
899 2326 996 2358 quum
1021 2325 1070 2357 sy-

123 2379 255 2405 stemata
283 2373 361 2413 sint,
400 2374 433 2405 in
460 2380 594 2406 tractatu
617 2376 656 2407 de
685 2381 857 2419 systemate
885 2375 1072 2420 pertractari

121 2436 328 2468 debuissent?
351 2437 491 2469 Mummi.
510 2456 556 2461 —
581 2439 632 2470 De
662 2440 756 2471 variis
789 2439 1072 2482 significationibus

122 2500 209 2532 *ocis
242 2506 336 2532 tonus
368 2500 439 2531 vide
480 2501 677 2544 superiorem
710 2509 817 2535 notam
847 2503 906 2547 (ad
932 2501 1070 2548 §.951).

123 2564 335 2607 praepostere
362 2562 553 2596 Mai-nauum
582 2564 686 2606 egisse
716 2567 825 2608 negari
856 2566 983 2610 nequit,
1015 2566 1071 2610 qni

122 2637 220 2669 quum
239 2625 336 2657 multa
349 2625 415 2667 jam
432 2631 522 2657 antea
541 2626 767 2669 praemisisset,
786 2627 907 2661 seilicet
923 2634 957 2660 ut
975 2628 1069 2660 altius

993 1144 1106 1184 Nam
1139 1146 1290 1200 singuli
1321 1146 1483 1199 quique
1515 1145 1623 1200 tropi
1654 1142 1920 1186 tetrachorda
1948 1142 2081 1198 quina

1133 1320 1318 1345 tenerentur
1339 1313 1463 1358 (§.955
1485 1315 1534 1358 fi),
1561 1315 1628 1357 jam
1647 1326 1705 1347 suo
1723 1313 1795 1347 loeo
1819 1320 1851 1347 et
1874 1314 1984 1346 ordine
2004 1314 2081 1358 quid

1132 1376 1207 1408 novi
1233 1377 1390 1419 proferret
1412 1388 1476 1407 non
1494 1377 1637 1407 habebat.

1207 1439 1246 1470 de
1270 1445 1346 1470 nota
1368 1438 1526 1486 qualibet]
1564 1440 1654 1471 Hace
1679 1438 1775 1470 verba
1799 1439 1896 1470 ferme
1921 1437 2077 1480 ejicerem.

1130 1499 1201 1532 Nisi
1224 1500 1305 1531 enim
1338 1502 1514 1545 largissime
1542 1501 1609 1532 toni
1635 1500 1824 1531 vocabulum
1849 1500 2000 1543 accipias,
2031 1511 2077 1531 er-

1129 1573 1234 1593 rorem
1257 1563 1399 1605 pariunt,
1434 1562 1551 1605 quippe
1579 1562 1618 1593 ab
1641 1563 1756 1605 hypate
1784 1573 1894 1592 meson
1923 1561 1961 1592 ad
1988 1573 2077 1605 pary-

1129 1629 1225 1667 paten
1245 1623 1279 1654 in
1302 1624 1431 1654 diatono
1463 1635 1529 1654 non
1554 1623 1620 1654 toni
1645 1624 1702 1654 sed
1725 1624 1889 1654 hemitonii
1910 1622 2078 1654 intercedit

1128 1686 1347 1727 intervallum3
1382 1699 1513 1731 nempe,
1549 1692 1585 1718 ut
1613 1687 1805 1719 recentiores
1838 1687 2028 1731 loquuntur,
2060 1699 2077 1718 a

1128 1752 1174 1783 vni
1195 1751 1234 1782 ad
1253 1750 1455 1794 fmlilnmon.

1202 1814 1236 1843 in
1257 1810 1379 1856 siyma]
1408 1812 1494 1853 Lege
1515 1813 1550 1842 in
1573 1813 1675 1855 siqma
1688 1812 1812 1856 jacens.
1838 1811 1956 1843 Literis
1981 1810 2076 1852 eninm,

1127 1880 1163 1906 ut
1187 1887 1226 1906 ex
1247 1874 1464 1919 superioribus
1485 1874 1602 1918 liquet,
1629 1875 1734 1907 omnia
1753 1875 2003 1907 modulationum
2025 1886 2077 1916 geo

1126 1949 1202 1968 nera
1223 1936 1420 1968 distinxerat.
1435 1935 1598 1968 GRoT.—-—
1625 1935 1692 1968 Sed
1720 1942 1751 1968 et
1773 1938 1851 1968 haec
1872 1948 2013 1968 erronea.
2040 1935 2078 1968 Si

1124 1998 1203 2030 haee
1232 1997 1325 2029 xmba
1353 2009 1374 2029 ιι
1398 1998 1472 2030 Iota
1497 1998 1618 2030 directe
1644 1997 1782 2029 retinere
1814 1998 1963 2038 velimus,
2000 1997 2075 2029 seri-

1125 2061 1280 2093 bendum:
1297 2061 1339 2092 »si
1360 2074 1377 2092 a
1393 2061 1463 2092 Iota
1482 2061 1584 2093 dii-eto
1598 2062 1631 2093 in
1648 2062 1728 2093 Zeta
1747 2061 1837 2103 signa
1855 2066 2076 2093 concurrantu:

1124 2125 1175 2157 sin
1201 2125 1331 2157 verbum
1353 2125 1486 2169 jacens,
1513 2127 1574 2157 hoe
1598 2125 1708 2157 modo:
1745 2125 1792 2156 »si
1815 2137 1834 2156 a
1855 2125 1925 2156 Iota
1953 2124 2072 2155 directo

1125 2194 1157 2221 et
1178 2189 1321 2220 Lambda
1338 2189 1466 2231 jacente
1484 2188 1517 2220 in
1533 2190 1615 2220 Zeta
1640 2194 1673 2220 et
1696 2189 1740 2220 1²2·
1756 2188 1870 2230 jacens
1891 2187 1980 2228 signa
1997 2197 2071 2218 eon-

1122 2257 1278 2285 cnrrant.«
1298 2253 1497 2285 Mernou.—
1515 2252 1625 2293 Vulgo
1647 2252 1752 2294 inepte
1782 2251 1934 2282 edebatur
1947 2261 2070 2281 summu

1097 2317 1249 2361 ‘jac-ens,
1279 2315 1364 2359 qnod
1385 2327 1402 2347 e
1424 2316 1532 2348 codice
1548 2314 1795 2347 Darnistattensi
1813 2314 1953 2353 eorrexi3
1980 2324 2069 2357 prae·

1122 2384 1209 2410 terea
1228 2377 1254 2408 si
1276 2377 1347 2420 quis
1367 2377 1440 2409 hnic
1459 2377 1532 2410 loco
1555 2388 1644 2409 error
1663 2375 1761 2415 inest,
1783 2374 1940 2407 Martiano
1961 2373 2070 2418 potius

1123 2453 1217 2485 quam
1236 2440 1372 2472 librariis
1387 2440 1553 2473 tribuatur.
1580 2440 1731 2473 Ceterum
1746 2438 1855 2470 confer
1872 2437 2068 2481 superiorem

1120 2508 1228 2534 notam
1249 2502 1302 2546 (ad
1328 2501 1357 2546 ἓ.
1372 2501 1472 2545 945).

1195 2561 1326 2611 quique]
1353 2562 1499 2608 Reposui
1522 2563 1583 2594 hoc
1601 2573 1618 2593 e
1636 2559 1791 2593 Gratiano
1814 2559 1922 2593 codice
1940 2564 1973 2591 et
1988 2558 2065 2592 Mei-

1119 2626 1267 2660 bomiano
1289 2627 1318 2658 Β
1337 2638 1396 2672 pro
1418 2629 1560 2674 quinque
1578 2625 1610 2657 in
1631 2623 1736 2658 editis.

1584 2688 1631 2720 94
1650 2686 1669 2709 *
