2310 2860
725 168 925 210 Martiani
955 167 1154 224 Capellae
1184 168 1257 209 lib.
1279 168 1333 211 V.
1371 170 1403 221 §.
1422 169 1524 210 489.
2022 173 2109 215 427

159 275 380 329 conjuncta
411 275 498 315 vim
525 275 706 316 veritatis
741 283 982 326 assumunt,
1010 283 1077 315 ut:
1107 273 1255 325 „Quid
1279 275 1312 315 si
1344 275 1534 327 accedat,
1563 285 1611 317 ut
1631 276 1767 318 tenuis
1799 287 1919 320 antea
1948 278 2108 321 fueris?

160 356 263 411 quid
300 356 356 406 si,
415 366 461 396 ut
500 355 684 397 avarus?
744 355 848 410 quid
889 356 946 405 si,
986 364 1034 396 ut
1071 354 1242 395 audax?
1292 354 1397 409 quid
1434 355 1489 406 si,
1537 364 1583 396 ut
1622 357 1712 410 ejus
1752 358 1827 413 qui
1857 359 2018 401 occisus
2049 370 2109 403 est

158 435 417 476 inimicus?“
456 435 619 489 singula
655 435 784 487 haee,
829 435 930 491 quia
970 450 1055 476 non
1097 434 1335 488 sufficiunt,
1393 436 1550 478 idcirco
1590 447 1838 494 congregata
1869 449 2108 495 ponuntur,

160 522 206 554 ut
239 529 291 555 ex
323 515 464 556 multis
494 515 645 569 junctis
675 531 742 558 res
775 516 920 571 aliqua
950 515 1239 559 confirmetur.

804 671 877 713 AB
919 671 1470 716 ANTECEDENTIBUS.

327 777 394 817 Ab
435 777 796 828 antecedentibus,
842 778 948 818 sicut
987 777 1156 819 Cicero:
1194 778 1375 829 „Quum
1421 779 1491 822 ille
1528 793 1612 820 non
1651 778 1909 821 dubitaverit
1946 780 2110 836 aperire
2137 775 2229 820 490

163 856 267 911 quid
298 859 560 912 cogitaverit,
592 874 665 900 vos
690 859 856 914 potestis
888 858 1086 901 dubitare
1118 858 1221 914 quid
1247 859 1452 902 ι’(τςρνίιὶ)ιι
1488 862 1716 903 Praecessit
1745 861 1856 903 enim
1877 861 2118 919 praedictio,

163 941 237 982 ubi
275 950 334 982 cst
365 950 689 997 argumentum,
733 950 929 982 secutum
960 950 1020 982 est
1049 940 1234 992 factum,
1274 941 1388 983 unde
1419 951 1482 983 est
1511 942 1713 997 quaestio,

841 1098 875 1138 Δ
914 1096 1460 1145 CONSEQUENTIBUS.

332 1203 370 1244 A
413 1202 770 1257 consequentibus
815 1217 917 1244 vero
959 1202 1218 1252 conversim,
1274 1210 1321 1242 ut
1360 1201 1551 1256 quaestio
1591 1201 1633 1242 in
1675 1201 2016 1244 antecedentibus
2048 1203 2121 1253 sit,
2152 1198 2237 1239 491

170 1292 470 1337 argumentum
512 1284 556 1323 in
594 1282 893 1337 sequentibus,
936 1283 1018 1324 hoc
1050 1282 1200 1333 mode,
1244 1293 1313 1334 ut,
1345 1284 1377 1323 si
1409 1283 1490 1323 hoc
1523 1293 1716 1325 secutum
1749 1293 1829 1335 est,
1859 1283 1966 1325 illud
1997 1298 2121 1339 prae-

165 1364 355 1415 cesserit,
414 1373 478 1403 ut:
519 1364 552 1403 si
594 1364 776 1417 peperit,
835 1378 935 1403 cum
975 1365 1067 1404 viro
1109 1364 1349 1404 concubuit.
1410 1364 1674 1419 Exemplum
1712 1363 1765 1405 de
1802 1364 2014 1406 Verrinis:
2050 1364 2121 1414 „Si

168 1443 293 1483 [inem
334 1442 467 1483 edicto
509 1442 711 1497 praetoris
753 1441 937 1482 afferunt
974 1441 1193 1483 Kalendae
1225 1442 1475 1494 Januariae,
1521 1457 1598 1484 cur
1627 1458 1712 1485 non
1747 1444 1914 1485 initium
1948 1457 2122 1499 quoque

166 1524 351 1565 nascitur
383 1538 407 1564 a
437 1521 639 1564 Kalendis
669 1521 938 1563 Ja11uariis?“

848 1677 886 1719 A
927 1677 1434 1720 REPUGNANTIBUS.

335 1786 372 1826 A
412 1784 747 1841 repugnantibus
787 1793 1091 1839 argumentum
1131 1783 1336 1835 sumitur,
1390 1797 1528 1838 quum
1560 1783 1794 1826 ostenditur
1823 1783 1910 1826 duo
1943 1782 2022 1825 sibi
2054 1797 2124 1824 co-
2153 1783 2244 1823 49⁸2

170 1865 349 1907 haerere
379 1882 464 1907 non
494 1881 640 1922 posse,
689 1865 809 1906 verbi
842 1879 990 1914 causa,
1041 1874 1088 1905 ut
1119 1874 1158 1905 et
1186 1863 1394 1920 parasitus
1426 1862 1522 1918 quis
1551 1863 1604 1904 sit
1633 1874 1673 1905 et
1703 1864 1908 1906 ridiculus
1938 1880 2022 1906 non
2056 1864 2126 1914 sit,

169 1959 281 2000 quae
320 1960 395 2000 per
432 1946 700 2000 negationem
737 1945 866 1985 simul
906 1960 994 1985 esse
1034 1960 1119 1986 non
1160 1961 1280 2001 posse
1321 1944 1620 2000 praedicantur
1659 1945 1741 1987 hoe
1777 1946 1930 1987 modo:
1961 1960 2048 1986 non
2085 1953 2124 1985 et

170 2028 377 2083 parasitus
409 2036 469 2068 est
493 2027 664 2068 Gnatho
689 2036 729 2066 et
749 2026 955 2068 ridiculus
985 2042 1071 2069 non
1102 2036 1172 2068 est.
1229 2025 1335 2080 Ejus
1365 2024 1446 2065 loci
1476 2025 1725 2082 exemplum
1753 2035 1812 2067 est
1840 2026 1884 2066 in
1913 2041 1959 2067 re
1989 2024 2122 2080 magis

242 2165 278 2191 ut
296 2161 374 2206 quid
391 2159 434 2205 si]
461 2161 550 2202 Lego
573 2172 645 2192 cum
666 2159 739 2192 MS.
760 2167 813 2192 »ut
838 2161 915 2205 quid
934 2161 961 2192 si
982 2162 1122 2202 accedat,
1248 2161 1278 2192 si
1293 2157 1428 2203 peperit]
1447 2158 1521 2190 Hoc
1542 2170 1670 2202 quoquc
1690 2170 1730 2190 ex
1750 2158 1819 2192 Cic.
1840 2159 1893 2203 (de
1911 2158 1974 2190 inv.
1991 2158 2027 2196 1,
2051 2154 2121 2197 29).

169 2226 205 2253 ut
226 2221 330 2253 tenuis
344 2227 437 2253 antea
452 2222 574 2253 fueris?
596 2222 672 2265 quid
693 2222 720 2253 si
749 2228 784 2253 ut
805 2223 1121 2255 avarus?«GnoT.—-
1246 2225 1277 2254 εἰ
1288 2221 1397 2267 finem]
1424 2222 1550 2253 Eodem
1570 2223 1717 2266 exemplo
1740 2223 1786 2267 (in
1803 2223 1897 2255 Verr.
1917 2223 1953 2261 1,
1977 2220 2039 2262 42)
2056 2219 2121 2260 jam

171 2284 281 2326 Vulgo
310 2285 393 2316 enim
421 2287 451 2317 ,ςί
478 2287 575 2333 qnid,
604 2286 661 2317 sed
688 2286 843 2318 accedunt
863 2286 989 2320 codices
1009 2288 1122 2319 Darm·
1173 2297 1252 2317 usus
1270 2292 1337 2317 erat
1358 2285 1596 2329 Quinctilianus
1614 2286 1663 2331 (5,
1684 2288 1740 2326 10,
1761 2288 1824 2326 763
1851 2299 1881 2329 p.
1897 2285 1968 2316 275
1986 2280 2120 2325 Spald.).

174 2347 336 2378 stattensis
356 2352 388 2378 ct
405 2348 696 2390 Reichenauensis,
722 2356 860 2395 suntque
879 2351 975 2385 verba
993 2351 1123 2385 Cicero-
1248 2346 1407 2392 sumitur]
1443 2346 1567 2392 Scripsi
1596 2359 1613 2379 e
1645 2347 1755 2380 codice
1775 2345 1962 2381 Monacensi
1983 2342 2038 2387 (C)
2062 2351 2119 2385 pro

174 2409 223 2440 nis
250 2409 320 2452 (pro
346 2409 466 2440 Roscio
489 2409 643 2442 Amerino
668 2411 740 2454 51).
1175 2416 1242 2450 est,
1265 2410 1351 2454 quod
1378 2410 1411 2442 in
1438 2410 1531 2441 editis
1555 2415 1631 2442 erat.
1983 2447 1992 2455 .

252 2469 458 2515 coyitauerit]
506 2471 780 2504 Reichenauensis
817 2473 918 2506 codex
961 2476 1126 2518 cogitaret.
1251 2469 1424 2516 ridiculus]
1450 2472 1524 2504 Hoc
1552 2471 1635 2503 enim
1659 2471 1869 2515 parasitorum
1890 2465 2023 2498 officium
2043 2470 2120 2503 erat,
2168 2465 2170 2469 ’

175 2532 335 2576 Equidem
350 2546 399 2566 me
421 2534 528 2576 legere
547 2534 631 2578 apud
646 2535 834 2569 Ciceronem
850 2538 929 2570 haec
948 2537 1045 2571 verba
1061 2549 1127 2569 non
1177 2541 1213 2567 ut
1237 2540 1269 2566 et
1290 2534 1388 2565 risum
1410 2535 1584 2567 excitarent
1604 2540 1636 2566 et
1658 2546 1692 2565 se
1712 2534 1799 2577 ipsos
1822 2529 1972 2562 ridendos
1992 2528 2120 2573 praebe-

177 2594 315 2628 memini.
1177 2600 1264 2636 ταιῆς
1293 2595 1377 2628 unde
1405 2596 1541 2629 Plautus
1563 2597 1664 2641 (capt.
1688 2596 1728 2631 5,
1752 2594 1788 2633 1,
1815 2591 1894 2634 10):

1639 2657 1685 2689 54
1708 2654 1730 2679 '¹‘
