2310 2860
741 161 941 203 Martiahi
981 159 1179 216 Capellae
1216 160 1288 202 lib.
1313 157 1345 202 I.
1383 160 1505 211 §.6st

2045 164 2126 204 107

172 266 272 309 serti
303 264 600 308 flammantem
636 281 861 319 coronam,
901 267 1167 322 contegitque
1206 281 1257 307 ex
1303 265 1469 321 posticis
1507 274 1635 320 eaput
1674 265 1865 321 quodam
1908 266 2127 309 velamine

172 348 394 400 rutilante,
426 348 543 403 quod
576 349 614 389 ei
639 349 811 404 praesul
843 349 980 404 operis
1005 347 1142 389 Pallas
1172 346 1262 402 ipsa
1292 355 1500 387 texuerat.
1558 345 1726 388 Dehinc
1755 347 1860 389 vesti
1892 347 2128 389 admodum

172 430 378 472 candidae
408 430 583 471 obducit
613 431 791 471 amictus
823 429 1041 485 hyalinos,
1087 442 1195 483 quos
1224 427 1487 468 stellantibus
1519 427 1650 468 oculis
1681 428 1957 470 interstinctos
1989 429 2128 471 crebri

171 512 363 554 vibratus
394 512 556 566 ignium
591 512 730 553 lumin
739 511 877 552 abant.

936 511 1064 551 Tunc
1093 508 1201 549 duos
1231 506 1427 562 globosos
1456 506 1602 558 orbes,
1644 521 1834 562 quorum
1863 522 1977 548 unus
2010 522 2129 558 auro,

172 591 327 633 electro
366 591 473 632 alius
512 591 792 646 praenitebat,
832 589 982 631 dextra
1023 589 1282 645 porrectiore
1327 588 1551 643 corripuit:
1583 588 1708 630 laeva
1748 588 2129 644 enneaphthongon

171 722 247 743 men
266 710 420 754 splendor
444 711 589 742 aetheris.
629 710 742 743 Vestis
771 710 904 743 candida
933 710 1131 754 superiorem

171 779 288 814 aerem,
315 774 445 817 hyalini,
471 775 504 806 id
526 780 575 806 est
590 774 692 815 vitrei,
717 774 849 806 amictus
870 773 1131 817 perspicuitatem

172 835 254 866 aeris
285 835 472 876 designant,
503 847 563 880 per
588 836 730 868 vibratus
764 836 885 878 ignium
909 835 1132 877 intelliguntur

172 898 293 930 stellae.
311 899 413 931 VuLc.

247 958 463 1007 conteqitqtte]
492 960 649 993 Velamen
677 961 739 992 hoc
766 960 861 991 Jovis
884 958 1131 1004 contemplaturi

171 1021 484 1054 ‘vinckelmannum
506 1024 657 1067 (monum.
678 1036 709 1055 n.
730 1024 789 1067 11)
809 1030 841 1055 et
857 1024 1062 1056 Viseontium
1085 1024 1130 1067 (in

140 1119 144 1123 .
169 1096 281 1117 museo
306 1086 543 1118 Pio-Cleinent.
558 1087 599 1119 V.
615 1087 677 1118 tab.
696 1087 719 1117 2
742 1087 817 1119 edit.
838 1087 983 1129 Mediol.)
1005 1087 1128 1118 adeant.

170 1147 225 1181 An
245 1149 409 1181 riciniatus
425 1150 565 1193 Jupiter,
590 1150 629 1181 de
647 1162 710 1193 quo
732 1149 896 1181 Arnobius
919 1150 965 1193 (6.
983 1163 1013 1194 p.
1028 1147 1129 1194 209),

161 1208 255 1240 idem
279 1210 335 1250 sit,
361 1212 503 1242 nondum
525 1211 635 1254 liquet.
661 1211 707 1242 At
726 1224 790 1243 non
808 1211 885 1242 Jovi
905 1217 1044 1249 tantum,
1071 1210 1128 1242 sed

171 1269 313 1303 Saturno
333 1272 427 1304 etiam
444 1272 485 1317 (ἓ.
500 1273 560 1316 70)
575 1279 606 1304 et
622 1273 747 1304 Junoni
768 1279 863 1317 eaput
876 1279 994 1305 tectum
1008 1272 1049 1317 (ἓ.
1066 1272 1127 1316 67)

171 1337 283 1364 noster
317 1333 444 1373 tribuit,
476 1334 553 1376 quin
584 1340 616 1365 et
653 1334 785 1377 reliquis
816 1335 893 1374 diis,
926 1334 1127 1366 mortalibus-

172 1405 234 1437 qne
266 1393 300 1425 in
330 1394 463 1425 deorum
495 1406 661 1425 numerum
685 1395 840 1437 receptis,
872 1397 933 1426 hoe
960 1407 1127 1427 commune

171 1457 288 1496 fuisse,
325 1457 371 1488 ita
402 1463 438 1488 ut
466 1457 639 1488 dixinitatis
673 1462 759 1488 esset
786 1463 881 1497 uota,
913 1458 1043 1489 uberius
1074 1458 1127 1489 de-

171 1519 362 1551 monstravit
390 1519 539 1562 Cuperns
564 1520 683 1563 (apotli.
707 1521 842 1551 Homeri
864 1533 896 1563 p.
918 1521 991 1552 202
1017 1520 1129 1564 sequ).

171 1581 285 1625 Quid?
312 1581 400 1624 quod
420 1592 531 1612 omnes
549 1581 676 1612 umbras
710 1581 776 1612 sive
811 1581 931 1611 animas
956 1581 1077 1613 velatas
1111 1593 1129 1613 a

170 1645 333 1677 veteribus
371 1645 472 1688 pietas
502 1656 574 1676 esse
606 1645 704 1675 inulta
734 1650 894 1675 testantur
925 1650 1129 1675 monumenta

172 1706 304 1750 (Graev.
326 1707 466 1738 thesaur.
489 1712 552 1738 ant.
573 1707 667 1737 Rom.
695 1706 770 1737 ΧΠ.
799 1706 878 1737 Τεὼ.
908 1707 963 1737 10.
981 1706 1131 1738 Muscum

171 1769 353 1801 Pio-Clem.
374 1769 432 1801 IV.
463 1769 526 1800 tab.
550 1769 608 1800 55.
634 1768 676 1800 V.
701 1768 765 1799 tab.
792 1767 864 1811 18).

249 1843 292 1863 ex
307 1829 450 1875 posticis]
476 1831 576 1861 Libro
601 1830 642 1861 11.
670 1831 709 1861 dc
733 1829 847 1861 lectica
867 1829 1024 1873 loquens:
1049 1829 1131 1859 »Po-

177 1892 256 1924 stica
284 1892 340 1935 (ita
365 1892 439 1933 lego
464 1904 505 1922 ex
528 1890 614 1933 MS.)
650 1890 808 1934 Epimelis
840 1896 872 1921 et
894 1889 1062 1933 Agrypnia
1084 1889 1132 1920 di-

176 1953 259 1984 lecta
288 1953 446 1984 sustulere
472 1952 657 1995 mancipia.«
682 1951 786 1983 GnoT.
803 1971 852 1976 —
884 1951 1033 1993 Intellige
1058 1964 1131 1994 pau·-

177 2017 280 2056 tt'lms;
312 2016 393 2047 illud
421 2015 505 2047 enim
528 2015 719 2056 adjectivum
745 2020 809 2056 est,
837 2020 869 2046 et
896 2015 979 2046 male
998 2014 1131 2047 Grotius

176 2076 323 2122 (§.145)
349 2076 488 2109 correxit
514 2088 531 2108 e
556 2074 629 2109 MS.
651 2088 709 2108 suo
731 2078 874 2120 postica,
904 2076 1061 2121 siquidem
1077 2089 1130 2120 po-

177 2144 313 2181 sticum,
340 2142 463 2174 scilieet
485 2147 631 2185 partem,
659 2146 770 2173 noster
793 2141 907 2174 voluit.

254 2205 418 2251 texuerat]
439 2205 605 2237 Arnohius
625 2206 711 2250 (5.p.
728 2205 830 2249 112)ι
844 2205 974 2238 „Vestis
988 2204 1132 2246 indigent

180 2266 249 2313 (dii)
272 2268 431 2310 tegmine,
457 2274 493 2299 ut
517 2268 606 2309 virgo
625 2267 772 2299 Tritonia
801 2267 926 2300 curiose
951 2267 990 2298 iis
1009 2273 1132 2298 stamen

181 2335 273 2370 neat,
314 2336 347 2361 et
368 2341 426 2373 pro
449 2330 600 2373 qualitate
628 2329 799 2374 temporis,
830 2335 885 2361 aut
905 2329 1024 2361 trilices
1048 2328 1131 2360 tnni-

183 2402 255 2430 eas,
281 2397 335 2421 ant
356 2391 394 2421 de
420 2391 521 2423 serico
546 2398 578 2423 et
604 2392 672 2424 sine
701 2403 798 2424 onere
829 2391 998 2435 imponat«
1036 2390 1132 2422 Adde

184 2451 368 2496 Oppianum
390 2452 443 2496 (de
465 2453 576 2496 piscat.
593 2454 633 2495 2,
658 2453 730 2498 25.)
763 2453 832 2486 Sed
851 2454 951 2495 magis
975 2454 1015 2484 ad
1033 2452 1134 2496 Apol-

183 2514 292 2545 linaris
311 2513 439 2546 Sidonii
460 2515 557 2547 hosce
573 2527 685 2547 versus
704 2516 811 2560 (carm.
833 2517 889 2557 15,
914 2517 1001 2558 1265
1020 2517 1135 2560 p.578

188 2578 299 2620 Sirm.)
323 2583 432 2611 noster
456 2579 637 2623 respexisse
660 2580 800 2612 videtur:

1239 709 1304 741 »At
1321 714 1413 752 parte
1427 720 1469 740 ex
1494 710 1558 740 alia
1581 710 1722 741 textrino
1740 711 1845 752 prima
1866 710 2035 740 Minervae

1230 771 1326 802 Palla
1342 771 1435 802 donis
1456 770 1564 801 rutilat
1571 784 2015 797 ————————

1181 830 1263 864 Nam
1287 832 1380 863 altior
1397 831 1503 863 verbis
1529 843 1643 862 sensus
1664 831 1759 870 inest,
1784 816 1884 874 quam.
1900 831 1927 861 si
1940 843 1978 862 ea
2003 830 2042 861 de
2065 835 2131 861 tex-

1182 893 1263 924 toria
1295 898 1418 924 tantum
1450 898 1516 924 arte
1551 893 1709 936 explicare
1735 892 1883 923 volueris.
1918 891 2026 923 Pallas
2049 890 2134 921 enim

1182 967 1324 987 summus
1351 957 1460 987 aether
1485 954 1525 1000 (ξ.
1549 956 1606 987 59.
1630 955 1727 999 568),
1750 955 1804 999 qui
1830 956 1984 986 rutilante
2008 954 2060 986 hie
2081 963 2133 985 ve·

1182 1020 1299 1050 lamine
1326 1019 1529 1060 significatur.

1258 1082 1382 1127 dehine]
1407 1083 1483 1115 Sive
1498 1084 1583 1123 dein,
1606 1088 1640 1113 ut
1665 1082 1696 1113 in
1714 1081 1878 1113 Guelferb.
1897 1081 2029 1113 Curtius
2048 1079 2135 1121 legit.

1254 1143 1412 1188 luyalinos]
1439 1144 1564 1175 Junoni
1588 1143 1682 1174 ctiam
1705 1141 1747 1186 (ξ.
1770 1143 1831 1186 67)
1866 1142 2041 1185 nlnyalinam
2065 1151 2135 1172 ves-

1182 1213 1264 1238 tem«
1295 1207 1424 1247 tribuit,
1450 1206 1600 1250 quoniam
1622 1207 1731 1237 aether
1755 1205 1874 1249 pariter
1896 1210 1991 1248 atque
2015 1208 2069 1235 aer
2089 1203 2136 1234 lu-

1181 1281 1250 1302 cem
1270 1269 1464 1300 transmittit.
1491 1269 1710 1299 Romanorum
1731 1273 1846 1311 poetae
1872 1266 1987 1298 Latina
2008 1276 2138 1309 quoque

1180 1345 1259 1364 voce
1295 1335 1434 1363 vitreum
1469 1332 1520 1362 usi
1559 1336 1652 1371 suut,
1690 1336 1725 1361 ut
1756 1341 1913 1376 aquosum
1950 1329 2139 1360 denotarent

1181 1391 1297 1433 (Silius
1314 1396 1355 1435 4,
1380 1396 1465 1427 547.
1494 1396 1526 1434 7,
1556 1393 1662 1436 415),
1685 1394 1867 1436 pariterque
1891 1392 2047 1425 Martialis
2066 1390 2139 1434 (12.

1180 1460 1213 1490 5.
1238 1457 1296 1500 15)
1320 1469 1434 1500 aquam
1457 1457 1497 1487 ob
1516 1456 1775 1499 perspicuitatem
1799 1458 1934 1486 vitream
1957 1453 2139 1498 appellavit.

1181 1518 1333 1550 Colorem
1359 1516 1386 1547 si
1410 1516 1589 1557 intelligere
1612 1515 1781 1555 malueris,
1802 1515 1857 1545 ille
1880 1514 1951 1554 erit,
1973 1520 2012 1544 ut
2029 1512 2139 1545 Ovidii

1180 1581 1285 1611 verbis
1312 1581 1398 1623 (met.
1422 1581 1464 1619 5,
1485 1580 1553 1618 483
1577 1584 1633 1609 art.
1658 1590 1716 1609 am.
1739 1579 1779 1618 5,
1808 1577 1894 1621 175)
1920 1582 2013 1617 utar,
2039 1575 2138 1608 »aeris

1180 1653 1279 1685 quum
1306 1641 1374 1671 sine
1398 1639 1538 1671 nubibus
1561 1645 1639 1669 cst«

1257 1705 1336 1735 duos
1360 1701 1517 1747 ylebososr]
1546 1702 1620 1732 Nou
1644 1702 1728 1740 duo,
1748 1706 1786 1732 ut
1803 1699 1958 1740 Grotius,
1985 1699 2042 1730 sed
2061 1699 2140 1731 dacos

1182 1767 1339 1798 editiones
1369 1766 1562 1805 anteriores,
1598 1765 1771 1806 Ilugianus
1804 1769 1837 1795 et
1867 1762 2140 1804 Cantabrigiensis

1181 1828 1309 1860 codices
1328 1828 1458 1867 habent,
1479 1827 1554 1858 licet
1577 1837 1689 1869 parum
1708 1825 1844 1856 intersit.
1868 1825 2005 1856 Duobus
2026 1824 2140 1865 globis,

1182 1889 1215 1921 ni
1239 1890 1350 1929 fallor,
1383 1888 1495 1920 Solem
1528 1893 1559 1918 et
1584 1887 1710 1918 Lunam
1738 1887 1891 1917 denotare
1916 1885 2032 1926 voluit,
2065 1896 2140 1916 auro

1181 1952 1272 1983 illum
1304 1951 1345 1996 (ξ.
1379 1953 1434 1984 75.
1463 1950 1566 1993 188),
1604 1950 1723 1982 electro
1755 1950 1847 1981 hane.
1884 1949 2051 1981 Electrum
2081 1949 2142 1979 hoe

1183 2027 1310 2059 quoque
1349 2015 1440 2055 loeo,
1483 2020 1519 2045 ut
1548 2013 1698 2056 lleynius
1737 2012 1776 2043 ad
1810 2012 1925 2054 virgil.
1961 2022 2068 2053 georg.
2099 2012 2141 2049 5,

1183 2079 1276 2119 522,
1299 2078 1480 2118 metallum,
1505 2089 1572 2109 non
1601 2076 1765 2108 succinum
1790 2075 2033 2116 intelligendum
2052 2079 2141 2117 puto,

1183 2142 1257 2185 quia
1273 2142 1354 2173 illud
1381 2141 1554 2186 splendore
1572 2139 1724 2180 nobffius,
1751 2150 1933 2182 quanquam
1950 2139 2141 2174 adulterato:

1183 2215 1294 2236 aurum
1324 2204 1427 2245 enim,
1466 2204 1518 2235 cui
1554 2203 1666 2247 quinta
1703 2201 1827 2244 argenti
1864 2201 1970 2245 portio
2006 2201 2140 2232 inesset-

1183 2268 1336 2298 electrum
1358 2265 1553 2309 appellatum
1582 2275 1653 2296 esse
1680 2263 1807 2295 Plinius
1830 2268 1965 2294 testatur
1993 2263 2062 2304 (55.
2093 2260 2139 2300 4).

1184 2329 1271 2373 quod
1307 2325 1450 2363 λευκὸν
1477 2324 1634 2373 χρυσὸν
1667 2326 1856 2358 Herodotus
1889 2325 1968 2356 dixit
1996 2324 2041 2367 (1.
2069 2320 2140 2363 50).

1184 2392 1279 2425 Conf.
1305 2391 1431 2423 doctam
1458 2390 1647 2423 Buttmanni
1673 2388 1928 2421 dissertationem
1948 2386 1994 2429 (in
2014 2384 2138 2426 Mytho-

1185 2454 1260 2496 logo
1287 2453 1324 2484 T.
1353 2453 1404 2492 ΙΙ,
1435 2465 1466 2496 p.
1490 2454 1565 2484 557
1593 2450 1705 2494 sequ).

1263 2515 1553 2558 enneaphthonyon
1575 2511 1701 2556 chelyn]
1730 2511 1773 2541 Ut
1796 2504 2038 2552 ἐννεάχορδα
2058 2504 2141 2549 apud

1190 2578 1392 2611 Athenaeum
1416 2577 1479 2622 (14
1504 2589 1534 2621 p.
1550 2575 1646 2619 656).
1671 2575 1743 2605 Hac
1766 2572 1833 2615 lyra
1854 2570 1997 2612 regimen
2018 2570 2140 2600 harmo-

1671 2630 1746 2667 14*
