2310 2860
763 102 962 145 Martiani
994 103 1191 160 Capellae
1221 105 1292 146 lib.
1318 105 1397 147 IX.
1428 109 1459 158 ᾗ.
1488 108 1590 150 926.

2072 113 2154 155 ’721

205 209 342 250 aulica
365 208 600 250 suavitate?
631 209 893 250 Xenocrates
925 211 1129 264 organicis
1160 211 1342 252 modulis
1366 213 1647 267 lymphaticos
1673 215 1891 257 liberabat.
1924 217 2150 258 Thaletem

202 289 447 331 Cretensem
481 290 666 331 citharae
705 291 911 332 suavitate
942 301 1210 346 compertum
1244 302 1303 333 est
1332 292 1504 332 morbos
1540 308 1587 333 ac
1622 295 1897 348 pestilentiam
1930 297 2153 351 fugavisse.

200 371 461 426 Herophilus
493 385 719 426 aegrorum
744 386 872 412 venas
903 371 1210 425 rhythmorum
1238 371 1457 412 collatione
1484 373 1697 427 pensabat.

1755 375 1880 415 Anim
1888 375 2016 416 alium
2049 391 2151 417 vero

198 464 344 491 sensus
375 451 480 491 meis
511 450 701 491 cantibus
732 451 1020 492 incunctanter
1055 450 1209 491 adduci
1240 451 1388 492 saltem
1421 452 1632 492 Thracius
1665 453 1873 494 citharista
1906 455 2149 509 perdocuit3

197 530 240 570 in
272 543 358 584 quo
399 544 484 570 non
522 529 669 571 fabula
707 530 779 571 sed
814 533 966 572 veritas
1005 531 1182 585 gloriam
1225 530 1476 586 procreavit.

1540 530 1664 570 Unde
1697 532 1808 572 enim
1853 534 1968 573 cervi
2001 533 2148 575 fistulis

201 610 448 665 capiuntur,
484 610 615 666 pisces
644 611 685 650 in
710 620 854 666 stagno
882 609 1165 651 Alexandriae
1196 610 1359 665 crepitu
1386 609 1639 661 detinentur,
1671 626 1825 666 cygnos
1847 613 2148 667 Hyperboreos

199 689 383 732 citharae
423 699 568 731 cantus
606 689 804 731 adducit?
853 689 1096 745 elephantes
1127 690 1291 731 Indicos
1326 691 1521 746 organica
1553 691 1790 746 permulsos
1829 692 2005 734 detmeri
2042 709 2148 736 voce

198 832 345 865 scribitur
363 831 451 880 περὶ
474 834 638 879 λοιμῶν,
665 836 698 867 in
723 847 788 880 quo
812 835 906 869 docet
926 837 1070 881 plurimis
1090 838 1146 869 ho-

195 894 314 927 minum
328 897 447 927 morbis
458 897 644 929 medicinam
654 898 754 929 fuisse
767 898 966 930 incentiones
977 898 1147 930 tibiarum«

267 959 442 1004 Thaletem]
454 961 647 992 Plutarchus
665 961 840 1005 (d.mus.p.
851 958 1032 1004 1146);ὅν
1049 963 1146 1008 φαόι

195 1017 292 1057 κατά
310 1032 347 1055 τι
367 1018 656 1069 πυθόχρηστον
675 1023 1006 1068 Λακεδαιμονίους
1025 1034 1145 1070 παρα-

192 1078 400 1126 γενόμενον
420 1080 483 1118 διὰ
505 1084 692 1129 μουσικῆς
717 1082 902 1120 ἰάσασθαι
920 1082 1146 1126 ἀπαλλάξαι

191 1154 233 1176 τε
264 1142 334 1177 τοῦ
367 1141 639 1189 κατασχόντος
672 1145 810 1188 λοιμοῦ
842 1143 916 1190 τήν
944 1142 1142 1191 Σπάρτην.

190 1204 291 1236 Plura
307 1205 346 1236 de
362 1217 400 1236 eo
422 1205 493 1237 wide
509 1206 592 1249 apud
608 1206 801 1238 Strabonem
816 1207 888 1250 (10,
906 1220 937 1251 p.
953 1208 1038 1238 481.
1055 1206 1144 1248 482)

192 1271 224 1297 et
251 1267 361 1297 confer
390 1267 519 1298 omuino
545 1267 721 1299 Mullerum
749 1268 845 1311 (Dor.
866 1268 915 1309 II,
950 1281 982 1312 p.
1001 1267 1092 1311 170)
1112 1272 1145 1298 et

192 1328 372 1362 lIoeclzium
401 1330 507 1373 (Cret.
530 1330 595 1371 111,
624 1343 655 1374 p.
675 1332 759 1363 542.
783 1332 885 1374 564).
921 1331 1010 1364 Cave
1039 1336 1144 1362 autem

193 1403 264 1423 eum
288 1391 481 1435 philosopho
504 1391 632 1424 Milesio
654 1392 846 1433 confundas,
874 1392 929 1436 qui
946 1392 1142 1426 nominativo

194 1465 270 1487 casu
296 1454 410 1486 Thales
436 1459 518 1494 erat,
544 1465 609 1485 non
639 1454 795 1485 Tlialetes.

266 1518 476 1565 Herophilus]
503 1519 643 1551 Praelixi
659 1518 860 1563 aspirationis
883 1518 1024 1558 literam,
1048 1529 1144 1562 quam

192 1580 325 1613 Grotius
344 1581 384 1612 ad
405 1581 577 1622 marginem
594 1580 714 1622 rejecit.
738 1581 823 1613 Vide
841 1580 925 1612 enim
942 1580 981 1611 de
1002 1581 1063 1612 hoe
1079 1591 1143 1611 me·

192 1644 263 1676 dico
293 1644 502 1676 Plutarchum
534 1644 585 1688 (in
613 1644 697 1688 plac.
729 1644 805 1687 phil.
830 1645 870 1684 4,
902 1643 967 1683 225
1004 1655 1034 1686 p.
1059 1643 1143 1675 905.

192 1709 232 1748 5,
257 1708 297 1748 2,
330 1720 363 1751 p.
379 1707 484 1751 904),
507 1706 643 1739 Sextum
669 1707 866 1751 Empiricum
889 1706 972 1751 (adv.
992 1706 1140 1737 mathem.

190 1782 221 1813 p.
241 1768 352 1813 495),
378 1769 519 1800 Plinium
541 1769 625 1812 (11,
648 1770 709 1810 57,
738 1770 760 1800 8
783 1769 804 1800 l'.
824 1768 888 1808 26,
914 1768 954 1808 2,
976 1767 1033 1811 6),
1060 1767 1139 1798 Ter-

190 1832 357 1864 tullianum
377 1833 430 1876 (de
447 1832 550 1863 anima
565 1832 635 1874 10),
653 1838 685 1863 et
698 1831 831 1864 Celsum
844 1831 890 1875 (in
901 1831 1022 1875 praefi).
1043 1829 1139 1862 Adde

190 1895 326 1929 Fabricii
345 1896 569 1928 bibliothecam
588 1894 745 1926 Graecam
766 1895 839 1938 (15,
864 1906 895 1937 p.
915 1895 985 1926 185
1004 1894 1049 1937 Ε).

263 1955 375 2002 venas]
402 1957 525 1988 Eadem
539 1955 664 1988 Plinius
680 1955 759 1999 (29,
785 1957 822 1996 1,
845 1955 881 1999 5)
899 1954 1017 1987 retulit.
1041 1952 1138 1986 Adde

190 2020 367 2054 Aristidem
392 2020 645 2063 Quinctilianum
667 2019 721 2064 (1,
750 2032 780 2064 p.
797 2020 843 2052 51
867 2017 999 2063 Mem),
1026 2017 1137 2055 Vitru-

190 2084 276 2117 vium
306 2084 366 2127 (1,
395 2085 432 2124 13
470 2096 501 2127 p.
526 2083 571 2113 17
594 2081 706 2125 Bip.),
741 2086 774 2113 et
802 2080 944 2114 Gellium
968 2080 1028 2124 (5,
1056 2078 1138 2122 10),

189 2146 244 2179 ubi
275 2146 410 2188 legimus
448 2156 489 2176 ex
524 2143 719 2175 medicorum
756 2142 948 2175 musicorum
980 2141 1138 2174 sententia

197 2220 312 2239 »venas
342 2207 393 2239 vel
418 2206 525 2250 potius
558 2205 690 2237 arterias
720 2216 854 2237 numero
882 2204 1003 2237 moveri
1033 2208 1136 2248 septe·

190 2269 298 2309 nario,
334 2269 420 2312 quod
457 2268 520 2313 ipsi
555 2267 718 2312 appellent
748 2263 822 2312 τὴν
851 2263 914 2304 διὰ
942 2261 1138 2312 τεόὔάρων

191 2328 439 2377 συμφωνίαν,
468 2341 549 2374 quae
564 2330 601 2361 fit
620 2329 654 2361 in
673 2329 843 2362 collatione
865 2328 1059 2374 quaternarii
1079 2340 1136 2360 nu-

191 2393 296 2426 meri«
329 2393 415 2426 Vide
440 2398 473 2424 et
491 2399 636 2426 nostrum
655 2394 787 2427 inferius
805 2393 848 2440 (ξ.
862 2393 961 2438 968).
986 2394 1052 2426 Pro
1077 2392 1137 2425 col-

191 2457 309 2488 latione
330 2455 383 2487 alii
409 2455 500 2499 olim,
524 2460 607 2489 teste
627 2455 742 2491 Grotio
767 2457 801 2490 in
819 2457 981 2500 margine,
1005 2456 1134 2490 colloca-

191 2521 275 2552 tione
281 2542 293 2559 ,
322 2518 437 2562 inepte.

1273 835 1518 881 inmmetanter]
1554 836 1708 870 Gratiana
1739 849 1847 880 margo
1878 840 1909 870 si
1933 845 2146 878 cunctantur,

1198 909 1262 942 quo
1288 899 1367 931 nihil
1390 899 1583 941 languidius.

1273 975 1359 1005 cerui
1376 972 1505 1018 fistulis]
1533 973 1715 1005 Macrobius
1738 974 1783 1017 (in
1805 985 1904 1006 somn.
1923 973 2010 1019 Scip.
2032 976 2071 1016 2,
2094 976 2146 1018 5):

1204 1035 1311 1077 nQuid
1335 1035 1447 1066 mirum
1475 1035 1501 1066 si
1531 1035 1614 1066 inter
1640 1034 1784 1066 homines
1807 1038 1945 1067 musicae
1973 1042 2061 1068 tanta
2089 1037 2145 1068 do-

1196 1097 1329 1151 minatio
1343 1104 1407 1138 est,
1432 1110 1530 1141 quum
1547 1110 1621 1129 aves
1639 1109 1784 1142 quoque,
1805 1105 1841 1130 ut
1859 1099 2022 1140 lusciniae,
2043 1099 2147 1143 cygni,

1195 1159 1339 1202 aliaeque
1355 1159 1387 1190 id
1408 1170 1526 1200 genuS,
1553 1164 1680 1191 cantum
1699 1159 1797 1190 veluti
1819 1160 1954 1202 quadam
1979 1160 2147 1204 disciplina

1196 1221 1272 1252 artis
1298 1227 1487 1261 exerceant,
1521 1221 1694 1252 nonnullae
1722 1232 1798 1252 vero
1825 1222 1877 1253 vel
1901 1234 1976 1253 aves
2003 1222 2054 1254 vel
2083 1228 2145 1253 ter-

1195 1295 1290 1316 renae
1316 1296 1373 1315 seu
1396 1284 1551 1327 aquatiles
1578 1284 1703 1315 belluae
1722 1284 1875 1316 invitante
1893 1290 1987 1317 cantu
2011 1285 2044 1316 in
2066 1285 2145 1317 retia

1196 1352 1310 1390 sponte
1335 1347 1520 1387 decurrant,
1553 1352 1586 1378 et
1614 1348 1785 1390 pastoralis
1806 1347 1916 1389 fistula
1950 1347 1989 1379 ad
2019 1353 2145 1391 pastum

1194 1409 1374 1453 progressis
1390 1409 1528 1452 quietem
1546 1405 1883 1452 imperet-gregibus&
1916 1410 2039 1441 Cervos
2056 1410 2144 1453 ipsos

1194 1470 1328 1503 Solinus
1351 1470 1428 1513 (19,
1457 1469 1517 1513 11)
1541 1469 1667 1500 »sibilos
1684 1470 1866 1512 fistularum
1895 1470 2019 1501 mirari«
2047 1476 2143 1502 testa-

1194 1538 1261 1573 tur,
1287 1537 1460 1575 praecunte
1482 1532 1590 1564 Plinio
1607 1532 1694 1577 (hist.
1716 1538 1782 1567 nat.
1804 1534 1826 1565 8
1834 1555 1845 1574 ,
1870 1533 1946 1576 50),
1973 1533 2027 1565 ubi
2051 1534 2143 1578 plura

1195 1596 1249 1627 dat
1269 1595 1466 1626 Ilarduinus.

1268 1665 1383 1711 pisces]
1410 1666 1516 1697 Paulo
1543 1666 1634 1697 aliter
1656 1666 1740 1710 apud
1762 1666 1941 1699 Varronem
1965 1668 2017 1711 (de
2038 1668 2079 1700 R.
2100 1669 2140 1701 R.

1190 1732 1230 1771 5,
1256 1732 1312 1770 17,
1335 1731 1376 1770 4,
1403 1742 1433 1774 p.
1447 1730 1520 1761 406
1537 1729 1651 1773 Gesn.)
1666 1729 1818 1772 legimus,
1840 1731 1879 1762 ad
1896 1731 1991 1764 tibiae
2013 1737 2139 1764 cantum

1188 1791 1292 1836 pisces
1314 1791 1467 1833 gregatim
1489 1790 1626 1822 venisse.

1262 1862 1404 1909 crepitu]
1436 1864 1475 1896 Id
1509 1869 1560 1896 est
1589 1864 1792 1909 »crepitaculi
1827 1866 1960 1899 sonitum
1999 1865 2139 1899 Mummi.

1187 1936 1231 1979 (p.
1247 1929 1337 1969 546,
1362 1941 1390 1961 v.
1408 1927 1479 1971 29).

1263 2002 1457 2050 elephantes]
1483 2002 1603 2036 Strabo
1625 2003 1703 2048 (15,
1727 2017 1757 2047 p.
1776 2003 1877 2047 705):
1898 2005 2135 2050 πειθαρχεῖν

1188 2062 1425 2108 διδάσκουσι,
1471 2062 1566 2104 τοὺς
1586 2062 1662 2108 μὲν
1695 2061 1759 2099 διὰ
1791 2060 1931 2109 λόγου,
1966 2062 2061 2105 τούς
2094 2063 2135 2100 ‹52-

1187 2127 1355 2176 μελισμῷ
1377 2125 1404 2174 ἤ
1423 2125 1681 2174 τυμπανισμῷ
1704 2124 1779 2161 τινὶ
1803 2126 2024 2173 κηλοῦντες.

1258 2202 1375 2245 fistulis
1397 2198 1485 2246 aues]
1511 2199 1668 2234 Martialis
1690 2200 1769 2244 (14,
1790 2199 1893 2243 218)=

1244 2265 1339 2297 „Non
1365 2270 1491 2297 tantum
1517 2264 1669 2303 calamis,
1703 2263 1761 2294 sed
1779 2268 1878 2294 cantu
1891 2261 2020 2306 fallitur
2040 2261 2124 2294 ales·
2161 2264 2165 2267 ’

1188 2333 1221 2360 et
1243 2327 1345 2369 Cato,
1382 2338 1440 2358 seu
1476 2326 1622 2371 quisquis
1650 2324 1857 2357 distichorum
1888 2328 1999 2358 auctor
2025 2324 2066 2357 sit
2088 2324 2131 2369 (l.

1186 2391 1217 2424 d.
1231 2390 1306 2433 12)=

1241 2453 1386 2489 »Fistzda
1421 2453 1512 2489 dulce
1549 2453 1656 2492 canit,
1703 2451 1863 2484 volucrem
1903 2451 1979 2484 dum
2015 2451 2130 2495 decipit

1586 2525 1730 2558 aaeccepsm

1676 2577 1721 2609 91
