2310 2860
727 168 925 210 Martiani
963 167 1162 225 Capellae
1201 167 1272 209 lib.
1298 167 1371 210 VI.
1410 169 1440 219 ᾗ.
1463 168 1566 210 694.
2031 170 2115 212 561

996 351 1075 392 DE
1121 351 1179 392 IN
1190 351 1300 392 DIA.

330 456 498 498 Dehinc
537 457 680 509 India3
735 472 833 498 nam
872 456 1049 498 Ciconas
1095 457 1136 498 in
1176 457 1317 498 modio
1358 471 1477 498 error
1518 457 1745 510 adstruxit3
1787 458 1860 499 sed
1898 472 1921 499 a
1963 456 2113 499 Mediis

164 536 378 601 montibus
404 536 572 577 inchoat
605 537 744 590 India3
790 552 887 578 nam
921 539 962 578 in
989 539 1129 579 Eoum
1159 555 1278 581 mare
1306 554 1327 581 a
1353 539 1662 581 mediterraneo
1690 549 1895 596 porrecta,
1932 539 2114 580 salubris

160 618 339 660 Favonii
372 621 674 676 vegetabilibus
706 620 869 671 flabris,
919 621 1104 662 secunda
1145 631 1297 664 aestate
1339 622 1456 662 annis
1493 621 1666 675 singulis
1707 630 1924 676 vegetatur
1965 621 2116 675 bisque

161 697 329 755 frugem
364 702 502 753 metit3
558 718 634 758 pro
665 701 805 742 hieme
836 701 995 742 Etesias
1027 703 1196 758 perfert.
1258 703 1463 757 Quinque
1497 703 1628 744 millia
1662 703 1813 743 habuit
1843 702 2116 758 oppidorum,

164 789 202 821 et
236 782 387 823 mundi
419 798 516 838 pars
547 783 666 824 tertia
698 783 963 824 credebatur.
1024 785 1153 826 Liber
1186 787 1349 841 primus
1382 787 1591 842 ingressus
1624 785 1788 826 Indiam
1822 785 2116 841 triumphavit.

162 860 211 905 In
244 877 291 903 ea
325 865 503 904 maximi
536 864 770 905 fluviorum
802 865 931 905 Indus
971 874 1009 905 et
1040 867 1228 921 Ganges3
1275 866 1348 907 sed
1381 867 1433 907 ab
1466 866 1670 920 Scythicis
1705 865 1918 905 montibus
1951 866 2118 920 Ganges

163 946 290 986 venit.
348 947 402 986 Et
440 947 631 1002 Hypanis
657 946 713 985 ibi
746 946 880 986 amnis
920 945 1195 996 immodicus,
1254 947 1328 1001 qui
1359 946 1591 987 Alexandri
1636 945 1779 1000 Magni
1818 944 1894 984 iter
1932 943 2120 994 inclusit,

162 1026 269 1066 sicut
298 1026 340 1066 in
365 1027 455 1076 ejus
488 1027 579 1079 ripa
611 1027 771 1067 locatae
803 1035 1006 1067 testantur
1036 1042 1148 1068 arae.
1180 1027 1379 1068 Latitudo
1411 1027 1590 1082 Gangis,
1621 1026 1694 1066 ubi
1727 1024 1939 1075 diffusior‘,
1976 1022 2121 1078 viginti

2057 1101 2123 1143 Ibi

163 1199 280 1240 reges
311 1185 590 1240 gentiumque
625 1185 867 1237 diversitas,
915 1196 1001 1227 tam
1036 1188 1289 1228 exercitibus
1325 1203 1459 1244 quam
1492 1188 1724 1244 elephantis
1760 1187 1939 1242 copiosa.
2000 1183 2125 1224 Ultra

161 1105 293 1146 millia
328 1120 554 1160 passuum3
601 1106 673 1145 ubi
706 1116 930 1160 angustus,
976 1116 1068 1146 octo
1098 1108 1254 1160 millia3
1295 1109 1536 1164 profundus
1576 1108 1755 1163 pedibus
1801 1115 1986 1146 centum.

161 1266 419 1307 Palibotram
452 1266 606 1307 urbem
644 1281 764 1307 mons
796 1268 982 1318 Maleus,
1029 1268 1071 1307 in
1117 1283 1204 1322 quo
1244 1269 1385 1310 hieme
1422 1270 1463 1310 in
1494 1270 1795 1325 septentriones
1828 1267 2034 1316 umbrae,
2078 1279 2123 1305 ln

165 1357 326 1388 austros
372 1357 524 1388 aestate
568 1347 748 1399 cadunt,
805 1348 914 1388 senis
958 1349 1184 1390 alternatae
1226 1352 1455 1392 mensibus.
1535 1351 1584 1391 In
1622 1366 1672 1391 eo
1715 1351 1808 1390 loco
1845 1364 1921 1404 per
1960 1361 2122 1389 annum

164 1430 407 1484 quindecim
454 1430 604 1470 diebus
643 1439 807 1471 tantum
845 1430 1155 1486 Septentriones
1201 1441 1419 1487 apparent.
1448 1444 1460 1456 ·
1493 1432 1698 1472 Homines
1743 1430 1964 1482 fusciores3
2018 1442 2117 1470 nam

167 1512 370 1566 Pygmaei
429 1511 644 1552 montibus
690 1512 901 1563 habitant,
958 1521 996 1552 et
1041 1512 1115 1567 qui
1168 1512 1353 1553 confines
1395 1513 1567 1553 Oceano
1616 1512 1704 1552 sine
1744 1511 1914 1566 regibus
1954 1510 2125 1565 degunt.

164 1592 378 1634 Pandeam
409 1602 577 1647 gentem
610 1592 794 1633 feminae
826 1601 986 1641 tenent,
1025 1593 1094 1634 cui
1126 1594 1242 1650 prior
1275 1594 1417 1649 regina
1441 1593 1636 1634 Herculis
1668 1592 1766 1633 filia.

237 1740 295 1786 qm‘
314 1736 466 1783 circuitu]
493 1736 548 1769 An
571 1738 672 1785 quia?
695 1737 857 1770 GnoT.—
881 1736 955 1769 Non
979 1748 1124 1769 necesse.

241 1800 399 1846 Ciconas]
428 1800 563 1832 Solinus
591 1800 682 1845 (52)=
715 1800 820 1831 »Inter
849 1801 908 1831 hos
938 1805 970 1831 et
998 1799 1123 1831 Indiam

165 1864 350 1906 qnam‘ssimi
375 1863 515 1894 Ciconas
538 1863 759 1901 locaverunt«,
789 1873 921 1905 prorsus
944 1861 1122 1892 contrarius

165 1931 293 1965 nostro,
330 1925 392 1956 nisi
427 1926 512 1957 hune
545 1926 743 1969 ignat-issimi
771 1924 889 1967 legisse
916 1924 1122 1967 conjiciamus

166 2000 237 2021 eum
263 1987 424 2020 Salmasio
446 1988 488 2031 (p.
509 1987 606 2030 990).

239 2050 371 2096 Mediis]
396 2051 585 2093 Legendum
608 2056 686 2094 puto
714 2051 857 2083 Emodis.
875 2050 960 2083 Vide
982 2048 1123 2081 Plinium

165 2114 221 2146 lib.
244 2115 284 2154 G,
310 2126 336 2146 e.
361 2114 423 2153 173
451 2113 672 2144 Ptolemaeum
695 2113 750 2145 lib.
769 2114 808 2152 5,
837 2125 863 2144 e.
885 2113 941 2144 14.
957 2112 1123 2145 fluor.—

168 2175 333 2218 Quantum
372 2176 412 2207 ad
445 2187 511 2207 rem
542 2180 645 2215 recte,
675 2181 710 2206 ut
736 2175 924 2207 confirmant
947 2174 1123 2218 Dionysius

169 2239 300 2283 (perieg.
321 2239 447 2282 1165),
474 2239 595 2272 Strabo
619 2240 697 2283 (15,
721 2252 750 2283 p.
773 2240 876 2283 718),
903 2239 971 2279 alii3
999 2239 1056 2270 sed
1077 2239 1123 2270 in-

169 2305 345 2332 veteratum
370 2301 518 2332 mendum
542 2313 613 2333 esse
638 2301 745 2333 Solini
767 2302 842 2346 (52)
868 2301 995 2334 codices
1018 2307 1123 2333 osten-

170 2364 264 2403 dunt⁷
292 2362 347 2405 qui
370 2367 402 2393 et
428 2361 490 2405 ipsi
517 2363 622 2395 Bleclis
650 2363 761 2405 legunt
789 2370 871 2396 leste
895 2363 1055 2396 Salmasio
1081 2364 1124 2409 (p.

169 2424 272 2467 090),
308 2424 364 2468 qui
387 2429 474 2455 recte
501 2432 609 2457 monet
637 2426 697 2470 ipsi
723 2428 830 2471 potius
852 2428 1011 2460 Martiano
1031 2439 1125 2472 quam

169 2489 306 2522 librariis
327 2490 388 2522 hoe
415 2495 579 2533 peceatum
605 2490 823 2535 imputandum
850 2504 931 2524 esse.

246 2557 315 2583 octo
341 2550 455 2596 millia]
483 2551 642 2596 Supplevi
667 2554 768 2585 millia
798 2566 838 2586 ex
862 2554 972 2587 codice
988 2553 1123 2586 Reiehe-

172 2611 322 2653 narnensi,
353 2613 461 2645 Plinio
486 2619 518 2644 et
542 2613 659 2647 Selino
686 2614 971 2661 adstipulantibus3
1013 2615 1047 2648 111
1076 2626 1126 2648 te·

1827 1593 1875 1633 In
1907 1608 1955 1633 eo
1987 1602 2125 1633 tractu

1173 1736 1270 1780 liquis
1289 1736 1393 1768 alieno
1414 1736 1486 1767 loeo
1507 1735 1663 1767 intrusum
1680 1735 1796 1777 legitur
1815 1740 1889 1778 post
1906 1740 2046 1772 centum,
2073 1733 2128 1765 ubi

1173 1805 1278 1830 tamen
1290 1799 1356 1840 jam
1369 1798 1501 1829 Grotius
1521 1797 1552 1828 in
1569 1797 1710 1838 margine
1725 1797 1846 1828 notavit
1865 1797 1903 1828 ab
1920 1796 1989 1827 aliis
2004 1795 2128 1827 abesse.

1248 1872 1339 1890 ”iovis
1364 1857 1504 1903 BIaIeus]
1532 1858 1616 1890 Vide
1643 1871 1738 1902 supra
1760 1857 1802 1902 (ἓ.
1823 1858 1921 1901 595).

1248 1921 1415 1968 Pyymaei]
1444 1923 1494 1954 De
1516 1934 1625 1953 eornm
1644 1934 1713 1954 eum
1732 1922 1862 1964 gruibus
1885 1932 1991 1965 pugna
2011 1918 2128 1951 fabella

1176 1984 1393 2028 antiquissima
1412 1990 1461 2015 est
1483 1984 1629 2027 (Homer.
1650 1984 1686 2015 ll.
1704 1997 1728 2029 y
1749 1984 1785 2027 G)
1806 1989 1840 2014 et
1863 1995 1880 2014 a
1896 1981 2126 2014 recentioribus

1175 2060 1270 2092 saepe
1294 2048 1430 2092 repetita
1458 2047 1596 2091 (Strabo
1630 2047 1652 2079 1.
1673 2048 1712 2087 1,
1744 2060 1774 2091 p.
1792 2049 1852 2079 55.
1878 2048 1937 2078 57.
1966 2047 2026 2079 45.
2051 2045 2074 2078 1.
2092 2044 2126 2084 2,

2145 452 2237 495 694

2157 1425 2245 1467 695

1174 2123 1205 2154 p.
1225 2111 1281 2142 70.
1302 2110 1323 2141 l.
1342 2112 1374 2150 7,
1404 2122 1434 2154 p.
1452 2109 1534 2141 299.
1560 2109 1580 2140 1.
1597 2110 1637 2149 9,
1662 2122 1692 2153 p.
1714 2110 1800 2142 590.
1834 2109 1890 2148 17,
1917 2121 1947 2152 p.
1965 2108 2036 2139 821
2066 2105 2128 2139 Ca-

1176 2175 1264 2205 sanb.
1283 2173 1418 2223 Aristot.
1446 2173 1518 2204 hist.
1545 2173 1672 2206 animal.
1695 2174 1734 2213 8,
1762 2173 1816 2203 12.
1833 2172 1972 2216 Oppian.
1998 2169 2126 2201 halieut.

1178 2238 1215 2276 1,
1240 2226 1323 2268 effi.
1350 2235 1436 2267 min.
1456 2236 1496 2275 4,
1526 2235 1582 2266 11.
1610 2236 1643 2274 7,
1665 2234 1699 2266 2.
1729 2235 1791 2273 10,
1818 2234 1875 2265 25.
1901 2230 2049 2264 Juvenal.
2069 2230 2126 2269 15,

1178 2300 1261 2332 167.
1296 2299 1383 2331 Mela
1405 2300 1444 2339 5,
1469 2299 1502 2329 8.
1528 2297 1591 2341 aL).
1622 2297 1781 2330 Maximus
1807 2301 1910 2327 autem
1937 2294 2127 2337 scriptorum

1177 2363 1342 2394 dissensus
1372 2361 1622 2406 deprehenditur
1648 2361 1687 2393 de
1714 2359 1860 2401 regione,
1888 2370 1983 2402 qnam
2006 2355 2127 2388 inhabi-

1177 2433 1262 2458 tasse
1278 2427 1458 2469 Pygmaeos
1475 2425 1657 2457 fabulantur
1674 2424 1844 2469 (Herodot.
1859 2423 1897 2461 4,
1921 2423 1978 2453 45.
1993 2420 2129 2452 Aristot.

1176 2491 1250 2522 hist.
1275 2489 1398 2521 animal.
1426 2491 1466 2530 8,
1502 2491 1558 2522 13.
1585 2488 1712 2521 Ctesias
1743 2488 1798 2518 11.
1825 2485 1911 2518 Plin.
1933 2486 1971 2524 5,
1998 2485 2059 2517 29.
2087 2485 2128 2523 6,

1179 2553 1225 2584 19
1258 2557 1291 2583 et
1313 2552 1374 2585 50.
1403 2551 1489 2583 Gell.
1516 2552 1556 2591 9,
1587 2550 1610 2582 4
1638 2550 1658 2580 f.
1689 2548 1774 2580 Mola
1799 2548 1839 2588 5,
1871 2547 1905 2580 8.
1923 2546 2076 2590 stephan.
2100 2557 2134 2577 v.

1178 2610 1400 2656 Ηῑὲττουζα.
1422 2615 1562 2659 llesycli.
1587 2625 1616 2646 τ.
1641 2610 1805 2654 ὒτώβαι).

1682 2675 1726 2706 71
