2310 2860
808 124 1007 168 Martiani
1045 124 1246 182 Capellae
1285 126 1357 168 lib.
1382 125 1413 168 I.
1452 128 1546 179 §.7.
2097 134 2154 176 51

197 232 353 274 ta'culat
372 232 636 288 innstusque,
657 232 754 288 quis
779 232 927 274 infanti
947 247 1150 274 somnum
1173 232 1413 286 induceret,
1443 234 1672 277 adhibebat
1693 237 1938 292 quiescenti.
1983 240 2153 283 Praeter

196 328 246 355 ea
276 328 330 354 ne
361 313 500 354 ullum
529 323 697 369 tempus
727 314 816 354 sine
847 313 1056 356 illecebris
1088 313 1494 371 oblectamentisque
1524 315 1792 371 decurreret,
1837 320 2022 376 pruritui
2052 323 2155 363 sub-

201 420 265 453 »Et
296 427 332 452 ut
361 422 401 454 ad
427 421 589 454 silentium
616 422 722 466 pavidi
755 422 889 455 nutricis
918 423 1059 456 motibus
1085 435 1150 456 cre·

183 482 406 527 rpitaculisquc
438 484 672 516 adducerentur
702 484 855 527 auditis«,
888 491 920 518 et
942 492 1053 518 noster
1082 486 1150 531 ipse

192 545 274 579 libro
291 547 431 578 musico:
456 531 648 580 »infantibus
673 549 864 593 crepitacula
884 550 1008 591 vagitus
1026 550 1150 582 abrum-

191 621 296 653 pcrc.«
340 609 447 645 Gnor.
465 629 512 634 —
548 611 604 656 (V.
632 611 661 656 §.
687 611 784 656 927).

190 669 281 703 Afris
305 672 512 716 scriptoribus
532 674 613 704 hanc
638 685 749 705 vocem
771 674 919 706 usitatam
937 686 1024 706 csse:
1045 675 1148 707 bonae

835 612 922 645 Cave
952 619 1045 657 putes
1072 613 1148 645 solis

191 734 274 766 enim
292 740 386 767 notae
405 741 471 776 est,
498 747 599 779 eaque
621 742 754 768 utuntur
769 737 944 778 Martialis,
964 738 1147 779 Lucretius,

190 797 389 840 Columella,
423 799 671 842 Quiuctilianus.
977 787 982 789 .

262 859 349 907 quis]
377 861 486 892 Utitur
508 861 693 905 saepissime
713 863 774 894 hoc
793 862 950 894 vocabulo
967 862 1145 895 Martianus

187 934 247 968 pro
264 925 400 970 quibus,
430 925 532 967 quod,
559 937 742 969 quanquam
765 937 883 957 novum
902 937 966 958 non
985 926 1045 966 sit,
1077 938 1145 958 sae-

187 998 360 1030 penumero
403 992 509 1018 tamen
552 999 617 1019 non
647 988 825 1020 advertenti
863 1001 992 1021 sensum
1029 991 1143 1022 turbat.

187 1049 291 1082 Gne-r.
308 1068 356 1074 —
384 1050 514 1082 Confer.
536 1051 682 1083 Cortium
706 1051 761 1095 (ad
779 1052 912 1085 Sallust.
936 1053 969 1084 iu
983 1053 1058 1095 Jug.
1084 1055 1143 1094 80,

185 1113 218 1144 5.
236 1124 266 1155 p.
291 1112 395 1156 768),
416 1111 616 1156 Appulcjiuu
639 1112 694 1157 (in
721 1119 795 1145 met.
819 1115 853 1146 4.
877 1127 907 1158 p.
930 1114 1041 1159 290),
1069 1115 1142 1147 Vir-

184 1174 312 1217 gilium,
340 1175 429 1207 alios.

257 1249 406 1269 somnum
428 1236 608 1283 induceret]
637 1237 790 1279 Grotius,
832 1238 994 1281 Goczius,
1030 1246 1063 1272 et
1088 1252 1141 1272 vc-

184 1302 268 1329 tercs
291 1299 448 1330 editiones
473 1311 583 1331 omnes
608 1301 785 1332 habebant:
805 1304 966 1334 somnium
992 1303 1140 1335 ἄπυεν-οἰκ

183 1361 242 1393 scd
264 1360 429 1393 meliorem
457 1368 600 1394 nostram
631 1364 802 1396 lectionem
828 1366 1041 1398 Monaecnses
1066 1379 1140 1410 sup-

182 1425 366 1468 peditarunt
382 1425 510 1457 codices
528 1426 582 1470 (B.
597 1426 634 1458 C.
645 1426 686 1458 D.
698 1426 764 1471 E.),
774 1428 957 1460 Vossianus
975 1435 1139 1472 practerea

181 1487 352 1533 (Arntzen.
367 1501 394 1532 p.
416 1489 516 1532 190),
541 1490 834 1531 Reichenauensis,
853 1492 1052 1524 Bodleianus
1075 1492 1136 1536 pri-

181 1562 269 1592 mus,
292 1555 325 1582 ct
347 1550 564 1582 Britannicus.
605 1552 872 1584 Darmstattensis
898 1565 1047 1584 somnum
1079 1554 1136 1584 ‹ln-

181 1618 276 1646 ceret.

251 1676 397 1719 pruritui
404 1673 669 1720 —voluptatenq
691 1674 773 1707 Cod.
785 1675 873 1708 Mon.
882 1675 911 1706 Ε
924 1676 1136 1715 voluntatem,

179 1738 270 1771 male.
297 1738 414 1772 Mirum
429 1744 536 1771 tamen
552 1751 592 1770 nc
609 1739 742 1771 verbum
765 1739 895 1782 quidem
912 1739 952 1770 ad
973 1739 1134 1771 illustran-

180 1800 256 1834 dum
268 1800 376 1833 locmn
390 1813 409 1832 a
430 1801 534 1834 doctis
554 1801 782 1845 interpretibus
807 1801 938 1832 allatum
962 1813 1050 1842 esse,
1081 1802 1136 1845 qui

179 1864 271 1897 {heile
295 1865 523 1897 obscoenitatis
551 1865 671 1897 crimen
692 1865 855 1896 incurrere
884 1865 997 1908 possit.
1037 1865 1135 1898 Certe

179 1926 332 1958 Barthius
352 1927 399 1971 (in
423 1927 546 1969 adverS.
566 1939 597 1969 p.
618 1925 727 1969 1551)
747 1925 821 1957 inde
844 1927 1017 1958 affirmabat
1035 1927 1134 1975 »scal-

179 2000 255 2032 pere
282 1988 436 2033 pruritui«
464 1988 673 2020 libidInosum
695 1989 828 2020 verbum
854 2000 935 2020 csse.
984 1989 1023 2020 Id
1047 1989 1134 2032 quod

179 2063 271 2093 nego.
311 2051 362 2082 De
394 2051 499 2082 anima
528 2051 613 2083 enim
637 2062 741 2083 sermo
771 2056 838 2092 est,
885 2063 966 2095 quac
988 2051 1133 2095 Psyches

177 2123 349 2158 personam
372 2113 497 2154 induit3
538 2113 630 2156 cujus
659 2125 758 2157 quum
792 2113 873 2145 duae
904 2118 1013 2157 partes
1051 2113 1131 2155 sint,

179 2175 278 2207 altera
301 2175 425 2208 ratione
451 2175 613 2220 praedita,
651 2175 751 2208 altera
784 2175 917 2208 rationis
939 2187 1053 2220 expers
1078 2175 1130 2220 (ef.

177 2237 261 2270 Plat.
282 2238 419 2270 Phacdr.
442 2250 472 2282 Ρ.
491 2238 565 2270 248
587 2237 719 2282 Steph.;
753 2239 834 2270 Tim.
857 2239 952 2274 Locr.
971 2240 1010 2270 de
1029 2238 1132 2271 anima

178 2302 288 2334 mundi
299 2315 329 2347 p.
343 2303 433 2343 1003
455 2301 591 2334 Aristid.
602 2302 757 2346 Quinctil.
772 2303 811 2334 de
824 2303 949 2337 Musica
966 2304 999 2335 2.
1014 2316 1044 2347 p.
1061 2304 1130 2335 105

177 2360 292 2405 meib-3
330 2364 450 2396 Euscb.
481 2377 589 2409 praep.
622 2377 669 2397 ev.
698 2366 752 2397 15.
783 2366 841 2397 60.
871 2378 901 2410 p.
920 2367 1014 2407 8513
1046 2367 1131 2399 Max.

178 2426 253 2471 Tyr.
278 2426 330 2469 II,
359 2441 390 2473 p.
409 2429 483 2461 289
505 2429 648 2475 Reisk.),
674 2431 828 2462 hactenus
848 2430 963 2462 melior
977 2442 1052 2475 pars
1080 2443 1129 2464 or-

178 2497 252 2524 nata
282 2497 347 2523 cstz
369 2492 505 2536 primum
535 2493 619 2526 enim
648 2506 666 2526 a
689 2494 774 2527 «Jove
796 2495 1016 2528 aeternitatem
1041 2508 1128 2529 acce-

176 2556 240 2600 pit,
281 2555 396 2589 deinde
428 2568 447 2589 a
475 2556 606 2590 «Iunone
637 2564 766 2592 mutuae
808 2559 970 2593 societatis
1004 2561 1127 2594 deside-

1200 424 1300 465 rium,
1328 435 1345 456 a
1360 424 1505 457 Minerva
1526 425 1743 469 prudentiam,
1774 427 1813 459 ub
1831 426 1986 472 Apolline
2004 430 2154 464 virtutem

1201 487 1466 529 conjecturalem,
1510 488 1549 519 ab
1580 488 1699 520 Urania
1729 488 1778 521 sui
1801 490 1901 534 ipsius
1929 492 2153 534 cognitionem,

1201 561 1219 580 a
1230 549 1378 582 Vulcano
1394 554 1585 593 potestatem
1601 549 1633 582 in
1649 551 1787 583 tenebris
1803 551 1907 584 lucem
1925 555 2153 598 perspiciendi,

1200 611 1345 655 sequitur
1372 623 1457 643 nunc
1487 611 1644 652 deterior,
1687 624 1767 656 quac
1796 625 1813 644 a
1835 614 1964 646 Venere
1992 617 2154 660 accepisse

1199 673 1314 704 dicitur
1343 673 1447 705 variae
1475 672 1620 705 luxuriae
1649 674 1770 706 cultum
1808 675 2057 721 deliciarumque
2086 690 2151 710 om-

1198 735 1286 767 nium
1304 735 1521 779 cupiditatem,
1547 735 1743 780 voluptatem
1764 741 1797 768 et
1820 738 2016 780 socordiam,
2035 740 2155 783 pariter

1198 802 1293 840 atquc
1318 796 1488 839 Astrologi
1508 796 1565 841 (cf.
1587 798 1729 830 Mam-oh.
1747 797 1787 829 ad
1809 810 1910 831 somn.
1933 799 2020 844 Scip.
2038 801 2063 832 I.
2087 802 2153 845 12)

1204 860 1373 892 »desiderii
1399 866 1539 901 motum,
1579 861 1667 905 quod
1696 859 1981 907 ἐπιθυμητικὸν
2002 870 2153 903 vocatur,

1196 923 1229 955 iu
1259 924 1396 956 Veneris
1429 925 1505 956 orbe
1544 924 1697 968 produci«
1727 925 1894 957 docebant.
1937 926 2024 959 Huic
2049 934 2154 960 autem

1196 986 1317 1018 animae
1338 987 1422 1031 parti
1441 986 1474 1018 in
1500 988 1562 1018 imo
1585 999 1715 1030 corpore
1738 987 1848 1020 sedem
1869 987 2076 1030 assignabant
2101 1002 2152 1022 ve·

1196 1055 1299 1091 teres,
1334 1062 1398 1093 quo
1430 1051 1558 1082 nomine
1586 1062 1681 1094 saepe
1709 1051 1834 1083 medius
1861 1051 1946 1083 inter
1977 1059 2090 1096 pectus
2122 1060 2153 1086 et

1194 1125 1294 1145 crura
1316 1120 1428 1146 venter
1456 1114 1659 1155 significatur.
1694 1114 1751 1147 Sic
1767 1113 1951 1158 Appulejus
1975 1116 2028 1159 (de
2048 1117 2151 1159 dogm.

1193 1175 1276 1207 Plat.
1297 1187 1328 1219 Ρ.
1348 1176 1421 1208 207
1444 1175 1545 1220 Oud.)
1569 1176 1612 1207 ait
1637 1176 1837 1219 »cupidinem
1862 1182 1958 1220 atque
1981 1179 2152 1221 appetitus,

1192 1245 1387 1283 postremam
1421 1240 1536 1271 mentis
1566 1239 1764 1283 portionem,
1803 1239 1943 1271 infernas
1975 1242 2153 1274 abdominis

1193 1301 1286 1333 sedes
1307 1307 1434 1343 tenere,
1463 1306 1498 1333 ut
1515 1302 1650 1346 popinas
1677 1301 1831 1345 quasdam
1851 1307 1884 1333 ct
1903 1301 2088 1335 latrinarum
2107 1305 2150 1336 la—

1191 1366 1315 1406 tebras,
1344 1365 1520 1397 diversoria
1543 1365 1703 1409 nequitiae
1726 1371 1822 1410 atque
1840 1365 2025 1408 luxuriae«,
2053 1368 2151 1400 Clau-

1191 1427 1305 1458 dianus
1325 1432 1432 1458 autcm
1453 1427 1524 1471 (IV.
1552 1426 1652 1459 Cons.
1674 1427 1761 1458 Hon.
1784 1439 1812 1458 v.
1831 1427 1937 1471 248):

1246 1490 1311 1521 „At
1337 1490 1399 1521 sibi
1418 1495 1534 1521 cuncta
1558 1494 1692 1532 petens,
1718 1490 1768 1520 nil
1786 1491 1943 1521 collatura
1961 1492 2079 1534 cupido

1239 1551 1282 1580 In
1298 1550 1394 1591 jecur
1421 1556 1452 1581 et
1479 1556 1602 1582 tractus
1627 1550 1709 1581 imos
1739 1551 1902 1594 compulsa
1923 1555 2087 1585 recessit«

1187 1611 1226 1642 In
1242 1613 1387 1655 jecinore
1411 1612 1505 1644 sitam
1530 1624 1601 1644 csse
1635 1613 1927 1656 concupiscentiam
1959 1615 2027 1656 jam
2052 1617 2149 1649 Plato

1188 1673 1341 1705 docuerat
1364 1673 1397 1706 in
1418 1674 1568 1715 Timaeo,
1607 1674 1698 1716 cujus
1721 1674 1827 1706 locum
1851 1675 1965 1708 Cicero
1990 1676 2100 1720 (Tusc.
2117 1680 2148 1715 1,

1190 1737 1249 1780 10)
1269 1737 1313 1769 ita
1327 1736 1425 1769 latine
1445 1738 1613 1779 convertit,
1639 1743 1675 1769 ut
1690 1754 1700 1767 »ι
1708 1738 1914 1783 cupiditatem
1932 1742 2042 1773 subter
2054 1755 2148 1785 prae-

1187 1799 1296 1831 cordia
1329 1799 1466 1831 locatam
1497 1811 1587 1832 essee«
1619 1799 1740 1832 diceret
1767 1799 1819 1844 (es.
1840 1806 1873 1833 et
1896 1801 2058 1835 Tlteocrit.
2086 1805 2144 1843 11,

1190 1863 1255 1903 163
1280 1863 1394 1894 Horat.
1416 1863 1467 1894 od.
1488 1864 1518 1894 1.
1542 1864 1599 1895 23.
1624 1864 1687 1904 15,
1715 1863 1806 1908 epist.
1830 1866 1861 1896 1.
1886 1866 1942 1897 18.
1963 1866 2029 1908 125
2053 1867 2146 1900 Pers,

1187 1928 1219 1958 5.
1238 1927 1321 1971 120,
1342 1926 1500 1972 pluraque
1517 1928 1602 1972 apud
1614 1928 1641 1959 F
1643 1927 1739 1960 abric.
1759 1929 1799 1961 ad
1810 1928 1901 1962 Sext.
1911 1929 2004 1975 Emp.
2018 1943 2049 1974 p.
2060 1932 2147 1973 452,

1184 1988 1395 2020 Valckenaer.
1420 1989 1461 2020 ad
1479 1989 1593 2033 Eurip.
1612 1989 1746 2033 Hippol.
1769 1991 1876 2031 1070,
1895 1997 1928 2023 et
1951 1992 2083 2024 Jacobs.
2105 1994 2147 2025 ad

1183 2049 1302 2081 Achill.
1337 2051 1407 2082 Tat.
1437 2063 1468 2095 p.
1493 2050 1596 2096 870).

1184 2113 1298 2146 Venus
1324 2114 1446 2146 animae
1473 2115 1629 2159 »pruritui
1656 2116 1916 2160 subscalpentem
1952 2125 2144 2162 apposuerat

1646 2052 1741 2084 Hanc
1774 2052 1872 2094 igitur
1903 2053 1986 2086 circa
2021 2061 2145 2098 partem

1183 2177 1387 2221 voluptatem.
1396 2193 1407 2207 u
1453 2178 1663 2223 subscalpere
1681 2191 1741 2223 pro
1764 2180 1901 2225 simplici
1919 2182 2064 2225 scalpere
2095 2183 2140 2214 di-

1184 2247 1268 2274 ctum
1302 2248 1352 2274 cst
1376 2255 1417 2275 ex
1447 2243 1638 2287 scriptorum
1674 2244 1761 2276 illius
1792 2245 1907 2276 aetatis
1931 2258 2020 2277 more
2044 2247 2140 2277 verba

1182 2307 1429 2350 supervacaneis
1452 2308 1748 2352 praepositionibus
1771 2309 1908 2351 augendi
1932 2309 1985 2353 (ef.
2009 2315 2075 2341 not.
2099 2310 2139 2340 ad

1181 2366 1211 2412 §.
1231 2368 1254 2399 2
1276 2373 1309 2400 et
1331 2369 1405 2414 45).
1446 2369 1597 2414 Scalpere
1623 2376 1730 2403 autem
1749 2373 1912 2415 pruritum
1933 2371 1995 2403 dici
2011 2372 2138 2403 Plinius

1179 2433 1271 2465 testis
1301 2440 1352 2466 est
1376 2434 1462 2479 (hist.
1479 2440 1544 2467 nat.
1563 2436 1597 2468 9.
1616 2436 1675 2468 45.
1702 2436 1775 2481 68).
1801 2436 1926 2467 Eodem
1949 2435 2032 2466 redit
2053 2437 2138 2479 apud

1179 2494 1339 2529 Senecam
1367 2495 1484 2544 (Epist.
1509 2498 1577 2539 92,
1602 2510 1634 2543 p.
1658 2499 1730 2530 385
1748 2497 1852 2541 Lips.)
1880 2497 2042 2529 »titillatio
2066 2510 2136 2531 cor-

1181 2559 1307 2605 poris«,
1345 2561 1382 2594 cf.
1409 2566 1441 2594 et
1469 2560 1572 2595 Cicer.
1595 2562 1636 2594 de
1656 2560 1760 2593 Finib.
1792 2561 1823 2593 1.
1851 2561 1915 2593 11:
1939 2560 1987 2593 »si
2008 2574 2047 2594 ea
2066 2563 2135 2595 sola
