2310 2860
729 142 930 186 Martiani
969 141 1168 200 Capellae
1206 142 1278 187 lib.
1302 141 1356 185 11.
1394 146 1427 197 §.
1457 143 1557 186 140.

2079 150 2161 192 191

190 251 428 295 circumlita
465 251 649 292 exterius
686 249 889 292 rutilabat
921 264 971 292 ac
1007 248 1163 292 dehinc
1195 249 1415 308 perlucida
1445 250 1646 292 inanitate
1684 251 1915 308 albidoque
1952 253 2157 307 humore,

186 332 387 374 interiore
416 340 561 373 tamen
590 330 733 373 medio
771 331 944 373 solidior
985 332 1228 388 apparebat.

1290 332 1432 383 Quam
1469 346 1609 388 quum
1641 332 1874 388 Philologia
1903 334 2159 389 susciperet,

187 415 395 469 quoniam
439 422 533 469 post
573 414 675 454 tanti
712 413 869 455 laboris
908 414 1193 456 afflictationes
1231 423 1457 470 aestusque
1497 414 1648 455 mentis
1688 415 1926 470 plurimum
1968 415 2157 466 sitiebat,

184 493 378 536 reseratis
404 494 495 548 ejus
525 494 792 536 rotunditatis
823 495 1017 547 arcanis,
1045 505 1276 553 postquam
1306 511 1398 539 rem
1430 495 1726 539 dulcissimam
1756 498 1984 554 comperit,
2015 506 2147 539 totam

185 575 484 618 incunctanter
515 575 734 618 exhausit:

559 657 863 715 Continuoque
891 673 1007 702 novo
1037 658 1272 700 solidantur
1302 656 1501 702 membra
1532 658 1697 714 vigore:

554 741 609 783 Et
637 741 872 797 gracilenta
902 741 1012 798 perit
1041 740 1219 790 macies,
1260 739 1322 780 vis
1354 747 1492 780 terrea
1523 739 1652 790 cedit,

555 823 912 879 Acthei-eumque
943 823 1059 865 venit
1088 822 1178 862 sine
1208 822 1356 862 mortis
1387 820 1553 875 legibus
1586 835 1759 862 aevum.

182 901 350 944 Verum
396 903 494 946 diva
542 919 682 960 quum
728 905 1056 947 immortalitatis
1103 919 1199 946 eam
1247 902 1454 959 poculum
1499 911 1691 944 cerneret
1738 902 1937 956 ebibisse,
1993 919 2081 961 quo
2130 921 2152 944 e
2195 909 2273 951 14!

179 985 300 1026 terris
338 985 457 1027 illam
498 986 540 1027 in
579 987 748 1028 coelum
793 1001 971 1043 pergere
1017 985 1399 1040 immortalemque
1441 983 1598 1025 factam
1647 984 1766 1027 velut
1811 987 2046 1042 aenigmate
2087 1001 2158 1027 re-

177 1065 370 1109 dimiculi
414 1068 684 1124 perdoceret,
735 1082 789 1110 ex
820 1067 956 1109 herba
986 1064 1177 1122 quadam
1217 1064 1416 1118 rurestri,
1460 1066 1532 1109 cui
1568 1066 1738 1113 ἀείζωον
1777 1068 2042 1111 vocabulum
2075 1078 2155 1121 est,

174 1211 327 1254 leguntur
348 1213 510 1246 confusae.
526 1211 651 1246 ΑΒΝ-η.
673 1213 779 1259 (misc.
802 1226 833 1258 p.
849 1212 956 1258 210).
971 1229 1020 1238 --·
1053 1211 1139 1246 Cum

174 1272 338 1306 Vossiana
367 1274 506 1307 lectione
536 1276 710 1308 concinunt
737 1281 867 1320 praeter
890 1274 1064 1317 Bongarsii
1085 1285 1139 1307 eo·

176 1334 280 1368 dicem
304 1334 436 1378 Anglici
460 1337 554 1368 etiam
579 1342 611 1369 et
636 1336 912 1369 Dar-uscanensis.
938 1336 1007 1369 Sed
1025 1348 1138 1381 parum

175 1397 310 1430 interest
331 1403 437 1428 utrum
460 1397 595 1439 legeris:
621 1410 720 1441 quare
741 1397 859 1429 retinui
881 1398 1054 1439 vulgatam.

249 1460 442 1506 gracilenta]
469 1462 555 1494 Vide
578 1462 777 1506 superiorem
799 1467 909 1493 notam
935 1461 988 1505 (ad
1014 1459 1041 1504 ἓ.
1063 1459 1136 1505 57).

172 1522 371 1554 Basilo—ensis
386 1523 515 1566 quidem
539 1528 592 1554 »ut
614 1523 805 1565 gracilenta«
826 1523 939 1564 habet,
965 1523 1023 1554 sed
1045 1533 1136 1567 prae-

173 1585 233 1618 tuli
262 1585 434 1628 vulgatam.

245 1646 372 1693 terrea]
407 1647 497 1680 Ante
530 1646 616 1680 enim
646 1647 837 1692 apotheosin
874 1658 968 1679 omne
1000 1645 1134 1677 mortale

172 1710 381 1744 auferendum
406 1717 474 1744 erat
501 1710 612 1756 (ovid.
632 1712 697 1753 15,
728 1712 812 1744 950.
832 1711 894 1751 14,
926 1710 1024 1753 605).
1061 1708 1135 1742 »Ad

170 1773 268 1807 deos«
300 1774 487 1806 Macrobius
523 1773 668 1819 (Saturn.
691 1775 727 1814 5,
753 1772 788 1818 7)
812 1772 934 1818 inquit,
968 1783 1052 1803 »non
1076 1783 1134 1815 po-

169 1844 233 1870 test
252 1839 356 1871 anima
380 1838 443 1870 nisi
463 1838 564 1870 libera
589 1839 629 1870 ab
653 1849 750 1871 onere
770 1837 913 1882 corporis
929 1835 1126 1881 pervenirent

167 1900 255 1934 uiuo
287 1900 545 1945 purificationum
579 1900 740 1940 remedia,
786 1899 827 1931 de
866 1898 984 1942 quibus
1019 1903 1132 1930 noster

168 1962 265 2005 paulo
294 1967 369 2006 post
396 1960 554 2006 (§.ll12.
581 1961 670 2005 155)
697 1960 780 2002 agit,
810 1971 851 1992 ue
882 1965 1009 1991 terrena
1038 1959 1128 2002 origo

168 2026 209 2070 (ᾗ.
227 2026 289 2068 95)
306 2026 534 2070 impedimento
561 2030 650 2057 esset
671 2024 844 2069 quominus
870 2023 904 2056 in
924 2023 1050 2057 coelum
1072 2022 1128 2055 ad·

167 2087 346 2120 seenderet.

241 2147 512 2195 immortalitatis]
538 2149 747 2183 Manifestum
779 2155 829 2181 est
854 2149 889 2181 in
914 2149 1128 2194 apotheoseos

169 2215 385 2260 descriptione
401 2220 548 2247 nostrum
563 2213 694 2246 duetiun
714 2213 814 2245 fuisse
830 2212 977 2257 exemplo
994 2212 1129 2258 popula·

165 2279 209 2311 ris
232 2278 283 2312 sui
302 2278 564 2324 Appiileji·(met.
586 2279 609 2310 6
634 2291 665 2323 p.
685 2278 761 2310 426
779 2276 898 2321 oud),
922 2277 1007 2322 apud
1031 2288 1127 2321 quem

165 2342 293 2387 Jupiter
311 2349 462 2388 porrecto
480 2341 658 2375 ambrosiae
679 2342 812 2386 poculo,
839 2353 985 2384 »sume«,
1010 2340 1127 2385 inquit,

174 2404 317 2448 nPsyelie
340 2410 374 2437 et
389 2405 576 2437 immortalis
591 2409 685 2436 estem
719 2403 816 2436 Adde
836 2402 932 2435 ovid.
957 2403 1044 2447 (met,
1067 2403 1125 2444 14,

166 2466 251 2507 606,
268 2465 365 2510 607).
395 2465 430 2497 A
449 2466 533 2498 Jove
557 2466 642 2498 enim
666 2465 806 2498 remedia
831 2465 995 2509 impetrari
1016 2476 1125 2510 posse,

167 2529 283 2573 quibus
300 2528 445 2560 homines
462 2528 656 2561 immortales
671 2529 794 2570 fierent,
815 2528 992 2561 communis
1015 2528 1124 2572 opinio

167 2593 227 2625 suit
251 2591 468 2639 (Apouod.1‚
487 2593 522 2634 e,
542 2593 581 2634 ι.
613 2594 649 2634 2,
667 2595 702 2635 3,
727 2594 770 2627 ss
791 2598 824 2626 et
840 2594 876 2635 5,
894 2592 930 2635 (3,
948 2593 996 2637 s),
1015 2604 1124 2638 quam-

1190 1209 1238 1242 vis
1262 1209 1414 1243 valerius
1435 1211 1597 1244 Maximus
1619 1211 1673 1257 (2,
1702 1212 1742 1253 0,
1772 1212 1831 1257 10)
1859 1213 1940 1245 hane
1969 1213 2154 1258 opinionem

1187 1273 1331 1308 derideat
1369 1275 1499 1308 verbis:
1539 1287 1752 1321 upersuasum
1785 1277 1985 1317 habuerunt,
2029 1278 2152 1309 animas

1188 1338 1354 1371 hominum
1381 1338 1578 1372 immortales
1611 1352 1693 1372 esse.
1735 1340 1887 1372 Dicerem
1921 1341 2056 1382 stultos,
2087 1340 2151 1373 nisi

1187 1399 1274 1432 idem
1303 1401 1459 1441 braccati,
1492 1401 1579 1445 quod
1606 1402 1755 1446 palliatus
1786 1402 1987 1447 Pythagoras
2015 1403 2147 1435 credit.-

1261 1461 1407 1506 perqere]
1430 1463 1640 1493 Desideratur
1657 1464 1719 1495 hoc
1737 1464 1870 1495 verbum
1888 1465 1971 1508 apud
1989 1465 2151 1505 Grofiumg

1188 1522 1245 1555 sed
1267 1524 1345 1566 legit
1368 1524 1566 1556 Arntzenius
1593 1525 1695 1568 (mise.
1721 1538 1753 1570 p.
1774 1527 1861 1570 210)
1884 1527 1918 1558 in
1936 1527 2099 1559 vossiano
2119 1535 2151 1560 et

1186 1585 1319 1617 Cortius
1331 1586 1364 1617 in
1379 1586 1650 1629 Guelferbytano:
1668 1587 1819 1619 exhibent
1833 1587 1928 1619 etiam
1940 1588 2150 1622 Britannicus

1186 1654 1220 1681 et
1250 1649 1460 1681 Basileensis.
1502 1649 1603 1692 Quod
1635 1661 1734 1693 quum
1766 1650 1800 1682 in
1838 1651 2051 1683 anterioribus
2079 1653 2148 1695 jam

1186 1712 1380 1745 editionibus
1399 1712 1538 1755 legatur,
1561 1712 1632 1755 ejus
1650 1713 1856 1745 omissionem
1876 1718 2147 1759 typographorum

1184 1775 1399 1819 negligentiae
1431 1776 1652 1812 adscribimus.
1686 1777 1726 1809 In
1753 1777 2005 1811 Darmstattensi
2037 1780 2148 1812 codice

1183 1839 1276 1873 locus
1301 1839 1346 1870 ita
1373 1838 1506 1880 legiturz
1532 1850 1621 1870 seam
1651 1839 1776 1871 eoelum
1799 1851 1962 1883 pergere«

1259 1902 1439 1945 aeniymate
1471 1898 1671 1946 redimiculi]
1706 1899 1872 1944 Symbolo.
1908 1902 2147 1936 Redimieulum

1178 1961 1230 1997 hic
1252 1975 1319 1996 non
1340 1963 1465 2007 vulgari
1483 1976 1580 1996 sensu
1595 1975 1654 2008 pro
1671 1965 1818 2006 collat-123,-
1844 1966 1900 1997 sed
1923 1973 1957 1998 ut
1975 1980 1993 1999 e
2009 1980 2144 2011 sequen-

1178 2027 1265 2060 tibus
1289 2028 1396 2060 verbis
1419 2027 1592 2071 »virginem
1610 2028 1792 2061 coronavit«
1814 2034 1913 2074 patet,
1938 2042 1997 2075 pro
2022 2044 2142 2064 corona

1178 2092 1397 2137 accipiendum
1424 2097 1482 2124 est.

1254 2150 1444 2200 ἀείζωον]
1469 2153 1582 2185 Herba
1605 2158 1672 2194 est,
1701 2166 1762 2197 qua
1795 2152 1940 2187 Glaucus
1967 2156 2046 2188 deus
2069 2168 2140 2188 esse

1176 2218 1280 2252 faetus
1315 2217 1474 2260 ereditur,
1506 2218 1592 2249 unde
1619 2218 1838 2261 proverbium:
1865 2218 2044 2259 ,Γλαῦκος
2067 2233 2138 2265 ‹pcc-

1176 2276 1262 2326 γῶν
1292 2276 1402 2315 ποάν
1431 2278 1527 2315 οἰκεῖ
1559 2279 1603 2315 ἐν
1634 2276 1829 2327 θαλάόῦῃ.
1871 2280 1921 2314 Ea
1957 2281 1996 2312 de
2027 2292 2061 2312 re
2091 2281 2137 2313 sie

1176 2343 1316 2376 Nonnus
1341 2343 1396 2375 lib.
1414 2344 1482 2377 532

1225 2406 1376 2444 Γλαῦκε
1413 2403 1694 2454 πολυόπερὶων
1726 2404 1847 2443 ἐτέων
1878 2401 2135 2454 στροφάλιγγε

1570 2466 1785 2508 κυλίνδων,

1223 2526 1265 2566 Εἰ
1285 2526 1412 2576 θέμις,
1433 2526 1665 2579 ἀτρυγέτοιο
1687 2525 1816 2564 λιπών
1832 2526 2042 2573 κευθμῶνα
2062 2529 2132 2564 θα-

1574 2587 1723 2636 λάσόης
