<?xml version="1.0" encoding="UTF-8"?>
<!DOCTYPE html PUBLIC "-//W3C//DTD XHTML 1.0 Transitional//EN"
    "http://www.w3.org/TR/xhtml1/DTD/xhtml1-transitional.dtd">
<html xmlns="http://www.w3.org/1999/xhtml" xml:lang="en" lang="en">
 <head>
  <title>
</title>
<meta http-equiv="Content-Type" content="text/html;charset=utf-8" />
  <meta name='ocr-system' content='tesseract 3.04.00' />
  <meta name='ocr-capabilities' content='ocr_page ocr_carea ocr_par ocr_line ocrx_word'/>
</head>
<body>
  <div class='ocr_page' id='page_1' title='image "./denuptiisphilolo00martuoft/denuptiisphilolo00martuoft_0318.png"; bbox 0 0 2310 2860; ppageno 0'>
   <div class='ocr_carea' id='block_1_1' title="bbox 163 514 249 557">
    <p class='ocr_par' dir='ltr' id='par_1_1' title="bbox 163 514 249 557">
     <span class='ocr_line' id='line_1_1' title="bbox 163 514 249 557; baseline 0.023 -2"><span class='ocrx_word' id='word_1_1' title='bbox 163 514 217 555; x_wconf 75' lang='lat'><strong>27</strong></span> <span class='ocrx_word' id='word_1_2' title='bbox 222 516 249 557; x_wconf 74' lang='grc'><strong>4-</strong></span> 
     </span>
    </p>
   </div>
   <div class='ocr_carea' id='block_1_2' title="bbox 153 834 693 876">
    <p class='ocr_par' dir='ltr' id='par_1_2' title="bbox 153 834 693 876">
     <span class='ocr_line' id='line_1_2' title="bbox 153 834 693 876; baseline -0.002 -1"><span class='ocrx_word' id='word_1_3' title='bbox 153 834 239 876; x_wconf 75' lang='lat'><strong>275</strong></span> <span class='ocrx_word' id='word_1_4' title='bbox 271 835 392 876; x_wconf 89' lang='lat' dir='ltr'><strong>litera</strong></span> <span class='ocrx_word' id='word_1_5' title='bbox 431 835 693 875; x_wconf 84' lang='lat' dir='ltr'><strong>terminatur.</strong></span> 
     </span>
    </p>
   </div>
   <div class='ocr_carea' id='block_1_3' title="bbox 281 179 366 221">
    <p class='ocr_par' dir='ltr' id='par_1_3' title="bbox 281 179 366 221">
     <span class='ocr_line' id='line_1_3' title="bbox 281 179 366 221; baseline 0 -1"><span class='ocrx_word' id='word_1_6' title='bbox 281 179 366 221; x_wconf 72' lang='lat'><strong>288</strong></span> 
     </span>
    </p>
   </div>
   <div class='ocr_carea' id='block_1_4' title="bbox 843 383 1205 427">
    <p class='ocr_par' dir='ltr' id='par_1_4' title="bbox 843 383 1205 427">
     <span class='ocr_line' id='line_1_4' title="bbox 843 383 1205 427; baseline 0 -2"><span class='ocrx_word' id='word_1_7' title='bbox 843 384 922 426; x_wconf 90' lang='lat' dir='ltr'><strong>DE</strong></span> <span class='ocrx_word' id='word_1_8' title='bbox 961 383 1205 427; x_wconf 86' lang='lat' dir='ltr'><strong>NATURA</strong></span> 
     </span>
    </p>
   </div>
   <div class='ocr_carea' id='block_1_5' title="bbox 844 178 1654 236">
    <p class='ocr_par' dir='ltr' id='par_1_5' title="bbox 844 178 1654 236">
     <span class='ocr_line' id='line_1_5' title="bbox 844 178 1654 236; baseline -0.002 -16"><span class='ocrx_word' id='word_1_9' title='bbox 844 178 1044 221; x_wconf 84' lang='lat' dir='ltr'><strong>Martiani</strong></span> <span class='ocrx_word' id='word_1_10' title='bbox 1076 178 1275 236; x_wconf 79' lang='lat' dir='ltr'>Capellae</span> <span class='ocrx_word' id='word_1_11' title='bbox 1306 178 1375 221; x_wconf 87' lang='lat' dir='ltr'><strong>lib.</strong></span> <span class='ocrx_word' id='word_1_12' title='bbox 1398 178 1472 220; x_wconf 90' lang='lat' dir='ltr'><strong>III.</strong></span> <span class='ocrx_word' id='word_1_13' title='bbox 1503 181 1532 231; x_wconf 79' lang='lat'><strong>§.</strong></span> <span class='ocrx_word' id='word_1_14' title='bbox 1552 178 1654 220; x_wconf 75' lang='lat'><strong>274.</strong></span> 
     </span>
    </p>
   </div>
   <div class='ocr_carea' id='block_1_6' title="bbox 1254 383 1659 425">
    <p class='ocr_par' dir='ltr' id='par_1_6' title="bbox 1254 383 1659 425">
     <span class='ocr_line' id='line_1_6' title="bbox 1254 383 1659 425; baseline -0.002 -1"><span class='ocrx_word' id='word_1_15' title='bbox 1254 383 1659 425; x_wconf 81' lang='lat' dir='ltr'><strong>SYLLABARUM.</strong></span> 
     </span>
    </p>
   </div>
   <div class='ocr_carea' id='block_1_7' title="bbox 445 511 2219 569">
    <p class='ocr_par' dir='ltr' id='par_1_7' title="bbox 445 511 2219 569">
     <span class='ocr_line' id='line_1_7' title="bbox 445 511 2219 569; baseline 0.003 -17"><span class='ocrx_word' id='word_1_16' title='bbox 445 512 733 554; x_wconf 78' lang='lat' dir='ltr'><strong>Memoratum</strong></span> <span class='ocrx_word' id='word_1_17' title='bbox 760 511 941 554; x_wconf 79' lang='lat' dir='ltr'>arbitror</span> <span class='ocrx_word' id='word_1_18' title='bbox 964 523 1269 569; x_wconf 78' lang='lat' dir='ltr'><strong>competenter,</strong></span> <span class='ocrx_word' id='word_1_19' title='bbox 1300 529 1411 569; x_wconf 86' lang='lat' dir='ltr'><strong>quae</strong></span> <span class='ocrx_word' id='word_1_20' title='bbox 1442 515 1521 555; x_wconf 89' lang='lat' dir='ltr'><strong>sint</strong></span> <span class='ocrx_word' id='word_1_21' title='bbox 1544 523 1584 555; x_wconf 86' lang='lat' dir='ltr'><strong>et</strong></span> <span class='ocrx_word' id='word_1_22' title='bbox 1612 513 1982 569; x_wconf 79' lang='lat' dir='ltr'><strong>quemadmodum</strong></span> <span class='ocrx_word' id='word_1_23' title='bbox 2004 524 2219 558; x_wconf 81' lang='lat' dir='ltr'>vertantur</span> 
     </span>
    </p>
   </div>
   <div class='ocr_carea' id='block_1_8' title="bbox 275 592 1708 648">
    <p class='ocr_par' dir='ltr' id='par_1_8' title="bbox 275 592 1708 648">
     <span class='ocr_line' id='line_1_8' title="bbox 275 592 1708 648; baseline 0.001 -14"><span class='ocrx_word' id='word_1_24' title='bbox 275 592 438 648; x_wconf 78' lang='lat' dir='ltr'><strong>fastigia</strong></span> <span class='ocrx_word' id='word_1_25' title='bbox 479 594 767 648; x_wconf 80' lang='lat' dir='ltr'><strong>syllabaru1n3</strong></span> <span class='ocrx_word' id='word_1_26' title='bbox 827 608 941 634; x_wconf 87' lang='lat' dir='ltr'><strong>nunc</strong></span> <span class='ocrx_word' id='word_1_27' title='bbox 979 608 1128 635; x_wconf 87' lang='lat' dir='ltr'><strong>earum</strong></span> <span class='ocrx_word' id='word_1_28' title='bbox 1174 594 1453 648; x_wconf 81' lang='lat' dir='ltr'><strong>longitudines</strong></span> <span class='ocrx_word' id='word_1_29' title='bbox 1490 594 1708 635; x_wconf 79' lang='lat' dir='ltr'><strong>intimabo.</strong></span> 
     </span>
    </p>
   </div>
   <div class='ocr_carea' id='block_1_9' title="bbox 272 672 1531 726">
    <p class='ocr_par' dir='ltr' id='par_1_9' title="bbox 272 672 1531 726">
     <span class='ocr_line' id='line_1_9' title="bbox 272 672 1531 726; baseline 0.002 -14"><span class='ocrx_word' id='word_1_30' title='bbox 272 672 435 726; x_wconf 75' lang='lat' dir='ltr'>syllaba</span> <span class='ocrx_word' id='word_1_31' title='bbox 475 682 547 713; x_wconf 91' lang='lat' dir='ltr'><strong>aut</strong></span> <span class='ocrx_word' id='word_1_32' title='bbox 588 673 729 714; x_wconf 88' lang='lat' dir='ltr'><strong>brevis</strong></span> <span class='ocrx_word' id='word_1_33' title='bbox 761 681 842 722; x_wconf 89' lang='lat' dir='ltr'><strong>est,</strong></span> <span class='ocrx_word' id='word_1_34' title='bbox 889 681 960 712; x_wconf 87' lang='lat' dir='ltr'><strong>aut</strong></span> <span class='ocrx_word' id='word_1_35' title='bbox 988 672 1135 726; x_wconf 88' lang='lat' dir='ltr'><strong>longa,</strong></span> <span class='ocrx_word' id='word_1_36' title='bbox 1175 682 1248 713; x_wconf 87' lang='lat' dir='ltr'><strong>aut</strong></span> <span class='ocrx_word' id='word_1_37' title='bbox 1280 675 1531 714; x_wconf 88' lang='lat' dir='ltr'><strong>communis.</strong></span> 
     </span>
    </p>
   </div>
   <div class='ocr_carea' id='block_1_10' title="bbox 1776 594 2219 649">
    <p class='ocr_par' dir='ltr' id='par_1_10' title="bbox 1776 594 2219 649">
     <span class='ocr_line' id='line_1_10' title="bbox 1776 594 2219 649; baseline 0.005 -15"><span class='ocrx_word' id='word_1_38' title='bbox 1776 594 2078 649; x_wconf 79' lang='lat' dir='ltr'><strong>Unaquaeque</strong></span> <span class='ocrx_word' id='word_1_39' title='bbox 2108 596 2219 636; x_wconf 87' lang='lat' dir='ltr'><strong>enim</strong></span> 
     </span>
    </p>
   </div>
   <div class='ocr_carea' id='block_1_11' title="bbox 1592 674 2221 729">
    <p class='ocr_par' dir='ltr' id='par_1_11' title="bbox 1592 674 2221 729">
     <span class='ocr_line' id='line_1_11' title="bbox 1592 674 2221 729; baseline -0.002 -14"><span class='ocrx_word' id='word_1_40' title='bbox 1592 675 1739 715; x_wconf 87' lang='lat' dir='ltr'><strong>Brevis</strong></span> <span class='ocrx_word' id='word_1_41' title='bbox 1775 683 1855 725; x_wconf 88' lang='lat' dir='ltr'><strong>est,</strong></span> <span class='ocrx_word' id='word_1_42' title='bbox 1897 688 2033 729; x_wconf 87' lang='lat' dir='ltr'><strong>quum</strong></span> <span class='ocrx_word' id='word_1_43' title='bbox 2067 674 2221 715; x_wconf 84' lang='lat' dir='ltr'><strong>vocalis</strong></span> 
     </span>
    </p>
   </div>
   <div class='ocr_carea' id='block_1_12' title="bbox 273 752 2223 809">
    <p class='ocr_par' dir='ltr' id='par_1_12' title="bbox 273 752 2223 809">
     <span class='ocr_line' id='line_1_12' title="bbox 273 752 2223 809; baseline 0.001 -16"><span class='ocrx_word' id='word_1_44' title='bbox 273 753 497 808; x_wconf 79' lang='lat' dir='ltr'><strong>corripitur</strong></span> <span class='ocrx_word' id='word_1_45' title='bbox 528 767 574 793; x_wconf 91' lang='lat' dir='ltr'><strong>ac</strong></span> <span class='ocrx_word' id='word_1_46' title='bbox 605 753 732 793; x_wconf 90' lang='lat' dir='ltr'><strong>nullis</strong></span> <span class='ocrx_word' id='word_1_47' title='bbox 772 752 1125 808; x_wconf 74' lang='lat' dir='ltr'><strong>consequentibus</strong></span> <span class='ocrx_word' id='word_1_48' title='bbox 1157 752 1409 807; x_wconf 79' lang='lat' dir='ltr'><strong>adjuvatur3</strong></span> <span class='ocrx_word' id='word_1_49' title='bbox 1457 763 1528 794; x_wconf 86' lang='lat' dir='ltr'><strong>aut</strong></span> <span class='ocrx_word' id='word_1_50' title='bbox 1574 768 1712 809; x_wconf 88' lang='lat' dir='ltr'><strong>quum</strong></span> <span class='ocrx_word' id='word_1_51' title='bbox 1755 763 1948 809; x_wconf 87' lang='lat' dir='ltr'><strong>correpta</strong></span> <span class='ocrx_word' id='word_1_52' title='bbox 1984 754 2123 795; x_wconf 83' lang='lat' dir='ltr'><strong>forma</strong></span> <span class='ocrx_word' id='word_1_53' title='bbox 2156 754 2223 794; x_wconf 82' lang='lat' dir='ltr'><strong>vel</strong></span> 
     </span>
    </p>
   </div>
   <div class='ocr_carea' id='block_1_13' title="bbox 762 831 2221 889">
    <p class='ocr_par' dir='ltr' id='par_1_13' title="bbox 762 831 2221 889">
     <span class='ocr_line' id='line_1_13' title="bbox 762 831 2221 889; baseline -0.001 -14"><span class='ocrx_word' id='word_1_54' title='bbox 762 833 908 888; x_wconf 82' lang='lat' dir='ltr'><strong>Longa</strong></span> <span class='ocrx_word' id='word_1_55' title='bbox 949 842 1089 873; x_wconf 88' lang='lat' dir='ltr'><strong>autem</strong></span> <span class='ocrx_word' id='word_1_56' title='bbox 1129 831 1298 874; x_wconf 89' lang='lat' dir='ltr'><strong>duobus</strong></span> <span class='ocrx_word' id='word_1_57' title='bbox 1338 835 1473 876; x_wconf 85' lang='lat' dir='ltr'><strong>modis</strong></span> <span class='ocrx_word' id='word_1_58' title='bbox 1516 835 1713 886; x_wconf 85' lang='lat' dir='ltr'><strong>efficitur,</strong></span> <span class='ocrx_word' id='word_1_59' title='bbox 1757 844 1909 875; x_wconf 87' lang='lat' dir='ltr'><strong>natura</strong></span> <span class='ocrx_word' id='word_1_60' title='bbox 1941 843 1979 874; x_wconf 89' lang='lat' dir='ltr'><strong>et</strong></span> <span class='ocrx_word' id='word_1_61' title='bbox 2008 834 2221 889; x_wconf 75' lang='lat' dir='ltr'><strong>positione.</strong></span> 
     </span>
    </p>
   </div>
   <div class='ocr_carea' id='block_1_14' title="bbox 270 912 2221 970">
    <p class='ocr_par' dir='ltr' id='par_1_14' title="bbox 270 912 2221 970">
     <span class='ocr_line' id='line_1_14' title="bbox 270 912 2221 970; baseline 0 -15"><span class='ocrx_word' id='word_1_62' title='bbox 270 916 458 966; x_wconf 82' lang='lat' dir='ltr'><strong>Natura,</strong></span> <span class='ocrx_word' id='word_1_63' title='bbox 499 930 636 970; x_wconf 89' lang='lat' dir='ltr'><strong>quum</strong></span> <span class='ocrx_word' id='word_1_64' title='bbox 672 915 826 956; x_wconf 82' lang='lat' dir='ltr'><strong>vocalis</strong></span> <span class='ocrx_word' id='word_1_65' title='bbox 859 912 1130 969; x_wconf 77' lang='lat' dir='ltr'><strong>producitur,</strong></span> <span class='ocrx_word' id='word_1_66' title='bbox 1171 924 1243 955; x_wconf 87' lang='lat' dir='ltr'><strong>aut</strong></span> <span class='ocrx_word' id='word_1_67' title='bbox 1273 929 1410 969; x_wconf 89' lang='lat' dir='ltr'><strong>quum</strong></span> <span class='ocrx_word' id='word_1_68' title='bbox 1443 915 1608 970; x_wconf 78' lang='lat' dir='ltr'>syllaba</span> <span class='ocrx_word' id='word_1_69' title='bbox 1643 914 1971 956; x_wconf 86' lang='lat' dir='ltr'><strong>circumflexum</strong></span> <span class='ocrx_word' id='word_1_70' title='bbox 2002 925 2221 955; x_wconf 85' lang='lat' dir='ltr'><strong>accentum</strong></span> 
     </span>
    </p>
   </div>
   <div class='ocr_carea' id='block_1_15' title="bbox 269 995 2221 1051">
    <p class='ocr_par' dir='ltr' id='par_1_15' title="bbox 269 995 2221 1051">
     <span class='ocr_line' id='line_1_15' title="bbox 269 995 2221 1051; baseline -0.001 -15"><span class='ocrx_word' id='word_1_71' title='bbox 269 1005 381 1036; x_wconf 86' lang='lat' dir='ltr'><strong>tenet</strong></span> <span class='ocrx_word' id='word_1_72' title='bbox 411 995 478 1036; x_wconf 77' lang='lat' dir='ltr'><strong>vel</strong></span> <span class='ocrx_word' id='word_1_73' title='bbox 510 1005 685 1036; x_wconf 87' lang='lat' dir='ltr'><strong>acutum</strong></span> <span class='ocrx_word' id='word_1_74' title='bbox 716 997 757 1036; x_wconf 90' lang='lat' dir='ltr'><strong>in</strong></span> <span class='ocrx_word' id='word_1_75' title='bbox 780 995 1029 1051; x_wconf 86' lang='lat' dir='ltr'><strong>penultima,</strong></span> <span class='ocrx_word' id='word_1_76' title='bbox 1060 1005 1133 1036; x_wconf 89' lang='lat' dir='ltr'><strong>aut</strong></span> <span class='ocrx_word' id='word_1_77' title='bbox 1155 1010 1293 1050; x_wconf 87' lang='lat' dir='ltr'><strong>quum</strong></span> <span class='ocrx_word' id='word_1_78' title='bbox 1326 996 1620 1051; x_wconf 86' lang='lat' dir='ltr'><strong>monosyllaba</strong></span> <span class='ocrx_word' id='word_1_79' title='bbox 1650 1010 1940 1051; x_wconf 84' lang='lat' dir='ltr'><strong>unaquaeque</strong></span> <span class='ocrx_word' id='word_1_80' title='bbox 1966 995 2122 1036; x_wconf 89' lang='lat' dir='ltr'><strong>vocalis</strong></span> <span class='ocrx_word' id='word_1_81' title='bbox 2150 1004 2221 1045; x_wconf 87' lang='lat' dir='ltr'><strong>est,</strong></span> 
     </span>
    </p>
   </div>
   <div class='ocr_carea' id='block_1_16' title="bbox 275 1074 2221 1131">
    <p class='ocr_par' dir='ltr' id='par_1_16' title="bbox 275 1074 2221 1131">
     <span class='ocr_line' id='line_1_16' title="bbox 275 1074 2221 1131; baseline -0.002 -15"><span class='ocrx_word' id='word_1_82' title='bbox 275 1085 346 1116; x_wconf 90' lang='lat' dir='ltr'><strong>aut</strong></span> <span class='ocrx_word' id='word_1_83' title='bbox 377 1091 516 1131; x_wconf 89' lang='lat' dir='ltr'><strong>quum</strong></span> <span class='ocrx_word' id='word_1_84' title='bbox 545 1076 805 1131; x_wconf 86' lang='lat' dir='ltr'><strong>diphthonga</strong></span> <span class='ocrx_word' id='word_1_85' title='bbox 835 1076 1058 1131; x_wconf 84' lang='lat' dir='ltr'><strong>reperitur,</strong></span> <span class='ocrx_word' id='word_1_86' title='bbox 1090 1076 1158 1117; x_wconf 86' lang='lat' dir='ltr'><strong>vel</strong></span> <span class='ocrx_word' id='word_1_87' title='bbox 1184 1090 1321 1130; x_wconf 86' lang='lat' dir='ltr'><strong>quum</strong></span> <span class='ocrx_word' id='word_1_88' title='bbox 1345 1076 1483 1130; x_wconf 86' lang='lat' dir='ltr'><strong>prima</strong></span> <span class='ocrx_word' id='word_1_89' title='bbox 1506 1074 1669 1130; x_wconf 81' lang='lat' dir='ltr'>syllaba</span> <span class='ocrx_word' id='word_1_90' title='bbox 1691 1076 1770 1115; x_wconf 89' lang='lat' dir='ltr'><strong>sub</strong></span> <span class='ocrx_word' id='word_1_91' title='bbox 1796 1076 1875 1115; x_wconf 88' lang='lat' dir='ltr'><strong>alia</strong></span> <span class='ocrx_word' id='word_1_92' title='bbox 1905 1074 2044 1114; x_wconf 85' lang='lat' dir='ltr'><strong>forma</strong></span> <span class='ocrx_word' id='word_1_93' title='bbox 2077 1074 2221 1127; x_wconf 82' lang='lat' dir='ltr'><strong>cujus-</strong></span> 
     </span>
    </p>
   </div>
   <div class='ocr_carea' id='block_1_17' title="bbox 274 1156 1746 1212">
    <p class='ocr_par' dir='ltr' id='par_1_17' title="bbox 274 1156 1746 1212">
     <span class='ocr_line' id='line_1_17' title="bbox 274 1156 1746 1212; baseline -0.001 -16"><span class='ocrx_word' id='word_1_94' title='bbox 274 1171 444 1211; x_wconf 86' lang='lat' dir='ltr'><strong>cunque</strong></span> <span class='ocrx_word' id='word_1_95' title='bbox 487 1156 606 1196; x_wconf 87' lang='lat' dir='ltr'><strong>verbi</strong></span> <span class='ocrx_word' id='word_1_96' title='bbox 646 1157 875 1212; x_wconf 88' lang='lat' dir='ltr'><strong>composita</strong></span> <span class='ocrx_word' id='word_1_97' title='bbox 916 1171 994 1197; x_wconf 89' lang='lat' dir='ltr'><strong>nec</strong></span> <span class='ocrx_word' id='word_1_98' title='bbox 1038 1156 1230 1197; x_wconf 81' lang='lat' dir='ltr'><strong>vocalem</strong></span> <span class='ocrx_word' id='word_1_99' title='bbox 1276 1171 1353 1196; x_wconf 90' lang='lat' dir='ltr'><strong>nee</strong></span> <span class='ocrx_word' id='word_1_100' title='bbox 1385 1170 1565 1197; x_wconf 82' lang='lat' dir='ltr'><strong>acumen</strong></span> <span class='ocrx_word' id='word_1_101' title='bbox 1597 1165 1746 1196; x_wconf 82' lang='lat' dir='ltr'><strong>mutat.</strong></span> 
     </span>
    </p>
   </div>
   <div class='ocr_carea' id='block_1_18' title="bbox 1808 1156 2220 1209">
    <p class='ocr_par' dir='ltr' id='par_1_18' title="bbox 1808 1156 2220 1209">
     <span class='ocr_line' id='line_1_18' title="bbox 1808 1156 2220 1209; baseline -0.007 -13"><span class='ocrx_word' id='word_1_102' title='bbox 1808 1156 2016 1196; x_wconf 86' lang='lat' dir='ltr'><strong>Positione</strong></span> <span class='ocrx_word' id='word_1_103' title='bbox 2023 1187 2035 1205; x_wconf 86' lang='lat'><strong>,</strong></span> <span class='ocrx_word' id='word_1_104' title='bbox 2082 1168 2220 1209; x_wconf 88' lang='lat' dir='ltr'><strong>quum</strong></span> 
     </span>
    </p>
   </div>
   <div class='ocr_carea' id='block_1_19' title="bbox 272 1236 2221 1291">
    <p class='ocr_par' dir='ltr' id='par_1_19' title="bbox 272 1236 2221 1291">
     <span class='ocr_line' id='line_1_19' title="bbox 272 1236 2221 1291; baseline -0.001 -15"><span class='ocrx_word' id='word_1_105' title='bbox 272 1237 452 1277; x_wconf 78' lang='lat' dir='ltr'><strong>brevem</strong></span> <span class='ocrx_word' id='word_1_106' title='bbox 478 1238 671 1278; x_wconf 82' lang='lat' dir='ltr'><strong>vocalem</strong></span> <span class='ocrx_word' id='word_1_107' title='bbox 703 1248 774 1279; x_wconf 88' lang='lat' dir='ltr'><strong>aut</strong></span> <span class='ocrx_word' id='word_1_108' title='bbox 805 1238 916 1279; x_wconf 86' lang='lat' dir='ltr'><strong>duae</strong></span> <span class='ocrx_word' id='word_1_109' title='bbox 943 1246 1216 1278; x_wconf 85' lang='lat' dir='ltr'><strong>consonantes</strong></span> <span class='ocrx_word' id='word_1_110' title='bbox 1248 1247 1511 1291; x_wconf 85' lang='lat' dir='ltr'><strong>sequuntur,</strong></span> <span class='ocrx_word' id='word_1_111' title='bbox 1542 1238 1630 1277; x_wconf 84' lang='lat' dir='ltr'><strong>sive</strong></span> <span class='ocrx_word' id='word_1_112' title='bbox 1661 1237 1704 1277; x_wconf 86' lang='lat' dir='ltr'><strong>in</strong></span> <span class='ocrx_word' id='word_1_113' title='bbox 1736 1236 1887 1277; x_wconf 85' lang='lat' dir='ltr'><strong>eadem</strong></span> <span class='ocrx_word' id='word_1_114' title='bbox 1918 1236 2103 1290; x_wconf 79' lang='lat' dir='ltr'>syllaba,</span> <span class='ocrx_word' id='word_1_115' title='bbox 2133 1237 2221 1276; x_wconf 83' lang='lat' dir='ltr'><strong>sive</strong></span> 
     </span>
    </p>
   </div>
   <div class='ocr_carea' id='block_1_20' title="bbox 155 1310 2218 1375">
    <p class='ocr_par' dir='ltr' id='par_1_20' title="bbox 155 1310 2218 1375">
     <span class='ocr_line' id='line_1_20' title="bbox 155 1310 2218 1375; baseline 0.001 -21"><span class='ocrx_word' id='word_1_116' title='bbox 155 1310 243 1353; x_wconf 65' lang='lat'><strong>276</strong></span> <span class='ocrx_word' id='word_1_117' title='bbox 273 1317 314 1356; x_wconf 86' lang='lat' dir='ltr'><strong>in</strong></span> <span class='ocrx_word' id='word_1_118' title='bbox 345 1319 558 1371; x_wconf 88' lang='lat' dir='ltr'><strong>sequenti,</strong></span> <span class='ocrx_word' id='word_1_119' title='bbox 589 1320 677 1360; x_wconf 78' lang='lat' dir='ltr'><strong>sive</strong></span> <span class='ocrx_word' id='word_1_120' title='bbox 707 1335 782 1375; x_wconf 88' lang='lat' dir='ltr'><strong>per</strong></span> <span class='ocrx_word' id='word_1_121' title='bbox 815 1320 961 1361; x_wconf 87' lang='lat' dir='ltr'><strong>ambas</strong></span> <span class='ocrx_word' id='word_1_122' title='bbox 991 1319 1173 1370; x_wconf 88' lang='lat' dir='ltr'><strong>divisae,</strong></span> <span class='ocrx_word' id='word_1_123' title='bbox 1205 1327 1276 1359; x_wconf 84' lang='lat' dir='ltr'><strong>aut</strong></span> <span class='ocrx_word' id='word_1_124' title='bbox 1309 1319 1350 1358; x_wconf 88' lang='lat' dir='ltr'><strong>in</strong></span> <span class='ocrx_word' id='word_1_125' title='bbox 1383 1319 1512 1359; x_wconf 87' lang='lat' dir='ltr'><strong>altera</strong></span> <span class='ocrx_word' id='word_1_126' title='bbox 1542 1319 1640 1358; x_wconf 87' lang='lat' dir='ltr'><strong>tria:</strong></span> <span class='ocrx_word' id='word_1_127' title='bbox 1667 1318 1826 1373; x_wconf 83' lang='lat' dir='ltr'><strong>duplex</strong></span> <span class='ocrx_word' id='word_1_128' title='bbox 1857 1332 1957 1358; x_wconf 89' lang='lat' dir='ltr'><strong>una.</strong></span> <span class='ocrx_word' id='word_1_129' title='bbox 2014 1316 2218 1372; x_wconf 87' lang='lat' dir='ltr'><strong>Duplices</strong></span> 
     </span>
    </p>
   </div>
   <div class='ocr_carea' id='block_1_21' title="bbox 151 1795 233 1836">
    <p class='ocr_par' dir='ltr' id='par_1_21' title="bbox 151 1795 233 1836">
     <span class='ocr_line' id='line_1_21' title="bbox 151 1795 233 1836; baseline -0.012 0"><span class='ocrx_word' id='word_1_130' title='bbox 151 1795 233 1836; x_wconf 66' lang='lat'><strong>277</strong></span> 
     </span>
    </p>
   </div>
   <div class='ocr_carea' id='block_1_22' title="bbox 272 1397 2220 1457">
    <p class='ocr_par' dir='ltr' id='par_1_22' title="bbox 272 1397 2220 1457">
     <span class='ocr_line' id='line_1_22' title="bbox 272 1397 2220 1457; baseline -0.001 -18"><span class='ocrx_word' id='word_1_131' title='bbox 272 1410 415 1441; x_wconf 78' lang='lat' dir='ltr'><strong>autem</strong></span> <span class='ocrx_word' id='word_1_132' title='bbox 455 1411 552 1442; x_wconf 86' lang='lat' dir='ltr'><strong>sunt</strong></span> <span class='ocrx_word' id='word_1_133' title='bbox 590 1403 635 1443; x_wconf 89' lang='lat' dir='ltr'>X</span> <span class='ocrx_word' id='word_1_134' title='bbox 675 1413 714 1443; x_wconf 86' lang='lat' dir='ltr'><strong>et</strong></span> <span class='ocrx_word' id='word_1_135' title='bbox 742 1404 795 1443; x_wconf 89' lang='lat' dir='ltr'><strong>Z:</strong></span> <span class='ocrx_word' id='word_1_136' title='bbox 829 1401 1058 1457; x_wconf 82' lang='lat' dir='ltr'><strong>aliquando</strong></span> <span class='ocrx_word' id='word_1_137' title='bbox 1098 1400 1118 1441; x_wconf 97' lang='lat' dir='ltr'>I</span> <span class='ocrx_word' id='word_1_138' title='bbox 1149 1408 1187 1439; x_wconf 86' lang='lat' dir='ltr'><strong>et</strong></span> <span class='ocrx_word' id='word_1_139' title='bbox 1218 1398 1250 1438; x_wconf 91' lang='lat' dir='ltr'>C</span> <span class='ocrx_word' id='word_1_140' title='bbox 1292 1397 1382 1439; x_wconf 89' lang='lat' dir='ltr'><strong>fieri</strong></span> <span class='ocrx_word' id='word_1_141' title='bbox 1422 1407 1596 1453; x_wconf 85' lang='lat' dir='ltr'><strong>possunt</strong></span> <span class='ocrx_word' id='word_1_142' title='bbox 1643 1397 1856 1453; x_wconf 87' lang='lat' dir='ltr'><strong>duplices,</strong></span> <span class='ocrx_word' id='word_1_143' title='bbox 1907 1406 1953 1437; x_wconf 91' lang='lat' dir='ltr'><strong>ut</strong></span> <span class='ocrx_word' id='word_1_144' title='bbox 1991 1397 2024 1436; x_wconf 87' lang='lat' dir='ltr'><strong>si</strong></span> <span class='ocrx_word' id='word_1_145' title='bbox 2064 1397 2220 1438; x_wconf 87' lang='lat' dir='ltr'><strong>Iinter</strong></span> 
     </span>
    </p>
   </div>
   <div class='ocr_carea' id='block_1_23' title="bbox 274 1482 920 1536">
    <p class='ocr_par' dir='ltr' id='par_1_23' title="bbox 274 1482 920 1536">
     <span class='ocr_line' id='line_1_23' title="bbox 274 1482 920 1536; baseline 0.003 -14"><span class='ocrx_word' id='word_1_146' title='bbox 274 1482 436 1523; x_wconf 77' lang='lat' dir='ltr'><strong>vocales</strong></span> <span class='ocrx_word' id='word_1_147' title='bbox 467 1483 537 1533; x_wconf 89' lang='lat' dir='ltr'><strong>sit,</strong></span> <span class='ocrx_word' id='word_1_148' title='bbox 567 1492 614 1524; x_wconf 92' lang='lat' dir='ltr'><strong>ut</strong></span> <span class='ocrx_word' id='word_1_149' title='bbox 645 1483 731 1536; x_wconf 81' lang='lat' dir='ltr'><strong>ajo,</strong></span> <span class='ocrx_word' id='word_1_150' title='bbox 767 1483 920 1536; x_wconf 81' lang='lat' dir='ltr'><strong>Troja3</strong></span> 
     </span>
    </p>
   </div>
   <div class='ocr_carea' id='block_1_24' title="bbox 978 1479 1886 1534">
    <p class='ocr_par' dir='ltr' id='par_1_24' title="bbox 978 1479 1886 1534">
     <span class='ocr_line' id='line_1_24' title="bbox 978 1479 1886 1534; baseline -0.003 -12"><span class='ocrx_word' id='word_1_151' title='bbox 978 1482 1079 1522; x_wconf 90' lang='lat' dir='ltr'><strong>item</strong></span> <span class='ocrx_word' id='word_1_152' title='bbox 1112 1480 1167 1531; x_wconf 91' lang='lat' dir='ltr'><strong>C,</strong></span> <span class='ocrx_word' id='word_1_153' title='bbox 1205 1490 1253 1521; x_wconf 91' lang='lat' dir='ltr'><strong>ut</strong></span> <span class='ocrx_word' id='word_1_154' title='bbox 1281 1480 1390 1531; x_wconf 81' lang='lat' dir='ltr'><strong>„hoc</strong></span> <span class='ocrx_word' id='word_1_155' title='bbox 1425 1489 1515 1520; x_wconf 86' lang='lat' dir='ltr'><strong>erat</strong></span> <span class='ocrx_word' id='word_1_156' title='bbox 1546 1479 1659 1520; x_wconf 88' lang='lat' dir='ltr'><strong>alma</strong></span> <span class='ocrx_word' id='word_1_157' title='bbox 1691 1481 1886 1534; x_wconf 84' lang='lat' dir='ltr'><strong>parcns.“</strong></span> 
     </span>
    </p>
   </div>
   <div class='ocr_carea' id='block_1_25' title="bbox 1953 1479 2220 1522">
    <p class='ocr_par' dir='ltr' id='par_1_25' title="bbox 1953 1479 2220 1522">
     <span class='ocr_line' id='line_1_25' title="bbox 1953 1479 2220 1522; baseline -0.011 0"><span class='ocrx_word' id='word_1_158' title='bbox 1953 1479 2045 1522; x_wconf 88' lang='lat' dir='ltr'><strong>Hae</strong></span> <span class='ocrx_word' id='word_1_159' title='bbox 2078 1488 2220 1519; x_wconf 88' lang='lat' dir='ltr'><strong>autem</strong></span> 
     </span>
    </p>
   </div>
   <div class='ocr_carea' id='block_1_26' title="bbox 269 1559 2221 1619">
    <p class='ocr_par' dir='ltr' id='par_1_26' title="bbox 269 1559 2221 1619">
     <span class='ocr_line' id='line_1_26' title="bbox 269 1559 2221 1619; baseline -0.001 -17"><span class='ocrx_word' id='word_1_160' title='bbox 269 1565 615 1613; x_wconf 82' lang='lat' dir='ltr'><strong>consonantium,</strong></span> <span class='ocrx_word' id='word_1_161' title='bbox 664 1564 731 1604; x_wconf 87' lang='lat' dir='ltr'><strong>vel</strong></span> <span class='ocrx_word' id='word_1_162' title='bbox 772 1563 1032 1619; x_wconf 79' lang='lat' dir='ltr'><strong>duplicium,</strong></span> <span class='ocrx_word' id='word_1_163' title='bbox 1072 1576 1182 1618; x_wconf 89' lang='lat' dir='ltr'><strong>quae</strong></span> <span class='ocrx_word' id='word_1_164' title='bbox 1223 1561 1375 1602; x_wconf 82' lang='lat' dir='ltr'><strong>breves</strong></span> <span class='ocrx_word' id='word_1_165' title='bbox 1420 1560 1645 1615; x_wconf 86' lang='lat' dir='ltr'><strong>adjuvant,</strong></span> <span class='ocrx_word' id='word_1_166' title='bbox 1690 1559 1855 1601; x_wconf 83' lang='lat' dir='ltr'><strong>formae</strong></span> <span class='ocrx_word' id='word_1_167' title='bbox 1894 1569 1993 1600; x_wconf 90' lang='lat' dir='ltr'><strong>tunc</strong></span> <span class='ocrx_word' id='word_1_168' title='bbox 2035 1569 2221 1615; x_wconf 87' lang='lat' dir='ltr'><strong>possunt,</strong></span> 
     </span>
    </p>
   </div>
   <div class='ocr_carea' id='block_1_27' title="bbox 268 1641 2219 1694">
    <p class='ocr_par' dir='ltr' id='par_1_27' title="bbox 268 1641 2219 1694">
     <span class='ocr_line' id='line_1_27' title="bbox 268 1641 2219 1694; baseline 0 -14"><span class='ocrx_word' id='word_1_169' title='bbox 268 1642 301 1680; x_wconf 90' lang='lat' dir='ltr'><strong>si</strong></span> <span class='ocrx_word' id='word_1_170' title='bbox 340 1642 382 1681; x_wconf 90' lang='lat' dir='ltr'><strong>in</strong></span> <span class='ocrx_word' id='word_1_171' title='bbox 433 1643 584 1682; x_wconf 87' lang='lat' dir='ltr'><strong>eodem</strong></span> <span class='ocrx_word' id='word_1_172' title='bbox 623 1658 819 1683; x_wconf 87' lang='lat' dir='ltr'><strong>sermone</strong></span> <span class='ocrx_word' id='word_1_173' title='bbox 873 1642 1153 1691; x_wconf 82' lang='lat' dir='ltr'><strong>claudantur3</strong></span> <span class='ocrx_word' id='word_1_174' title='bbox 1213 1649 1399 1679; x_wconf 80' lang='lat' dir='ltr'><strong>ceterum</strong></span> <span class='ocrx_word' id='word_1_175' title='bbox 1452 1641 1638 1694; x_wconf 83' lang='lat' dir='ltr'><strong>proximi</strong></span> <span class='ocrx_word' id='word_1_176' title='bbox 1690 1642 1898 1682; x_wconf 87' lang='lat' dir='ltr'><strong>sermonis</strong></span> <span class='ocrx_word' id='word_1_177' title='bbox 1948 1650 2219 1681; x_wconf 82' lang='lat' dir='ltr'><strong>consonantes</strong></span> 
     </span>
    </p>
   </div>
   <div class='ocr_carea' id='block_1_28' title="bbox 269 1719 2219 1777">
    <p class='ocr_par' dir='ltr' id='par_1_28' title="bbox 269 1719 2219 1777">
     <span class='ocr_line' id='line_1_28' title="bbox 269 1719 2219 1777; baseline 0 -17"><span class='ocrx_word' id='word_1_178' title='bbox 269 1720 374 1761; x_wconf 88' lang='lat' dir='ltr'><strong>nihil</strong></span> <span class='ocrx_word' id='word_1_179' title='bbox 403 1721 606 1774; x_wconf 75' lang='lat' dir='ltr'><strong>adjuvant</strong></span> <span class='ocrx_word' id='word_1_180' title='bbox 629 1721 974 1777; x_wconf 85' lang='lat' dir='ltr'><strong>praecedentem,</strong></span> <span class='ocrx_word' id='word_1_181' title='bbox 1009 1720 1104 1760; x_wconf 86' lang='lat' dir='ltr'><strong>licet</strong></span> <span class='ocrx_word' id='word_1_182' title='bbox 1127 1719 1330 1774; x_wconf 78' lang='lat' dir='ltr'><strong>Virgilius</strong></span> <span class='ocrx_word' id='word_1_183' title='bbox 1362 1719 1597 1774; x_wconf 80' lang='lat' dir='ltr'><strong>refragetur</strong></span> <span class='ocrx_word' id='word_1_184' title='bbox 1620 1720 1783 1760; x_wconf 85' lang='lat' dir='ltr'><strong>dicens:</strong></span> <span class='ocrx_word' id='word_1_185' title='bbox 1807 1735 1955 1770; x_wconf 80' lang='lat' dir='ltr'><strong>„arma</strong></span> <span class='ocrx_word' id='word_1_186' title='bbox 1986 1721 2219 1774; x_wconf 81' lang='lat' dir='ltr'><strong>virumque</strong></span> 
     </span>
    </p>
   </div>
   <div class='ocr_carea' id='block_1_29' title="bbox 269 1801 1706 1856">
    <p class='ocr_par' dir='ltr' id='par_1_29' title="bbox 269 1801 1706 1856">
     <span class='ocr_line' id='line_1_29' title="bbox 269 1801 1706 1856; baseline 0 -15"><span class='ocrx_word' id='word_1_187' title='bbox 269 1815 396 1852; x_wconf 89' lang='lat' dir='ltr'><strong>cano,</strong></span> <span class='ocrx_word' id='word_1_188' title='bbox 442 1802 627 1856; x_wconf 83' lang='lat' dir='ltr'><strong>Trojae“</strong></span> <span class='ocrx_word' id='word_1_189' title='bbox 660 1824 709 1830; x_wconf 88' lang='lat'><strong>—</strong></span> <span class='ocrx_word' id='word_1_190' title='bbox 744 1811 783 1842; x_wconf 87' lang='lat' dir='ltr'><strong>et</strong></span> <span class='ocrx_word' id='word_1_191' title='bbox 811 1803 931 1842; x_wconf 88' lang='lat' dir='ltr'><strong>item:</strong></span> <span class='ocrx_word' id='word_1_192' title='bbox 979 1801 1228 1855; x_wconf 82' lang='lat' dir='ltr'><strong>„fontesque</strong></span> <span class='ocrx_word' id='word_1_193' title='bbox 1272 1801 1515 1855; x_wconf 80' lang='lat' dir='ltr'><strong>fluviosque</strong></span> <span class='ocrx_word' id='word_1_194' title='bbox 1559 1804 1706 1842; x_wconf 69' lang='lat' dir='ltr'><strong>vocof‘</strong></span> 
     </span>
    </p>
   </div>
   <div class='ocr_carea' id='block_1_30' title="bbox 1774 1801 2219 1856">
    <p class='ocr_par' dir='ltr' id='par_1_30' title="bbox 1774 1801 2219 1856">
     <span class='ocr_line' id='line_1_30' title="bbox 1774 1801 2219 1856; baseline 0 -14"><span class='ocrx_word' id='word_1_195' title='bbox 1774 1802 1830 1842; x_wconf 91' lang='lat' dir='ltr'><strong>Di</strong></span> <span class='ocrx_word' id='word_1_196' title='bbox 1833 1801 2037 1856; x_wconf 81' lang='lat' dir='ltr'><strong>phthongi</strong></span> <span class='ocrx_word' id='word_1_197' title='bbox 2077 1811 2219 1843; x_wconf 89' lang='lat' dir='ltr'><strong>autem</strong></span> 
     </span>
    </p>
   </div>
   <div class='ocr_carea' id='block_1_31' title="bbox 270 1880 2219 1937">
    <p class='ocr_par' dir='ltr' id='par_1_31' title="bbox 270 1880 2219 1937">
     <span class='ocr_line' id='line_1_31' title="bbox 270 1880 2219 1937; baseline 0.002 -17"><span class='ocrx_word' id='word_1_198' title='bbox 270 1890 367 1921; x_wconf 88' lang='lat' dir='ltr'><strong>sunt</strong></span> <span class='ocrx_word' id='word_1_199' title='bbox 390 1880 489 1931; x_wconf 83' lang='grc' dir='ltr'><strong>ΑΕ,</strong></span> <span class='ocrx_word' id='word_1_200' title='bbox 521 1881 621 1932; x_wconf 88' lang='lat' dir='ltr'><strong>OE,</strong></span> <span class='ocrx_word' id='word_1_201' title='bbox 650 1882 744 1933; x_wconf 71' lang='grc' dir='ltr'><strong>ΕΠ,</strong></span> <span class='ocrx_word' id='word_1_202' title='bbox 774 1881 871 1933; x_wconf 88' lang='lat' dir='ltr'><strong>AU,</strong></span> <span class='ocrx_word' id='word_1_203' title='bbox 900 1881 981 1933; x_wconf 87' lang='lat' dir='ltr'><strong>EI;</strong></span> <span class='ocrx_word' id='word_1_204' title='bbox 1015 1881 1176 1936; x_wconf 86' lang='lat' dir='ltr'><strong>absque</strong></span> <span class='ocrx_word' id='word_1_205' title='bbox 1201 1881 1265 1922; x_wconf 89' lang='lat' dir='ltr'><strong>his</strong></span> <span class='ocrx_word' id='word_1_206' title='bbox 1290 1881 1463 1937; x_wconf 84' lang='lat' dir='ltr'><strong>syllabis</strong></span> <span class='ocrx_word' id='word_1_207' title='bbox 1488 1882 1606 1923; x_wconf 87' lang='lat' dir='ltr'><strong>nulla</strong></span> <span class='ocrx_word' id='word_1_208' title='bbox 1629 1880 1916 1937; x_wconf 87' lang='lat' dir='ltr'><strong>diphthongus</strong></span> <span class='ocrx_word' id='word_1_209' title='bbox 1941 1891 2219 1924; x_wconf 86' lang='lat' dir='ltr'><strong>memoratur.</strong></span> 
     </span>
    </p>
   </div>
   <div class='ocr_carea' id='block_1_32' title="bbox 271 2023 1221 2499">
    <p class='ocr_par' dir='ltr' id='par_1_32' title="bbox 271 2023 1218 2132">
     <span class='ocr_line' id='line_1_32' title="bbox 271 2023 1218 2071; baseline 0.003 -17"><span class='ocrx_word' id='word_1_210' title='bbox 271 2023 484 2057; x_wconf 72' lang='lat' dir='ltr'><strong>Villoisonum</strong></span> <span class='ocrx_word' id='word_1_211' title='bbox 510 2027 630 2069; x_wconf 82' lang='lat' dir='ltr'><strong>(anecd.</strong></span> <span class='ocrx_word' id='word_1_212' title='bbox 653 2039 697 2069; x_wconf 81' lang='lat' dir='ltr'><strong>gr.</strong></span> <span class='ocrx_word' id='word_1_213' title='bbox 721 2027 769 2068; x_wconf 81' lang='grc' dir='ltr'><strong>Π,</strong></span> <span class='ocrx_word' id='word_1_214' title='bbox 798 2039 830 2071; x_wconf 83' lang='lat' dir='ltr'><strong>p.</strong></span> <span class='ocrx_word' id='word_1_215' title='bbox 851 2028 921 2059; x_wconf 80' lang='lat'><strong>150</strong></span> <span class='ocrx_word' id='word_1_216' title='bbox 944 2027 1046 2070; x_wconf 85' lang='lat' dir='ltr'><strong>sequ.)</strong></span> <span class='ocrx_word' id='word_1_217' title='bbox 1070 2033 1101 2057; x_wconf 84' lang='lat' dir='ltr'><strong>et</strong></span> <span class='ocrx_word' id='word_1_218' title='bbox 1126 2026 1218 2058; x_wconf 77' lang='lat' dir='ltr'><strong>Nori-</strong></span> 
     </span>
     <span class='ocr_line' id='line_1_33' title="bbox 272 2084 1170 2132; baseline 0.003 -17"><span class='ocrx_word' id='word_1_219' title='bbox 272 2084 352 2116; x_wconf 81' lang='lat' dir='ltr'><strong>sium</strong></span> <span class='ocrx_word' id='word_1_220' title='bbox 373 2087 424 2128; x_wconf 81' lang='lat' dir='ltr'><strong>(ad</strong></span> <span class='ocrx_word' id='word_1_221' title='bbox 442 2088 617 2132; x_wconf 84' lang='lat' dir='ltr'><strong>Cenotaph.</strong></span> <span class='ocrx_word' id='word_1_222' title='bbox 636 2089 746 2120; x_wconf 84' lang='lat' dir='ltr'><strong>Pisan.</strong></span> <span class='ocrx_word' id='word_1_223' title='bbox 764 2088 840 2121; x_wconf 79' lang='lat' dir='ltr'><strong>diss.</strong></span> <span class='ocrx_word' id='word_1_224' title='bbox 859 2089 893 2128; x_wconf 77' lang='grc'><strong>4,</strong></span> <span class='ocrx_word' id='word_1_225' title='bbox 916 2101 946 2132; x_wconf 84' lang='lat' dir='ltr'><strong>p.</strong></span> <span class='ocrx_word' id='word_1_226' title='bbox 961 2089 1036 2119; x_wconf 79' lang='lat'><strong>488</strong></span> <span class='ocrx_word' id='word_1_227' title='bbox 1058 2088 1170 2131; x_wconf 83' lang='lat' dir='ltr'><strong>sequ.).</strong></span> 
     </span>
    </p>

    <p class='ocr_par' dir='ltr' id='par_1_33' title="bbox 272 2149 1221 2499">
     <span class='ocr_line' id='line_1_34' title="bbox 344 2149 1219 2195; baseline 0.002 -17"><span class='ocrx_word' id='word_1_228' title='bbox 344 2149 550 2194; x_wconf 42' lang='lat' dir='ltr'><strong>&amp;phthon-qn]</strong></span> <span class='ocrx_word' id='word_1_229' title='bbox 567 2151 641 2184; x_wconf 80' lang='lat' dir='ltr'><strong>MS.</strong></span> <span class='ocrx_word' id='word_1_230' title='bbox 659 2151 845 2195; x_wconf 87' lang='lat' dir='ltr'><strong>plerumque</strong></span> <span class='ocrx_word' id='word_1_231' title='bbox 863 2152 1072 2194; x_wconf 71' lang='lat' dir='ltr'><strong>‹liphthonya,</strong></span> <span class='ocrx_word' id='word_1_232' title='bbox 1091 2157 1123 2181; x_wconf 84' lang='lat' dir='ltr'><strong>ut</strong></span> <span class='ocrx_word' id='word_1_233' title='bbox 1146 2151 1219 2181; x_wconf 75' lang='lat' dir='ltr'><strong>sul»-</strong></span> 
     </span>
     <span class='ocr_line' id='line_1_35' title="bbox 274 2209 1218 2256; baseline 0.002 -16"><span class='ocrx_word' id='word_1_234' title='bbox 274 2209 416 2240; x_wconf 76' lang='lat' dir='ltr'><strong>audiatur</strong></span> <span class='ocrx_word' id='word_1_235' title='bbox 432 2213 541 2242; x_wconf 74' lang='lat' dir='ltr'><strong>vocali.</strong></span> <span class='ocrx_word' id='word_1_236' title='bbox 558 2212 659 2243; x_wconf 67' lang='lat' dir='ltr'><strong>Gm-r.</strong></span> <span class='ocrx_word' id='word_1_237' title='bbox 670 2231 717 2235; x_wconf 93' lang='lat'>—</span> <span class='ocrx_word' id='word_1_238' title='bbox 735 2213 893 2256; x_wconf 86' lang='lat' dir='ltr'><strong>Equidem</strong></span> <span class='ocrx_word' id='word_1_239' title='bbox 913 2212 1068 2243; x_wconf 84' lang='lat' dir='ltr'><strong>subaudio</strong></span> <span class='ocrx_word' id='word_1_240' title='bbox 1085 2213 1218 2253; x_wconf 74' lang='lat' dir='ltr'><strong>syllaba,</strong></span> 
     </span>
     <span class='ocr_line' id='line_1_36' title="bbox 272 2272 1220 2319; baseline 0.003 -17"><span class='ocrx_word' id='word_1_241' title='bbox 272 2277 305 2302; x_wconf 79' lang='lat' dir='ltr'><strong>at·</strong></span> <span class='ocrx_word' id='word_1_242' title='bbox 335 2272 546 2304; x_wconf 80' lang='lat' dir='ltr'><strong>nominativus</strong></span> <span class='ocrx_word' id='word_1_243' title='bbox 585 2275 633 2305; x_wconf 81' lang='lat' dir='ltr'><strong>sit.</strong></span> <span class='ocrx_word' id='word_1_244' title='bbox 681 2275 788 2316; x_wconf 76' lang='lat' dir='ltr'><strong>Vulgo</strong></span> <span class='ocrx_word' id='word_1_245' title='bbox 820 2277 1023 2319; x_wconf 67' lang='lat' dir='ltr'><strong>diltlitlzottyo.</strong></span> <span class='ocrx_word' id='word_1_246' title='bbox 1076 2275 1220 2310; x_wconf 80' lang='lat' dir='ltr'><strong>Isidorus</strong></span> 
     </span>
     <span class='ocr_line' id='line_1_37' title="bbox 272 2332 1221 2380; baseline 0.003 -17"><span class='ocrx_word' id='word_1_247' title='bbox 272 2332 380 2375; x_wconf 76' lang='lat' dir='ltr'><strong>(etym.</strong></span> <span class='ocrx_word' id='word_1_248' title='bbox 410 2334 446 2372; x_wconf 81' lang='lat' dir='ltr'><strong>l,</strong></span> <span class='ocrx_word' id='word_1_249' title='bbox 473 2334 536 2373; x_wconf 75' lang='lat'><strong>16,</strong></span> <span class='ocrx_word' id='word_1_250' title='bbox 561 2333 592 2364; x_wconf 79' lang='lat'><strong>2.</strong></span> <span class='ocrx_word' id='word_1_251' title='bbox 620 2336 711 2377; x_wconf 79' lang='lat' dir='ltr'><strong>p-25</strong></span> <span class='ocrx_word' id='word_1_252' title='bbox 729 2335 857 2379; x_wconf 78' lang='lat' dir='ltr'><strong>Arev.):</strong></span> <span class='ocrx_word' id='word_1_253' title='bbox 887 2337 1127 2380; x_wconf 78' lang='lat' dir='ltr'><strong>»Diphthongae</strong></span> <span class='ocrx_word' id='word_1_254' title='bbox 1159 2336 1221 2379; x_wconf 65' lang='lat' dir='ltr'><strong>syl-</strong></span> 
     </span>
     <span class='ocr_line' id='line_1_38' title="bbox 272 2395 1220 2442; baseline 0.005 -16"><span class='ocrx_word' id='word_1_255' title='bbox 272 2395 364 2427; x_wconf 77' lang='lat' dir='ltr'><strong>labae</strong></span> <span class='ocrx_word' id='word_1_256' title='bbox 390 2395 515 2427; x_wconf 77' lang='lat' dir='ltr'><strong>Graeco</strong></span> <span class='ocrx_word' id='word_1_257' title='bbox 538 2396 664 2427; x_wconf 78' lang='lat' dir='ltr'><strong>nomine</strong></span> <span class='ocrx_word' id='word_1_258' title='bbox 692 2397 792 2429; x_wconf 74' lang='lat' dir='ltr'><strong>dictae</strong></span> <span class='ocrx_word' id='word_1_259' title='bbox 820 2399 905 2442; x_wconf 81' lang='lat' dir='ltr'><strong>quod</strong></span> <span class='ocrx_word' id='word_1_260' title='bbox 927 2399 960 2430; x_wconf 90' lang='lat' dir='ltr'><strong>in</strong></span> <span class='ocrx_word' id='word_1_261' title='bbox 982 2400 1028 2430; x_wconf 80' lang='lat' dir='ltr'><strong>eis</strong></span> <span class='ocrx_word' id='word_1_262' title='bbox 1048 2399 1140 2431; x_wconf 81' lang='lat' dir='ltr'><strong>binae</strong></span> <span class='ocrx_word' id='word_1_263' title='bbox 1166 2411 1220 2431; x_wconf 64' lang='lat' dir='ltr'><strong>vo·</strong></span> 
     </span>
     <span class='ocr_line' id='line_1_39' title="bbox 273 2458 578 2499; baseline -0.013 -9"><span class='ocrx_word' id='word_1_264' title='bbox 273 2458 359 2490; x_wconf 75' lang='lat' dir='ltr'><strong>cales</strong></span> <span class='ocrx_word' id='word_1_265' title='bbox 378 2458 578 2499; x_wconf 59' lang='grc' dir='ltr'><strong>ιᾖιιικὲῑιηῖιιικιι</strong></span> 
     </span>
    </p>
   </div>
   <div class='ocr_carea' id='block_1_33' title="bbox 345 2520 1219 2567">
    <p class='ocr_par' dir='ltr' id='par_1_34' title="bbox 345 2520 1219 2567">
     <span class='ocr_line' id='line_1_40' title="bbox 345 2520 1219 2567; baseline 0.007 -16"><span class='ocrx_word' id='word_1_266' title='bbox 345 2521 402 2552; x_wconf 78' lang='lat' dir='ltr'><strong>hoc</strong></span> <span class='ocrx_word' id='word_1_267' title='bbox 419 2520 502 2565; x_wconf 80' lang='lat' dir='ltr'><strong>erae]</strong></span> <span class='ocrx_word' id='word_1_268' title='bbox 524 2521 647 2552; x_wconf 86' lang='lat' dir='ltr'><strong>Eodem</strong></span> <span class='ocrx_word' id='word_1_269' title='bbox 663 2521 807 2564; x_wconf 75' lang='lat' dir='ltr'><strong>exemplo</strong></span> <span class='ocrx_word' id='word_1_270' title='bbox 826 2523 856 2565; x_wconf 84' lang='lat' dir='ltr'><strong>(e</strong></span> <span class='ocrx_word' id='word_1_271' title='bbox 872 2523 961 2563; x_wconf 77' lang='lat' dir='ltr'><strong>Virg.</strong></span> <span class='ocrx_word' id='word_1_272' title='bbox 978 2523 1061 2555; x_wconf 83' lang='lat' dir='ltr'><strong>Aen.</strong></span> <span class='ocrx_word' id='word_1_273' title='bbox 1074 2524 1108 2564; x_wconf 73' lang='lat'><strong>2,</strong></span> <span class='ocrx_word' id='word_1_274' title='bbox 1130 2524 1219 2567; x_wconf 75' lang='lat'>664)</span> 
     </span>
    </p>
   </div>
   <div class='ocr_carea' id='block_1_34' title="bbox 272 2581 1218 2629">
    <p class='ocr_par' dir='ltr' id='par_1_35' title="bbox 272 2581 1218 2629">
     <span class='ocr_line' id='line_1_41' title="bbox 272 2581 1218 2629; baseline 0.006 -17"><span class='ocrx_word' id='word_1_275' title='bbox 272 2583 402 2614; x_wconf 66' lang='lat' dir='ltr'><strong>iuferius</strong></span> <span class='ocrx_word' id='word_1_276' title='bbox 421 2581 463 2629; x_wconf 67' lang='grc' dir='ltr'><strong>(ξ</strong></span> <span class='ocrx_word' id='word_1_277' title='bbox 475 2584 562 2626; x_wconf 76' lang='lat'>278)</span> <span class='ocrx_word' id='word_1_278' title='bbox 580 2584 692 2616; x_wconf 81' lang='lat' dir='ltr'><strong>iterum</strong></span> <span class='ocrx_word' id='word_1_279' title='bbox 714 2584 827 2624; x_wconf 59' lang='lat' dir='ltr'><strong>utitur,</strong></span> <span class='ocrx_word' id='word_1_280' title='bbox 855 2586 1032 2629; x_wconf 71' lang='lat' dir='ltr'><strong>piu-iterque</strong></span> <span class='ocrx_word' id='word_1_281' title='bbox 1053 2587 1218 2619; x_wconf 81' lang='lat' dir='ltr'><strong>Charisius</strong></span> 
     </span>
    </p>
   </div>
   <div class='ocr_carea' id='block_1_35' title="bbox 1269 2024 2218 2566">
    <p class='ocr_par' dir='ltr' id='par_1_36' title="bbox 1269 2024 2218 2193">
     <span class='ocr_line' id='line_1_42' title="bbox 1271 2024 2218 2070; baseline 0.001 -15"><span class='ocrx_word' id='word_1_282' title='bbox 1271 2028 1321 2069; x_wconf 86' lang='lat' dir='ltr'><strong>(p.</strong></span> <span class='ocrx_word' id='word_1_283' title='bbox 1338 2026 1358 2056; x_wconf 74' lang='lat'><strong><em>4</em></strong></span> <span class='ocrx_word' id='word_1_284' title='bbox 1378 2024 1524 2069; x_wconf 67' lang='lat' dir='ltr'><strong>putsch.)</strong></span> <span class='ocrx_word' id='word_1_285' title='bbox 1550 2025 1735 2069; x_wconf 82' lang='lat' dir='ltr'><strong>Mariusque</strong></span> <span class='ocrx_word' id='word_1_286' title='bbox 1744 2025 1931 2058; x_wconf 80' lang='lat' dir='ltr'><strong>Victorinus</strong></span> <span class='ocrx_word' id='word_1_287' title='bbox 1952 2028 1995 2070; x_wconf 86' lang='lat' dir='ltr'><strong>(p.</strong></span> <span class='ocrx_word' id='word_1_288' title='bbox 2008 2026 2129 2068; x_wconf 75' lang='grc'>2474).</span> <span class='ocrx_word' id='word_1_289' title='bbox 2156 2026 2218 2057; x_wconf 86' lang='grc' dir='ltr'><strong>Το-</strong></span> 
     </span>
     <span class='ocr_line' id='line_1_43' title="bbox 1272 2088 2216 2132; baseline 0.001 -13"><span class='ocrx_word' id='word_1_290' title='bbox 1272 2095 1334 2120; x_wconf 75' lang='lat' dir='ltr'><strong>tam</strong></span> <span class='ocrx_word' id='word_1_291' title='bbox 1348 2089 1566 2131; x_wconf 83' lang='lat' dir='ltr'><strong>quaestionem</strong></span> <span class='ocrx_word' id='word_1_292' title='bbox 1582 2089 1703 2121; x_wconf 85' lang='lat' dir='ltr'><strong>erudite</strong></span> <span class='ocrx_word' id='word_1_293' title='bbox 1721 2090 1866 2121; x_wconf 80' lang='lat' dir='ltr'><strong>tractavit</strong></span> <span class='ocrx_word' id='word_1_294' title='bbox 1883 2089 2099 2122; x_wconf 84' lang='lat' dir='ltr'><strong>Schneiderus</strong></span> <span class='ocrx_word' id='word_1_295' title='bbox 2114 2088 2216 2132; x_wconf 77' lang='lat' dir='ltr'><strong>(clem.</strong></span> 
     </span>
     <span class='ocr_line' id='line_1_44' title="bbox 1269 2150 1632 2193; baseline 0 -12"><span class='ocrx_word' id='word_1_296' title='bbox 1269 2150 1317 2190; x_wconf 66' lang='lat' dir='ltr'><strong>II,</strong></span> <span class='ocrx_word' id='word_1_297' title='bbox 1351 2162 1379 2192; x_wconf 86' lang='lat' dir='ltr'><strong>p.</strong></span> <span class='ocrx_word' id='word_1_298' title='bbox 1399 2150 1632 2193; x_wconf 68' lang='lat' dir='ltr'><strong>Boe—675).</strong></span> 
     </span>
    </p>

    <p class='ocr_par' dir='ltr' id='par_1_37' title="bbox 1272 2210 2217 2316">
     <span class='ocr_line' id='line_1_45' title="bbox 1342 2210 2217 2256; baseline 0.003 -15"><span class='ocrx_word' id='word_1_299' title='bbox 1342 2210 1467 2254; x_wconf 71' lang='lat' dir='ltr'><strong>fontes]</strong></span> <span class='ocrx_word' id='word_1_300' title='bbox 1493 2211 1621 2252; x_wconf 60' lang='lat' dir='ltr'><strong>Virgilii</strong></span> <span class='ocrx_word' id='word_1_301' title='bbox 1643 2210 1737 2254; x_wconf 77' lang='lat' dir='ltr'><strong>(Aen.</strong></span> <span class='ocrx_word' id='word_1_302' title='bbox 1756 2211 1817 2250; x_wconf 77' lang='lat'><strong>12,</strong></span> <span class='ocrx_word' id='word_1_303' title='bbox 1845 2210 1939 2254; x_wconf 83' lang='lat'><strong>181).</strong></span> <span class='ocrx_word' id='word_1_304' title='bbox 1971 2210 2046 2243; x_wconf 84' lang='lat' dir='ltr'><strong>Alia</strong></span> <span class='ocrx_word' id='word_1_305' title='bbox 2074 2213 2217 2256; x_wconf 79' lang='lat' dir='ltr'><strong>exempla</strong></span> 
     </span>
     <span class='ocr_line' id='line_1_46' title="bbox 1272 2271 2020 2316; baseline 0.004 -13"><span class='ocrx_word' id='word_1_306' title='bbox 1272 2272 1431 2313; x_wconf 77' lang='lat' dir='ltr'><strong>congessit</strong></span> <span class='ocrx_word' id='word_1_307' title='bbox 1452 2272 1667 2304; x_wconf 82' lang='lat' dir='ltr'><strong>Schneiderus</strong></span> <span class='ocrx_word' id='word_1_308' title='bbox 1690 2271 1793 2314; x_wconf 86' lang='lat' dir='ltr'><strong>(clem.</strong></span> <span class='ocrx_word' id='word_1_309' title='bbox 1816 2271 1855 2311; x_wconf 77' lang='lat'><strong>2,</strong></span> <span class='ocrx_word' id='word_1_310' title='bbox 1876 2284 1907 2316; x_wconf 85' lang='lat' dir='ltr'><strong>p.</strong></span> <span class='ocrx_word' id='word_1_311' title='bbox 1923 2271 2020 2316; x_wconf 78' lang='grc'>691).</span> 
     </span>
    </p>

    <p class='ocr_par' dir='ltr' id='par_1_38' title="bbox 1272 2334 2215 2441">
     <span class='ocr_line' id='line_1_47' title="bbox 1346 2334 2214 2380; baseline 0.001 -14"><span class='ocrx_word' id='word_1_312' title='bbox 1346 2334 1543 2380; x_wconf 67' lang='lat' dir='ltr'><strong>diplethouqi]</strong></span> <span class='ocrx_word' id='word_1_313' title='bbox 1569 2334 1732 2366; x_wconf 81' lang='lat' dir='ltr'><strong>omissum</strong></span> <span class='ocrx_word' id='word_1_314' title='bbox 1746 2335 1779 2366; x_wconf 91' lang='lat' dir='ltr'><strong>in</strong></span> <span class='ocrx_word' id='word_1_315' title='bbox 1795 2335 1887 2366; x_wconf 78' lang='lat' dir='ltr'><strong>editis</strong></span> <span class='ocrx_word' id='word_1_316' title='bbox 1904 2336 2094 2368; x_wconf 76' lang='lat' dir='ltr'><strong>vocabulum</strong></span> <span class='ocrx_word' id='word_1_317' title='bbox 2109 2343 2214 2369; x_wconf 76' lang='lat' dir='ltr'><strong>autem</strong></span> 
     </span>
     <span class='ocr_line' id='line_1_48' title="bbox 1272 2396 2215 2441; baseline 0 -12"><span class='ocrx_word' id='word_1_318' title='bbox 1272 2397 1415 2441; x_wconf 47' lang='lat' dir='ltr'><strong>supplosi</strong></span> <span class='ocrx_word' id='word_1_319' title='bbox 1433 2409 1449 2428; x_wconf 86' lang='lat' dir='ltr'><strong>e</strong></span> <span class='ocrx_word' id='word_1_320' title='bbox 1468 2396 1630 2429; x_wconf 84' lang='lat' dir='ltr'><strong>codicibus</strong></span> <span class='ocrx_word' id='word_1_321' title='bbox 1647 2396 1902 2429; x_wconf 83' lang='lat' dir='ltr'><strong>Reichenauensi</strong></span> <span class='ocrx_word' id='word_1_322' title='bbox 1918 2404 1950 2429; x_wconf 86' lang='lat' dir='ltr'><strong>ct</strong></span> <span class='ocrx_word' id='word_1_323' title='bbox 1960 2398 2215 2431; x_wconf 75' lang='lat' dir='ltr'><strong>Darmstattensi.</strong></span> 
     </span>
    </p>

    <p class='ocr_par' dir='ltr' id='par_1_39' title="bbox 1271 2459 2213 2566">
     <span class='ocr_line' id='line_1_49' title="bbox 1342 2459 2213 2505; baseline 0.002 -14"><span class='ocrx_word' id='word_1_324' title='bbox 1342 2459 1411 2504; x_wconf 84' lang='lat' dir='ltr'><strong>EI]</strong></span> <span class='ocrx_word' id='word_1_325' title='bbox 1438 2459 1621 2491; x_wconf 79' lang='lat' dir='ltr'><strong>Priscianus</strong></span> <span class='ocrx_word' id='word_1_326' title='bbox 1645 2460 1682 2502; x_wconf 89' lang='lat'><strong>(1.</strong></span> <span class='ocrx_word' id='word_1_327' title='bbox 1701 2472 1730 2503; x_wconf 89' lang='lat' dir='ltr'><strong>p.</strong></span> <span class='ocrx_word' id='word_1_328' title='bbox 1745 2460 1821 2503; x_wconf 80' lang='lat'>50):</span> <span class='ocrx_word' id='word_1_329' title='bbox 1851 2460 1885 2491; x_wconf 80' lang='grc' dir='ltr'><strong>»Ι</strong></span> <span class='ocrx_word' id='word_1_330' title='bbox 1907 2470 2035 2505; x_wconf 83' lang='lat' dir='ltr'><strong>quoque</strong></span> <span class='ocrx_word' id='word_1_331' title='bbox 2054 2462 2137 2505; x_wconf 83' lang='lat' dir='ltr'><strong>apud</strong></span> <span class='ocrx_word' id='word_1_332' title='bbox 2161 2472 2213 2492; x_wconf 82' lang='lat' dir='ltr'><strong>an-</strong></span> 
     </span>
     <span class='ocr_line' id='line_1_50' title="bbox 1271 2521 2211 2566; baseline 0.001 -13"><span class='ocrx_word' id='word_1_333' title='bbox 1271 2523 1376 2566; x_wconf 79' lang='lat' dir='ltr'><strong>tiquos</strong></span> <span class='ocrx_word' id='word_1_334' title='bbox 1401 2527 1473 2565; x_wconf 69' lang='lat' dir='ltr'><strong>post</strong></span> <span class='ocrx_word' id='word_1_335' title='bbox 1490 2522 1518 2552; x_wconf 87' lang='lat' dir='ltr'>E</span> <span class='ocrx_word' id='word_1_336' title='bbox 1542 2521 1719 2565; x_wconf 80' lang='lat' dir='ltr'><strong>ponebatur</strong></span> <span class='ocrx_word' id='word_1_337' title='bbox 1742 2527 1773 2553; x_wconf 77' lang='lat' dir='ltr'><strong>et</strong></span> <span class='ocrx_word' id='word_1_338' title='bbox 1795 2521 1843 2553; x_wconf 83' lang='lat' dir='ltr'><strong>El</strong></span> <span class='ocrx_word' id='word_1_339' title='bbox 1868 2522 2097 2565; x_wconf 83' lang='lat' dir='ltr'><strong>diphthongum</strong></span> <span class='ocrx_word' id='word_1_340' title='bbox 2119 2522 2211 2554; x_wconf 77' lang='lat' dir='ltr'><strong>sacie-</strong></span> 
     </span>
    </p>
   </div>
   <div class='ocr_carea' id='block_1_36' title="bbox 1269 2586 2212 2630">
    <p class='ocr_par' dir='ltr' id='par_1_40' title="bbox 1269 2586 2212 2630">
     <span class='ocr_line' id='line_1_51' title="bbox 1269 2586 2212 2630; baseline 0.001 -13"><span class='ocrx_word' id='word_1_341' title='bbox 1269 2587 1337 2621; x_wconf 75' lang='lat' dir='ltr'><strong>bat.</strong></span> <span class='ocrx_word' id='word_1_342' title='bbox 1365 2598 1457 2630; x_wconf 77' lang='lat' dir='ltr'><strong>quam</strong></span> <span class='ocrx_word' id='word_1_343' title='bbox 1487 2598 1542 2629; x_wconf 72' lang='lat' dir='ltr'><strong>pro</strong></span> <span class='ocrx_word' id='word_1_344' title='bbox 1570 2586 1654 2618; x_wconf 87' lang='lat' dir='ltr'><strong>omui</strong></span> <span class='ocrx_word' id='word_1_345' title='bbox 1677 2586 1693 2617; x_wconf 88' lang='lat'>1</span> <span class='ocrx_word' id='word_1_346' title='bbox 1717 2586 1812 2627; x_wconf 85' lang='lat' dir='ltr'><strong>longa</strong></span> <span class='ocrx_word' id='word_1_347' title='bbox 1841 2586 2019 2618; x_wconf 76' lang='lat' dir='ltr'><strong>scribebant</strong></span> <span class='ocrx_word' id='word_1_348' title='bbox 2045 2598 2131 2619; x_wconf 85' lang='lat' dir='ltr'><strong>more</strong></span> <span class='ocrx_word' id='word_1_349' title='bbox 2160 2600 2212 2618; x_wconf 77' lang='lat' dir='ltr'><strong>an-</strong></span> 
     </span>
    </p>
   </div>
  </div>
 </body>
</html>
