2310 2860
168 183 258 228 586

743 178 943 223 Martiani
970 179 1171 236 Capellae
1198 178 1271 221 lib.
1296 178 1352 222 V.
1385 180 1415 233 §.
1439 179 1543 223 426.

172 290 410 346 figurarum
447 286 611 328 lumine
650 286 886 337 variatum,
925 295 1180 327 cunctorum
1218 286 1436 330 schemata
1466 287 1757 345 praeferebat3
1801 301 1945 348 peetus
1982 303 2127 336 autem

175 367 509 424 exquisitissimis
533 381 804 422 gemmarum
827 367 1048 408 coloribus·
1064 367 1310 410 balteatum.
1368 370 1485 410 Haec
1519 385 1656 425 quum
1681 371 1723 411 in
1749 386 1975 426 progressu
2008 388 2126 415 arma

172 458 458 501 concusserat,
488 449 560 490 vel
590 459 637 490 ut
666 449 887 505 fulgureae
909 449 1035 490 nubis
1068 450 1235 506 fragore
1273 451 1415 492 colliso
1447 432 1614 493 bombis
1645 452 1963 495 dissultantibus
1996 455 2127 497 fracta

172 532 334 573 diceres
374 530 580 587 crepitare
617 531 824 582 tonitrua3
864 529 1051 586 denique
1090 531 1298 574 creditum
1335 533 1452 589 quod
1490 534 1619 575 instar
1649 535 1766 576 Jovis
1805 534 1955 575 eadem
1990 546 2130 591 posset

173 614 297 654 etiam
329 612 509 654 fulmina
538 611 730 667 jaculari.
789 612 901 654 Nam
934 613 1053 655 velut
1082 622 1229 668 potens
1259 629 1410 657 rerum
1440 615 1636 657 omnium
1667 616 1813 672 regina
1845 626 1883 657 et
1906 616 2126 672 impellere

173 745 194 777 6
194 739 356 787 χήματα
375 742 571 786 appellant«,
597 742 769 787 multisque
792 743 860 774 aliis
879 743 912 775 in
930 742 1010 776 locis
1029 743 1121 787 (orat.

169 807 227 837 59.
250 808 316 845 (383
352 806 443 837 Brut.
463 807 523 840 57.
552 807 617 847 793
652 806 691 838 dc
717 812 794 838 orat.
813 807 853 847 2,
883 808 949 848 27,
975 806 1081 851 partit.
1097 808 1121 839 6

170 869 251 912 eet).
277 869 385 902 SteIh's
411 881 540 913 quoque
567 877 728 915 comparat
750 871 838 915 (orat.
864 871 926 915 27)
952 871 1122 903 »tmnslata

168 933 263 964 verba
288 939 382 977 atque
407 933 607 975 immutata«,
635 947 716 978 quae
747 935 922 966 orationem
942 935 1120 976 illustrent,

168 1008 261 1039 quem
285 997 421 1028 eundem
446 1009 575 1029 sensum
592 1011 788 1042 yemmarum
806 998 930 1029 illarum
954 1010 1025 1029 esse
1047 1010 1119 1030 een-

168 1069 240 1098 seo,
272 1059 386 1101 quibus
419 1064 529 1090 noster
560 1059 753 1091 Rhetoricae
784 1060 924 1091 balteum
958 1060 1118 1101 distinxit,

166 1121 277 1152 stellae
305 1122 423 1165 quippe
445 1128 477 1153 et
500 1135 640 1164 gemmae
664 1124 748 1154 haud
773 1135 843 1154 raro
866 1124 976 1154 eadem
997 1124 1029 1155 vi
1054 1136 1118 1156 me-

164 1182 329 1226 taphorica
354 1188 558 1227 usurpantur.
584 1184 740 1215 Martialis
762 1184 814 1228 (5,
844 1185 906 1224 11,
933 1184 985 1226 5)=

221 1244 363 1276 »Blultas
387 1246 422 1276 in
445 1246 573 1289 diffidis,
597 1246 706 1288 plures
730 1247 765 1277 in
790 1247 929 1278 carmine
954 1256 1092 1287 gemmas

213 1308 383 1340 Invenies«
401 1326 449 1332 —
466 1327 514 1333 —-
531 1327 580 1333 -—-

162 1368 292 1403 Colores
310 1371 405 1403 etiam
426 1372 579 1403 orationis
597 1383 655 1416 pro
677 1372 869 1404 ornamentis
890 1371 968 1402 dixit
989 1371 1115 1404 Gellius

161 1432 239 1475 (14,
264 1432 315 1475 4):
339 1433 477 1464 ”vultum
496 1433 564 1475 ejus
582 1434 699 1465 severis
718 1439 813 1477 atque
835 1434 1022 1465 venerandis
1043 1446 1116 1464 ver-

160 1494 271 1525 borum
290 1495 445 1526 coloribus
466 1495 646 1538 depinxitut
670 1495 725 1539 qui
749 1500 854 1526 tamen
879 1496 979 1539 probe
1005 1495 1115 1527 distin·
1142 1536 1147 1539 ἢ

160 1556 278 1596 guendi
304 1561 379 1587 sunt
403 1568 420 1587 a
441 1557 561 1595 colore,
588 1557 626 1587 de
653 1569 717 1600 quo
740 1557 822 1588 infra
843 1556 885 1600 (ἓ.
901 1556 998 1599 471).

235 1615 425 1662 baleonium]
454 1618 588 1651 Grotius
613 1618 756 1649 ediderat
775 1619 951 1656 baleatnm,
976 1623 1051 1649 nota
1070 1623 1114 1649 ta—

158 1690 232 1709 men
256 1678 376 1709 addita:
405 1679 494 1720 »lege
522 1680 734 1718 baltheatum,
771 1685 824 1710 aut
850 1685 886 1710 ut
912 1679 965 1710 alii
987 1679 1113 1710 codices

158 1740 427 1773 subbaltheatum.
472 1739 592 1771 Glossa
625 1740 756 1771 Isidori:
782 1741 939 1781 baltheat,
980 1741 1105 1782 cingit«

158 1822 205 1827 —-
218 1803 376 1846 Equidem
395 1803 558 1834 meliorem
574 1802 848 1834 Reiehenauensis
862 1808 894 1834 ct
907 1803 1112 1836 Monacensis

158 1866 214 1909 (C)
232 1865 376 1897 codicum
400 1866 570 1898 lectionem
593 1872 721 1898 secutus
745 1868 919 1899 balteatum
941 1867 1010 1900 sine
1029 1867 1111 1911 aspi-

158 1928 279 1960 ratione
301 1930 443 1972 reposui.

229 1991 388 2037 fulmina]
423 1993 582 2025 Periclem
612 1999 684 2024 ante
727 1994 838 2026 oeulos
872 2000 983 2026 nostro
1011 1995 1110 2026 fuisse

159 2055 360 2086 manifestum
390 2062 454 2096 est,
487 2057 542 2100 qui
569 2058 733 2100 Olympius
767 2059 806 2089 ab
836 2058 987 2090 orationis
1016 2060 1109 2091 vehe-

158 2116 276 2148 mentia
304 2117 531 2160 appellabatur.
579 2119 700 2150 Confer
732 2120 939 2152 Plutarchum
970 2120 1016 2165 (in
1045 2120 1110 2152 vita

158 2178 230 2219 ejus
251 2179 380 2223 p.156)
402 2185 433 2210 et
456 2179 706 2222 Quinetilianuin
722 2182 769 2224 (2,
792 2183 853 2221 16,
877 2183 950 2225 19):
974 2188 1027 2213 »ut
1044 2194 1109 2213 non

158 2239 248 2283 loqui
270 2245 302 2271 et
321 2252 427 2281 orare,
459 2241 515 2271 sed
536 2242 620 2284 quod
647 2243 766 2274 Pericli
787 2243 919 2285 contigit
937 2244 1108 2288 fulgurare

159 2307 193 2332 et
214 2308 324 2333 tonare
345 2302 517 2343 videaris«,
547 2303 599 2333 ubi
622 2304 712 2347 plura
730 2303 936 2347 Spaldingius
957 2306 1110 2349 (p.575).

159 2363 228 2397 Sed
243 2365 470 2396 Demosthenis
491 2377 618 2409 quoquc
643 2366 757 2398 Cicero
779 2368 869 2411 (orat.
889 2370 948 2412 70)
968 2370 1108 2402 »vibrare

157 2426 313 2469 fulminea
332 2426 421 2467 dixit,
444 2427 568 2471 ipsique
588 2428 737 2460 Ciceroni
757 2445 767 2457 »ι
775 2430 943 2462 verborum
957 2431 1110 2475 fulmina«

159 2487 312 2519 tribuerat
333 2488 469 2530 Paetus,
497 2490 583 2534 quod
606 2490 660 2521 ille
684 2490 716 2521 iu
739 2490 848 2532 jocum
871 2493 966 2526 vertit
986 2494 1040 2538 (ad
1063 2495 1108 2526 di-

161 2562 241 2582 vers.
263 2552 303 2592 9,
334 2552 406 2595 21).

233 2612 358 2658 potens]
386 2615 546 2657 Impotens
571 2627 642 2647 esse
666 2615 790 2648 videtur
815 2616 854 2649 ad
880 2617 1027 2651 invidiam
1050 2632 1106 2664 po-

1171 748 1259 785 tens,
1289 743 1541 791 περιόθενῆς,
1570 751 1605 777 ut
1631 751 1663 777 ct
1686 746 1834 777 Donatus
1859 745 1962 777 docet.
1994 744 2050 777 Sic
2073 744 2126 775 Li-

1172 806 1242 837 vius
1267 809 1486 850 »impotentem
1503 807 1612 840 decem
1637 808 1775 839 xirorum
1798 812 2006 851 potestatem«
2032 806 2125 837 dixit:

1172 874 1204 900 et
1233 868 1367 912 Capella
1401 869 1481 900 infra
1511 869 1560 900 »nin
1591 870 1757 910 invidiam,
1788 870 1815 900 si
1851 881 1906 900 eos
1940 871 2125 912 impotentes

1172 945 1243 964 esse
1262 938 1505 966 monstremus.«
1542 934 1696 976 Quinctil.
1713 934 1791 965 dccl.
1808 935 1868 965 15:
1889 933 2014 965 »Credo
2037 932 2124 975 cqui-

1171 996 1242 1027 dem
1266 996 1393 1037 judiees
1424 996 1595 1039 plerosque
1622 996 1743 1035 mirari,
1778 996 1864 1039 quod
1888 996 1983 1027 homo
2008 994 2124 1033 tenuis,

1169 1059 1264 1091 etiam
1278 1066 1446 1103 autequam
1463 1060 1549 1102 quod
1567 1060 1690 1103 perdidi
1707 1060 1859 1090 habebam
1874 1071 2005 1103 pauper,
2027 1069 2123 1089 ausus

1170 1134 1240 1153 sum
1255 1123 1378 1164 judicio
1395 1124 1552 1153 lacessere
1569 1123 1708 1162 divitem,
1730 1123 1839 1165 ntique
1860 1122 2012 1161 vicinum,
2038 1134 2122 1152 eum-

1169 1195 1231 1228 que
1255 1189 1348 1215 notae
1375 1186 1596 1227 impotentiae«
1619 1189 1680 1215 ete.
1709 1183 1820 1216 Gloss.
1851 1183 1982 1214 Isidori:
2008 1185 2120 1226 »impo-

1167 1251 1257 1285 tens,
1289 1246 1446 1277 interdum
1480 1251 1612 1289 potens,
1649 1258 1707 1289 pro
1736 1245 1879 1289 potentia
1917 1245 2037 1284 clarus,
2071 1245 2121 1276 vel

1166 1309 1241 1352 plus
1261 1320 1354 1351 quam
1371 1314 1517 1351 potens.«
1549 1307 1744 1339 Petronius:

1226 1372 1294 1402 »Ne
1320 1377 1410 1402 curet
1437 1372 1501 1402 alto
1524 1373 1645 1415 παίωνι
1667 1377 1788 1402 trucem
1814 1371 1908 1402 vultu

1217 1433 1389 1480 Cliensque
1412 1445 1527 1465 coenas
1547 1445 1587 1465 ne
1611 1433 1818 1478 inpotentiam
1843 1437 1966 1476 captet«

1166 1494 1188 1526 l.
1213 1494 1381 1534 Cliensve,
1409 1501 1479 1526 aut:

1225 1559 1391 1590 „Cliensve
1415 1570 1530 1590 coenas
1554 1557 1778 1602 impotentium
1803 1562 1932 1600 captet«

1164 1619 1246 1651 Nam
1266 1620 1298 1651 in
1323 1620 1365 1652 V.
1384 1620 1422 1652 C.
1451 1625 1515 1651 est:

1222 1695 1233 1709 n
1241 1681 1412 1727 cliensque
1434 1692 1548 1712 coenas
1564 1679 1786 1724 impotentium
1806 1691 1847 1710 ne
1866 1683 2008 1722 captet«‚·

1164 1750 1361 1787 repugnante
1377 1755 1481 1774 versu.
1508 1743 1663 1774 Horatius
1682 1742 1882 1786 „aquilonem
1901 1744 2115 1785 impotentem«

1163 1805 1251 1836 dixit.
1279 1804 1384 1837 Simili
1408 1805 1502 1836 modo
1526 1805 1683 1848 Ulpianus
1705 1804 1726 1836 l.
1748 1805 1765 1835 1
1791 1804 1830 1835 de
1856 1805 1957 1835 officio
1981 1794 2114 1847 procon-

1162 1869 1257 1899 sulis:
1288 1869 1333 1899 »si
1366 1868 1437 1911 quis
1467 1868 1510 1898 ita
1540 1868 1732 1911 impotenter
1763 1879 1797 1899 se
1820 1867 1918 1909 gerit,
1943 1872 1978 1898 ut
2006 1878 2116 1898 omnes

1162 1937 1306 1963 metuant
1342 1932 1494 1962 adversus
1527 1943 1600 1962 eum
1643 1931 1883 1962 advocationem
1918 1930 2109 1974 suscipere.«

1163 1995 1292 2027 Citatur
1311 1995 1443 2036 digestis
1463 1995 1502 2026 de
1520 1995 1571 2026 oss'.
1587 2006 1674 2038 proc.
1691 2000 1723 2026 et
1737 1994 1798 2036 leg.
1818 1995 1838 2026 l.
1854 1995 1877 2026 9
1900 1993 2115 2037 nequidquam

1162 2055 1192 2100 §.
1208 2058 1229 2088 5
1249 2057 1432 2090 advocatos.
1449 2056 1552 2088 Gnor.
1564 2074 1611 2079 -—
1627 2056 1711 2087 Tota
1732 2057 1810 2087 haee
1836 2055 1998 2086 annotatio
2015 2065 2112 2096 quan-

1160 2117 1275 2149 tumvis
1307 2117 1400 2148 docta
1430 2117 1591 2160 superflua
1620 2122 1684 2157 est,
1713 2122 1882 2160 postquam
1905 2128 1923 2147 e
1949 2114 2110 2146 codicibus

1160 2180 1408 2213 Darmstattensi
1438 2185 1470 2212 et
1501 2181 1689 2213 monacensi
1721 2180 1778 2223 (C)
1808 2184 1921 2222 potens
1950 2177 2110 2221 rescripsi.

1160 2243 1228 2276 Sed
1251 2242 1337 2286 quod
1365 2242 1495 2282 mirere,
1525 2241 1659 2274 Grotius
1689 2241 1756 2283 ipse
1784 2241 1845 2271 hoe
1872 2239 2031 2279 ediderat,
2065 2239 2111 2270 ni-

1158 2307 1225 2339 hilo
1257 2311 1362 2337 tamen
1396 2305 1500 2336 secius
1532 2305 1565 2335 in
1594 2310 1670 2335 nota
1698 2315 1823 2346 semper
1852 2305 2007 2346 impotens
2038 2307 2110 2333 ante

1160 2368 1270 2400 oeulos
1286 2366 1411 2397 habuit!
1439 2365 1590 2397 Profecto
1607 2364 1680 2395 inde
1700 2376 1716 2395 a
1737 2364 1829 2395 tertio
1849 2364 1931 2395 libro
1949 2363 2109 2405 negligen-

1159 2433 1221 2463 tior
1246 2429 1493 2474 deprehenditur
1526 2428 1699 2471 interpres,
1733 2427 1765 2458 id
1796 2427 1882 2470 quod
1916 2438 1981 2458 nou
2012 2427 2111 2458 semel

1158 2493 1371 2528 animadverti.
1407 2491 1558 2523 Bai-thius
1582 2503 1709 2535 quoque
1729 2496 1817 2522 vasta
1838 2490 2016 2522 eruditione
2040 2490 2110 2536 ipsa

1159 2558 1311 2590 confusus
1343 2554 1438 2586 modo
1459 2559 1572 2598 potens
1599 2553 1681 2597 (adv.
1711 2565 1742 2597 p.
1757 2552 1866 2596 504),
1893 2551 1989 2584 modo
2015 2554 2107 2595 impo-

1158 2625 1227 2653 tens
1251 2622 1362 2650 nostro
1386 2615 1418 2648 in
1442 2615 1514 2649 loeo
1542 2615 1629 2658 legit.
1663 2614 1700 2647 Iu
1724 2614 1832 2647 codice
1852 2613 2106 2646 Reiclienauensi
