2310 2860
230 184 287 228 42

821 179 1021 221 Martiani
1059 176 1264 232 Capellae
1301 177 1374 218 lib.
1397 177 1429 218 Ι.
1468 179 1499 230 35.
1531 179 1591 219 11.

226 299 455 345 motusque
504 301 734 329 nemorum
785 287 913 328 etiam
963 281 1284 327 susurrantibus
1321 281 1491 336 flabris,
1545 300 1701 328 canora
1741 287 1979 330 modulatio
2024 289 2178 331 melico

227 371 416 428 quodam
448 367 679 425 crepitabat
717 368 914 425 appulsu.

986 367 1101 409 Nam
1133 365 1413 408 eminentiora
1442 365 1713 422 prolixarum
1747 368 1954 412 arborum
1984 371 2176 413 culmina

224 450 488 508 perindeque
517 449 694 492 distenta
725 459 848 492 acuto
882 450 1021 491 sonitu
1048 445 1324 490 resultabant.
1380 446 1606 503 Quidquid
1636 463 1739 491 vero
1767 458 1907 492 terrae
1937 449 2103 492 confine
2134 466 2183 493 ac

223 534 518 589 propinquum
548 533 679 575 ramis
710 531 945 574 adclinibus
974 531 1135 582 fuerat,
1175 530 1359 587 gravitas
1388 545 1522 573 rauca
1552 531 1782 587 quatiebat.
1831 534 1887 576 At
1914 533 2058 575 media
2082 534 2182 576 ratis

222 630 298 671 per
319 628 485 656 annexa
506 613 774 656 succentibus
793 613 934 669 duplis
959 627 1007 654 ac
1027 613 1327 669 sesquialteris,
1349 628 1427 655 nec
1445 628 1532 655 non
1556 613 1684 655 etiam
1701 615 1989 669 sesquitertiis,
2012 616 2181 671 sesqui-

293 735 480 782 modnlatio]
506 737 595 779 Lege
615 737 838 769 modulatione.
865 735 993 768 Vos-cx.
1013 735 1111 780 (spec.
1134 746 1177 768 cr.

222 813 250 844 p.
273 801 356 844 144)
374 821 422 826 —
461 801 652 843 Elegantem
671 800 811 833 Vonekii
834 800 1050 842 conjecturam
1075 800 1177 830 firmat

221 862 323 893 codex
345 862 474 902 Vossii,
510 868 542 894 et
565 874 679 894 sensus
699 862 851 906 postulat.
894 861 1014 893 Ultima
1044 861 1176 905 syllaba.

221 929 255 954 ut
295 935 389 967 saepe
425 924 482 964 fit,
522 925 672 968 absorpta
721 929 771 954 est
802 923 841 955 ab
874 922 965 954 initio
1004 922 1176 966 sequentis.

218 984 342 1017 Ama-z.
365 985 466 1028 (misc.
491 998 522 1029 p.
538 984 624 1027 200)
639 1005 686 1009 -
701 984 804 1017 Miror
821 990 992 1028 utrumque
1003 1008 1013 1025 ,
1040 983 1176 1016 maxime

217 1047 448 1088 Arntzenium,
476 1048 530 1090 qui
545 1048 725 1090 elegantem
742 1048 904 1092 appellare
924 1047 1066 1092 potuerit
1083 1047 1176 1079 disei-

218 1109 285 1151 pnli
314 1109 364 1140 sui
390 1109 655 1141 emendationem.
701 1110 849 1154 Namque
882 1110 1063 1141 criticorum
1088 1120 1177 1139 error

217 1170 291 1201 inde
319 1171 482 1214 prox-enit,
505 1171 592 1214 quod
616 1183 728 1202 vocem
751 1178 853 1202 motus
876 1184 946 1202 cum
969 1171 1176 1214 sequentibus

217 1232 470 1273 conjunxerunt,
506 1232 583 1264 licet
611 1233 650 1264 ad
674 1232 897 1276 praecedentia
931 1233 1105 1277 pertineat,
1143 1233 1175 1263 id

217 1294 304 1338 quod
327 1306 449 1325 annexa
467 1295 623 1339 particula
642 1307 704 1341 que
728 1295 804 1326 satis
828 1295 923 1327 docet
943 1295 984 1339 (v.
1000 1300 1067 1326 not.
1084 1306 1175 1339 prae—

216 1355 307 1399 eed.).
344 1356 550 1401 Quapropter
569 1356 654 1387 haud
675 1357 786 1397 video,
820 1369 876 1389 cur
899 1357 996 1399 longe
1022 1357 1173 1402 plurimo-

215 1429 286 1449 rum
307 1418 452 1450 codicum
474 1418 647 1450 lectionem
676 1419 835 1460 corrigere
865 1419 1057 1460 debeamus,
1083 1431 1173 1463 prae-

216 1481 325 1513 sertim
349 1494 447 1525 quum
476 1482 596 1514 clarum
621 1487 653 1513 et
676 1482 876 1526 aptissimum
897 1483 952 1515 illa
976 1484 1061 1515 hune
1080 1494 1172 1527 prae-

214 1545 288 1577 beat
307 1556 454 1576 sensum:
477 1545 583 1577 »Inter
607 1545 691 1577 enim
714 1547 794 1579 liaee
823 1547 1006 1590 spectacula
1029 1548 1170 1579 fortuna-

214 1618 348 1650 rumque
371 1619 483 1639 cursus
503 1607 556 1651 (de
581 1607 699 1651 quibus
716 1608 812 1639 modo
837 1608 971 1651 dixerat)
996 1613 1168 1652 motusque

214 1670 310 1701 etiam
333 1681 516 1710 nemorum,
552 1670 648 1713 (inter
666 1672 744 1702 haec
768 1670 910 1714 inquam)
932 1672 1170 1704 susurrantibus

213 1732 321 1762 flabris
341 1743 456 1763 canora
475 1731 649 1764 modulatio
663 1733 778 1764 melico
793 1734 932 1776 quodam
950 1735 1087 1777 appulsu
1102 1746 1167 1766 cre-

213 1795 344 1837 pitabat.
356 1794 405 1825 Ita
422 1806 486 1825 non
507 1793 611 1825 solum
625 1794 774 1826 »sistrum
787 1795 963 1838 crepitans«
978 1795 1167 1838 Propertius

215 1858 263 1901 (5,
287 1857 322 1896 9,
345 1857 408 1898 45)
431 1856 526 1896 dixit,
565 1856 623 1889 sed
645 1858 820 1899 Virgilius,
863 1870 958 1901 quem
981 1865 1092 1891 noster
1117 1859 1168 1891 hie

214 1920 370 1960 imitatur,
405 1919 508 1964 (Aen.
526 1921 567 1960 (3,
596 1920 692 1964 209)
724 1921 843 1966 pariter
871 1922 910 1953 de
937 1922 1049 1956 arbore
1073 1935 1169 1956 aurea

214 1982 345 2016 cecini&

270 2045 342 2078 ..Sic
361 2046 427 2077 leni
445 2044 644 2088 crepitabant
668 2045 798 2079 bractea
819 2054 944 2080 venta«

214 2107 280 2139 Pro
300 2113 396 2138 vento
416 2113 526 2138 noster
547 2107 693 2151 reposuit
708 2108 832 2152 flabris.

289 2169 399 2201 melico
414 2167 563 2213 appulsu]
579 2168 705 2202 Musica
723 2170 900 2202 collisione.
909 2171 1069 2203 vute—
1079 2170 1167 2212 Lege

215 2230 381 2274 applausu.
404 2230 533 2263 Voxcx.
557 2230 622 2274 (sp.
647 2232 716 2263 crit.
738 2245 768 2275 p.
789 2232 888 2275 143).
910 2251 956 2256 —
989 2233 1077 2265 Cane
1099 2244 1167 2264 cor-

215 2294 316 2335 rigas!
337 2299 385 2325 est
406 2293 489 2325 enim
503 2307 567 2326 vox
588 2295 710 2327 musica
729 2301 825 2340 atque
848 2296 928 2328 intra
945 2296 1034 2338 leges
1051 2295 1093 2341 (ξ.
1105 2297 1168 2340 27)

223 2357 352 2400 »pulsus
375 2355 638 2397 modulationis«,
664 2363 695 2388 et
713 2356 753 2402 (ἓ.
773 2357 835 2401 28)
865 2370 996 2400 «graves
1018 2359 1167 2402 pulsus«,

217 2417 302 2461 apud
319 2417 471 2450 Ovidium
494 2417 589 2449 etiam
608 2418 690 2461 (fast.
710 2420 743 2459 5,
774 2420 860 2463 667)
885 2421 988 2464 »lyrae
1004 2422 1160 2464 pulsatum

216 2478 355 2512 Veteres
394 2479 433 2510 de
464 2478 583 2510 musica
613 2480 783 2523 scriptores
818 2482 1057 2524 distinguebant
1084 2484 1167 2516 inter

217 2554 328 2574 vocem
350 2543 536 2582 humanam,
567 2547 599 2574 et
621 2540 694 2588 τήν
712 2544 884 2590 κροῦσιν,
918 2558 999 2590 quae
1020 2548 1166 2579 manibus

218 2605 314 2640 fiebat
345 2606 385 2649 (v.
410 2611 474 2638 not.
500 2606 539 2638 ad
569 2605 713 2652 5120).
753 2609 846 2642 Hanc
884 2609 981 2652 igitur
1013 2612 1166 2646 musicam

1227 734 1261 766 in
1287 743 1417 765 nemore
1445 731 1502 764 illo
1530 737 1642 765 noster
1663 745 1828 765 ramorum
1854 735 1990 777 appulsu
2006 735 2075 767 fieri
2097 740 2183 767 recte

1229 797 1315 838 dicit,
1341 808 1446 841 neque
1467 796 1698 841 corrumpenda
1715 797 1909 841 haecdietio
1931 799 2055 839 critica,
2077 798 2104 830 si
2122 798 2185 830 diis

1227 858 1352 903 placet,
1376 864 1446 889 arte
1477 864 1553 889 erat.

1301 918 1513 967 perindeque]
1554 919 1677 960 Valde,
1716 921 1860 953 multum.
1888 921 1991 954 Vrtc.
2011 940 2059 945 ——
2095 920 2183 954 Cave

1228 982 1355 1014 credas!
1394 982 1491 1015 Certe
1522 983 1605 1014 infra
1637 982 1679 1027 (ξ.
1697 984 1759 1026 54)
1784 984 1963 1016 Vulcanius
1986 986 2183 1032 perindeque

1227 1046 1387 1090 explicare
1417 1046 1547 1085 walde,
1589 1047 1742 1078 multum«
1773 1060 1840 1079 non
1867 1049 2034 1092 potuisset.
2068 1048 2183 1092 Neque

1225 1111 1358 1153 paribus
1378 1111 1557 1142 interuallis
1576 1111 1778 1154 interpretari
1796 1111 1829 1143 id
1848 1112 2032 1144 adverbium
2051 1113 2080 1144 ei
2097 1113 2182 1151 licet,

1227 1173 1282 1217 qui
1307 1173 1362 1204 illa
1383 1175 1521 1216 imparia
1540 1184 1613 1205 esse
1636 1173 1748 1205 debere
1766 1185 1832 1205 non
1852 1173 1986 1215 ignorat.
2021 1174 2181 1217 Equidem

1225 1236 1362 1277 intelligi
1391 1248 1488 1279 posse
1522 1237 1566 1268 ita
1601 1237 1754 1278 arbitror,
1796 1243 1832 1269 ut
1860 1237 2011 1281 respiciat
2044 1238 2183 1276 culmen,

1225 1298 1374 1330 nimirum
1396 1299 1447 1330 »in
1469 1299 1594 1330 culmen
1626 1299 1783 1330 distenta«
1811 1298 1929 1342 quibus
1961 1305 2088 1330 acutiun
2114 1299 2187 1329 fleri.

1226 1372 1339 1393 sonum
1360 1360 1505 1404 pluribus
1530 1372 1717 1403 persuasum
1742 1365 1809 1390 crat
1834 1359 1874 1403 (ξ.
1896 1360 1944 1392 28
1972 1360 2061 1403 not).

1297 1422 1410 1468 rauca]
1436 1423 1617 1466 Hypallage
1635 1434 1694 1466 pro
1718 1423 1822 1464 gravis
1846 1423 2113 1456 raucitas.Vt1,c.
2134 1442 2181 1448 —

1223 1485 1274 1518 De
1298 1485 1354 1516 tali
1379 1496 1459 1516 sono
1485 1483 1636 1517 Catullus
1661 1484 1742 1527 (64,
1771 1484 1876 1528 264)=

1277 1548 1413 1578 »Malas
1438 1547 1627 1577 raucisonos
1650 1545 1802 1587 efflabant
1828 1557 1951 1578 cornua
1977 1547 2134 1579 bombos.-

1220 1605 1306 1639 Hinc
1332 1607 1414 1638 infra
1441 1605 1483 1650 (§.
1508 1606 1569 1649 28)
1598 1606 1739 1646 Lunam,
1774 1619 1856 1651 quae
1885 1608 2029 1651 proxime
2060 1613 2178 1640 terram

1220 1675 1289 1710 est,
1326 1671 1369 1701 ait
1406 1682 1537 1711 »graves
1561 1670 1675 1713 pulsus
1708 1670 1812 1703 modis
1840 1671 2040 1703 raucioribus
2070 1684 2179 1715 perso-

1220 1742 1324 1762 na1·e.«
1369 1731 1543 1763 Rationem
1569 1731 1645 1763 alibi
1671 1732 1843 1776 (palaeogr.
1871 1733 1939 1765 crit.
1962 1733 2022 1765 III.
2048 1733 2076 1778 ἓ.
2095 1734 2179 1766 256,

1219 1806 1249 1836 p.
1264 1792 1350 1835 503)
1369 1793 1513 1836 exposui.
1553 1792 1621 1825 Sed
1638 1793 1720 1825 adde
1740 1794 1970 1826 Nicomachum
1984 1795 2019 1826 in
2036 1797 2177 1827 harmon-

1219 1869 1302 1888 man.
1324 1858 1364 1896 l,
1395 1856 1439 1896 2,
1468 1857 1501 1887 5.
1527 1867 1557 1899 p.
1577 1856 1599 1887 6
1623 1855 1734 1899 Meib.)
1763 1855 1819 1899 qui
1851 1868 1886 1888 »a
1906 1857 2043 1889 Lunari«
2074 1858 2179 1902 inquit

1228 1925 1352 1962 »motu,
1388 1919 1445 1963 qui
1469 1918 1610 1950 omnium
1635 1918 1764 1950 infimus
1789 1924 1854 1960 est,
1890 1925 1923 1951 et
1944 1926 2048 1953 terrae
2070 1922 2176 1964 proxi-

1218 1995 1308 2023 muS,
1336 1982 1538 2014 acutissimus
1559 1981 1664 2013 dictus
1688 1987 1739 2014 est
1759 1988 1832 2015 nete
1856 1978 2010 2029 (νεάτη).
2045 1984 2177 2018 Etenim

1219 2043 1362 2079 νέατον
1379 2042 1465 2074 idem
1483 2048 1534 2074 est
1556 2041 1644 2087 quod
1663 2042 1836 2086 infimum«

1293 2104 1388 2151 ratis]
1414 2105 1507 2138 Ratis
1536 2105 1588 2138 hie
1620 2107 1812 2149 adjectivum
1836 2112 1906 2147 est,
1935 2119 1977 2140 ne
2003 2113 2036 2139 te
2063 2108 2176 2142 fallant

1219 2170 1344 2213 glossae
1364 2169 1597 2202 substantivum
1620 2176 1777 2214 putantes.
1794 2170 1897 2203 Gnor.
1915 2188 1963 2194 —-
1990 2170 2173 2205 succentus

1219 2232 1366 2265 nimirum
1385 2243 1444 2275 pro
1466 2237 1541 2264 rata
1563 2237 1596 2264 et
1614 2237 1686 2276 apta
1706 2233 1852 2275 portione
1875 2243 1933 2276 per
1954 2244 2079 2266 annexa
2100 2235 2171 2267 liar-

1219 2295 1356 2328 moniam
1381 2295 1530 2327 efficiunt.

1292 2356 1526 2406 sesquialteris]
1553 2356 1772 2401 sesquialtera
1789 2358 1953 2402 proportio
1970 2358 2004 2390 in
2025 2360 2169 2393 arithme-

1217 2422 1298 2462 tica,
1346 2422 1493 2466 diapente
1522 2426 1656 2453 vocatur
1691 2420 1723 2452 in
1750 2422 1886 2453 musica:
1911 2422 2018 2454 limma
2046 2423 2168 2457 Graece

1218 2486 1434 2526 semitonium,
1462 2485 1553 2527 cujus
1576 2484 1679 2516 media
1701 2497 1776 2529 pars
1796 2485 1893 2517 diesis
1915 2486 2038 2520 dicitur.
2070 2487 2167 2520 Octa-

1216 2549 1264 2581 vis
1287 2549 1339 2581 vel
1360 2548 1590 2593 sesquioctavis
1619 2548 1686 2580 sive
1706 2545 1945 2595 ὑπογὸοους,
1967 2550 1987 2582 i.
2010 2563 2037 2584 e.
2056 2562 2165 2596 super-

1217 2611 1345 2644 octavis.
1373 2612 1490 2645 Gnoss.
1507 2611 1588 2654 (cod.
1605 2611 1730 2645 Monac.
1746 2611 1806 2655 C.).
1841 2611 1984 2646 Omnino
2008 2613 2167 2647 semitonii
