2310 2860
761 181 960 224 Martiani
1000 180 1200 239 Capellae
1242 181 1312 224 lib.
1337 182 1370 224 I.
1409 185 1440 235 ᾗ.
1465 182 1536 226 25.

2059 189 2117 230 67

158 289 356 331 Phoebeo
397 289 628 331 connivens
668 288 882 344 splendori
921 289 1201 342 succumbat,
1255 300 1294 331 et
1345 306 1446 332 eum
1494 292 1697 335 Stilbonte
1744 294 1960 346 incedens,
2019 310 2118 336 con-

157 370 394 412 nubiorum
434 370 597 425 copulis
637 370 879 412 allubescat.

159 451 332 493 curialis
378 452 522 507 virgae
568 451 818 508 perflatione
862 465 1085 504 concussa,
1130 453 1173 493 in
1209 453 1374 494 coelum
1417 454 1529 495 itura
1566 455 1811 497 sustollitur.

949 371 1026 411 His
1056 371 1198 421 dictis,
1243 371 1392 413 Virtus
1424 373 1712 428 praecedentis
1750 373 1887 415 officio
1920 389 1967 415 ae
1998 374 2116 415 Mer·
2145 378 2204 419 26

1878 456 1944 497 Au
1950 455 2118 510 gurales

157 547 261 575 vero
304 533 419 574 alites
459 542 553 574 ante
593 547 773 574 currum
814 532 936 573 Delio
975 533 1266 583 constiterunt,
1306 534 1366 574 uti
1399 534 1496 589 quis
1528 534 1654 576 vellet
1684 546 1829 577 vectus
1862 536 2116 578 ascenderet.

156 615 268 656 Nam
302 615 447 656 futura
478 615 739 671 plerumque
771 613 1066 666 conformans,
1098 614 1162 655 his
1194 614 1434 670 praesagire
1467 625 1758 659 consueverat.
1797 618 1943 658 Petaso
1974 627 2116 658 autem

157 709 206 735 ac·
245 695 452 737 talaribus
484 696 715 738 concitatus
754 696 891 752 coepit
921 696 1088 752 praeire
1119 695 1374 736 Mercurius.
1421 694 1503 735 Sed
1535 695 1760 736 scandente
1790 696 1985 747 Phoebo,
2016 697 2117 736 Mu-

231 790 419 838 eonm‘vens]
448 792 534 826 Male
558 792 690 825 (lortius
721 794 893 826 conhibens
921 799 954 826 et
983 793 1109 826 codices

156 853 430 898 Cantabrigiensis
457 863 551 902 atquc
581 857 787 890 Britannicus
812 859 977 890 cohibens:
996 858 1110 890 melius

155 917 355 961 Bodlcjanus
369 922 527 953 conibeus.
545 923 574 953 B
591 923 674 954 enim
690 935 748 966 pro
757 923 790 955 V
801 923 951 966 scriptum
969 934 1025 954 eos
1046 935 1111 954 non

155 980 345 1022 morabitur,
373 983 427 1026 qui
457 983 735 1028 palaeograpliiam
761 997 863 1015 nicam
888 985 960 1028 (ΙΙΙ.
982 983 1110 1028 ξ.5”ἶὲἶ,

155 1044 240 1085 597,
267 1045 358 1086 410,
382 1047 456 1078 416
471 1066 518 1071 ——
534 1046 622 1091 418)
645 1048 790 1089 legerint.
818 1048 994 1089 Eleganter
1013 1048 1111 1079 anihi-

155 1117 217 1147 gua
250 1106 304 1138 illa
335 1119 414 1139 voce
447 1108 547 1139 utitur
577 1109 617 1140 ad
650 1115 819 1153 utrumque
856 1121 1003 1149 sensum,
1043 1116 1111 1141 tum

154 1169 248 1202 «Iovis
281 1171 447 1202 oculorum
483 1184 559 1217 prae
596 1173 767 1216 splendore
799 1173 887 1205 Solis
919 1173 1110 1214 nutantium,

155 1238 222 1264 tum
240 1235 479 1276 consentiendi,
506 1236 593 1280 quod
614 1236 667 1267 isti
690 1249 802 1281 capere
820 1237 1033 1280 nequiverunt
1055 1237 1110 1281 qui

156 1294 232 1327 olim
255 1297 402 1329 cohibens
428 1304 650 1341 reposuerunt.

229 1356 399 1402 Stilbonte]
410 1359 578 1391 Mercurio.
589 1360 835 1392 Eratosthenesz
846 1359 1026 1404 πέμπτος
1038 1359 1110 1395 τοῦ

156 1416 292 1464 Ἑρμοῦ
320 1418 504 1459 στίλβων,
531 1418 709 1466 λαμπρὸς
729 1420 793 1456 καὶ
811 1420 954 1468 μικρὸς.
982 1423 1051 1455 Cic.
1073 1424 1112 1454 «le

157 1486 221 1511 nat.
246 1480 332 1511 deor.
353 1481 386 1524 (l.
410 1481 452 1512 11.
480 1480 560 1524 55)=
586 1482 691 1513 »Infra
712 1484 793 1514 hanc
822 1483 961 1527 (stellam
985 1483 1112 1526 Martis)

158 1544 251 1575 stella
268 1543 419 1576 Mercurii
443 1550 501 1575 cst.
528 1544 575 1575 Ea
594 1543 764 1583 ότίλβων
785 1547 965 1589 appellatur
981 1559 998 1578 a
1013 1548 1112 1579 Grae-

157 1606 221 1647 cis,
249 1618 330 1651 quac
356 1617 439 1637 anno
460 1606 526 1637 fere
546 1611 688 1637 vertente
712 1606 898 1647 signiferum
923 1608 1037 1637 lustrat
1065 1619 1114 1638 01·-

156 1669 245 1709 bem,
266 1680 372 1713 neque
400 1679 418 1698 a
444 1666 523 1700 Sole
539 1668 666 1713 longius
684 1681 825 1713 unquam
842 1670 941 1700 ιυιίιιε
958 1671 1045 1713 siym'
1066 1672 1113 1701 ἱιι-

159 1734 292 1766 teruallo
307 1733 453 1774 discedit,
470 1739 537 1765 tum
551 1738 771 1774 antevertens,
795 1738 862 1764 tuni
879 1733 1108 1777 subsequens«

160 1796 254 1829 Confi
269 1796 297 1828 F
299 1797 420 1839 uigent.
438 1798 536 1839 myth.
557 1796 579 1827 l.
599 1797 631 1836 1,
653 1797 711 1827 25.
728 1795 830 1828 Gom.
849 1813 896 1818 —
913 1795 1018 1837 Magis
1044 1808 1116 1826 cum

161 1857 320 1890 Cicerone
351 1859 426 1890 facit
452 1858 603 1901 Hyginus
629 1858 762 1901 (astron.
789 1859 834 1898 4,
873 1859 928 1889 16.
961 1870 992 1900 p.
1016 1857 1114 1900 485).

233 1919 420 1965 allubescat]
436 1920 564 1951 Faverit.
577 1919 752 1951 Gross.-—
770 1919 928 1961 Quamvis
943 1920 1004 1950 hoc
1018 1919 1115 1949 vox-bo

156 1984 223 2026 jam
245 1984 380 2015 Plautus
401 1989 527 2023 utatur,
553 1982 639 2013 haud
661 1987 767 2012 tamen
785 1982 851 2013 scio
869 1994 909 2012 an
924 1993 1019 2013 nemo
1043 1988 1115 2013 ante

161 2046 359 2090 Appulejum
388 2056 427 2076 eo
453 2055 567 2084 sensu,
597 2055 661 2087 quo
686 2043 864 2075 Martianus
891 2042 933 2087 (ξ.
949 2045 1008 2075 51.
1034 2044 1116 2074 181.

162 2108 244 2140 726.
262 2107 360 2151 915),
375 2106 409 2138 id
425 2106 635 2150 usurpaverit.
647 2104 831 2150 Appulejus
846 2105 932 2149 (met.
948 2106 981 2137 9.
1001 2117 1031 2148 p.
1042 2105 1114 2137 598

163 2171 262 2216 oud.)
293 2187 303 2201 »
312 2183 427 2214 aquam
450 2170 660 2202 allubescere«
691 2181 751 2214 pro
777 2170 959 2202 desiderare
977 2169 1064 2200 dixit.

236 2235 444 2268 Mercurialis
453 2230 578 2277 virgae]
596 2232 682 2264 Vide
698 2232 737 2264 de
754 2243 791 2264 ca
804 2233 982 2264 Homerum
997 2232 1114 2274 (hymn.

163 2298 195 2329 in
213 2297 349 2330 Mercur.
369 2296 451 2328 526.
475 2294 578 2338 seqq.)
603 2294 705 2327 Gorz.
721 2314 769 2319 —
802 2294 896 2326 Cous.
919 2293 1115 2338 superiorem

164 2361 269 2393 locum
291 2359 332 2404 (ἓ,
350 2359 387 2404 9)
407 2365 440 2392 ct
461 2359 627 2390 inferiores
653 2358 795 2402 (§.12(3.
822 2356 914 2401 176).

238 2421 404 2467 concussa]
432 2422 556 2454 Sensus
579 2428 645 2454 est:
668 2422 864 2466 »Postquam
881 2423 960 2454 haec
980 2422 1113 2462 dixerat,

189 2485 279 2517 'irtus
296 2484 514 2529 praecedentis
531 2484 707 2529 (Mercurii)
726 2484 760 2516 in
787 2485 889 2516 officio
914 2485 1038 2517 eoelum
1065 2496 1113 2516 as-

168 2559 302 2581 censura
321 2547 520 2581 Mercurialis
552 2547 658 2590 virgae
679 2547 720 2592 (ἓ.
742 2548 779 2591 9)
800 2548 936 2592 perflatu
960 2559 1116 2581 concussa

168 2613 298 2644 tollitur.

1231 790 1430 836 Aaynrales]
1459 791 1574 835 Cygni.
1599 791 1753 824 Catalcct.
1779 792 1882 823 Pium

1219 854 1313 885 „Jam
1334 855 1456 885 ‹liunille
1482 859 1574 893 tuos,
1596 854 1710 885 Paean
1736 865 1754 884 ο
1775 854 1949 896 Delphice,
1981 864 2116 896 cygnos:

1213 918 1355 961 Ili-quior
1376 919 1454 949 hacc
1474 930 1541 949 nox
1563 923 1631 956 est,
1666 929 1748 964 quae
1773 923 1830 948 lua
1858 917 1974 959 templa
2001 917 2112 948 colam

1165 980 1266 1012 Gonz.
1282 1000 1329 1004 —
1354 981 1421 1013 Sed
1438 981 1550 1013 Virtus
1575 993 1673 1024 quum
1691 992 1798 1012 coines
1817 981 1873 1020 sit,
1898 980 1998 1020 inagis
2016 980 2121 1023 placet

1163 1045 1356 1076 Ciceronem
1379 1045 1547 1085 advocare,
1571 1045 1625 1088 qui
1648 1046 1757 1089 (Tusc.
1783 1045 1814 1084 1,
1844 1043 1905 1086 50)
1928 1044 1966 1074 (lc
1985 1043 2119 1074 Socrate

1162 1108 1286 1139 scribit:
1317 1109 1446 1151 »Itaque
1481 1114 1722 1149 commemorat,
1759 1114 1794 1139 ut
1828 1110 1941 1151 cyqni,
1974 1107 2120 1150 quinon

1162 1172 1230 1202 sine
1258 1183 1354 1203 causa
1377 1170 1524 1215 Apollini
1553 1172 1648 1203 dicati
1683 1178 1775 1211 sunt,
1815 1171 1873 1202 sed
1905 1170 1990 1214 quod
2016 1170 2055 1201 ab
2081 1181 2119 1201 eo

1161 1235 1388 1266 dixinationem
1424 1236 1541 1267 habere
1577 1235 1760 1275 videantur,
1812 1246 1875 1278 qua
1905 1234 2121 1277 providentesq

1161 1297 1238 1341 quid
1262 1299 1296 1327 in
1323 1303 1423 1328 morte
1454 1299 1529 1328 boni
1553 1299 1617 1335 sit,
1659 1309 1731 1328 eum
1765 1300 1860 1328 cantu
1893 1301 1926 1326 et
1958 1296 2121 1338 voluptate

1161 1361 1354 1401 moriantur,
1379 1361 1425 1392 sic
1449 1361 1596 1392 omnibus
1618 1360 1712 1392 bonis
1735 1365 1767 1391 ct
1790 1360 1893 1391 doctis
1914 1371 1985 1391 esse
2005 1359 2120 1391 sacien-

1163 1425 1268 1455 duum
1301 1423 1397 1455 Adde
1421 1425 1565 1465 litigium
1590 1424 1637 1468 (in
1663 1425 1760 1467 myth.
1789 1436 1820 1467 p.
1837 1423 1934 1466 281).

1238 1484 1346 1528 Delio]
1372 1485 1411 1515 In
1431 1485 1504 1515 libri
1516 1485 1797 1526 Norimbergensis
1814 1485 1956 1526 margine
1972 1484 2123 1515 adnotata

1165 1546 1264 1576 lectio
1302 1550 1369 1576 erat
1393 1545 1542 1583 Delium,
1576 1557 1672 1588 quam
1697 1550 1730 1576 et
1754 1545 1951 1577 Vossianum
1980 1545 2123 1576 codicem

1164 1607 1281 1637 hahere
1299 1605 1497 1636 Arntzenius
1519 1605 1622 1648 (misc.
1646 1619 1676 1648 p.
1693 1605 1780 1648 205)
1802 1607 1949 1645 affirmat,
1973 1611 2008 1636 ut
2025 1605 2121 1636 rescr-

1164 1672 1252 1698 retur
1274 1666 1314 1697 ad
1337 1677 1480 1698 currum:
1493 1677 1573 1709 quae
1594 1666 1689 1697 lectio
1703 1666 1806 1709 primo
1822 1666 1950 1709 quidem
1967 1666 2121 1709 adspectu

1166 1728 1334 1773 placebat,
1358 1728 1415 1759 scd
1435 1739 1533 1771 quim]
1553 1726 1666 1767 exiis,
1691 1738 1773 1770 quae
1790 1733 1977 1770 sequuntur,
1999 1727 2124 1758 Phoebi

1168 1792 1234 1823 sive
1258 1790 1345 1823 Delii
1373 1791 1474 1834 ipsius
1506 1802 1623 1822 nomen
1651 1789 1862 1833 praemissum
1884 1790 1984 1821 fuisse
2011 1790 2121 1833 utique

1168 1858 1334 1897 appareat,
1362 1852 1525 1893 vulgarem
1544 1851 1716 1883 lectionem
1741 1851 1866 1883 retinui.
1906 1852 2121 1895 Quantumvis

1167 1916 1251 1948 enim
1277 1916 1355 1947 dura
1381 1915 1502 1947 locutio
1530 1915 1675 1946 rideatur
1705 1915 1763 1946 „ad
1791 1926 1918 1947 currum
1942 1915 2122 1948 consistunt

1168 1980 1242 2023 equi
1270 1981 1385 2011 alicui«
1424 1991 1482 2022 pro
1513 1978 1573 2010 »ad
1600 1983 1714 2010 nutum
1740 1978 1793 2011 vel
1825 1990 1918 2011 usum
1948 1979 2119 2021 alicujus«,

1168 2041 1295 2073 defendi
1314 2046 1421 2072 tamen
1446 2045 1554 2085 potest
1574 2052 1615 2071 ex
1637 2040 1751 2081 dativi,
1783 2052 1880 2084 quem
1896 2046 2012 2073 vocant
2034 2052 2119 2073 com-

1166 2107 1263 2148 modi,
1287 2112 1415 2147 natura,
1438 2118 1501 2150 quo
1522 2107 1606 2138 sacto
1628 2106 1720 2138 facile
1743 2106 1932 2148 intelligitur
1950 2107 1995 2139 ita
2015 2106 2120 2150 perio·

1167 2171 1243 2203 dus:
1258 2170 1460 2212 »Augurales
1480 2170 1572 2202 alites
1591 2170 1805 2203 constiterunt
1818 2170 1915 2202 Delio
1932 2170 1985 2215 (ad
2006 2175 2118 2201 nutum

1167 2240 1199 2266 ct
1222 2234 1387 2265 arbitrium
1409 2234 1479 2276 ejus
1499 2233 1615 2283 parati)
1643 2233 1691 2265 uti
1716 2235 1787 2278 quis
1812 2234 1860 2277 (ut
1883 2234 1911 2265 si
1932 2233 1986 2277 iis)
2007 2237 2117 2265 vectus

1166 2310 1238 2330 esse
1253 2298 1352 2330 vellet
1369 2298 1584 2330 ascenderem
1604 2297 1803 2329 Basileensis
1819 2303 1857 2329 ut
1868 2309 1928 2342 pro
1949 2298 2008 2336 uti,
2018 2294 2115 2339 quod,

1165 2359 1241 2393 licet
1263 2372 1374 2404 parum
1390 2360 1533 2400 intersit,
1557 2365 1665 2391 tamen
1687 2358 1804 2390 clarius
1831 2364 1889 2391 est.

1242 2420 1434 2466 concitatus]
1461 2420 1549 2453 Nihil
1578 2420 1612 2452 in
1643 2419 1692 2451 his
1720 2420 1808 2464 quod
1837 2419 1909 2463 quis
1933 2418 2006 2460 jure
2031 2416 2115 2449 desi·

1166 2484 1275 2516 ‹lex-are
1308 2483 1429 2527 possit:
1456 2483 1528 2515 vide
1564 2487 1688 2523 tamen,
1726 2494 1803 2513 num
1843 2480 1967 2523 placeat
1994 2478 2114 2511 codicis

1166 2545 1268 2576 nostri
1289 2545 1398 2576 lectio:
1421 2545 1560 2575 «Petaso
1579 2549 1684 2575 autem
1707 2555 1744 2573 ac
1765 2540 1916 2572 talaribus
1937 2541 2114 2573 concitatus

1168 2609 1274 2653 coepit
1298 2609 1421 2653 praeire
1443 2607 1549 2641 Solem
1573 2605 1777 2641 Mercurius«
1808 2604 1858 2635 Ita
1888 2603 1973 2635 »Ver
1990 2603 2114 2648 praeire

1653 2664 1714 2700 a*
