2310 2860
196 206 253 246 70
737 198 935 241 Martiani
967 196 1166 253 Capellae
1195 196 1269 239 lib.
1292 193 1367 238 III.
1399 196 1431 248 §.
1455 193 1556 236 259.

45 314 138 356 240
168 326 279 368 quar
328 310 550 352 rationem.
619 307 792 364 Quippe
822 307 857 349 F
888 306 1029 356 litera,
1082 319 1195 360 quae
1240 313 1299 345 est
1328 302 1653 344 semivocalium
1687 302 1847 359 prima,
1889 301 1995 343 duas
2036 310 2132 342 tan-

48 554 136 596 241
167 552 339 594 nullum
373 562 516 594 autem
551 552 710 594 claudit
740 550 902 592 finitiva
932 560 1191 589 sermonem.

51 1363 81 1402 bc

88 1363 107 1403 —N

113 1362 142 1403 10

168 391 393 434 tummodo
436 399 715 432 consonantes
758 388 948 445 praelata
997 385 1315 442 complectitur,
1354 385 1391 426 L
1431 393 1471 425 et
1511 384 1570 436 R,
1617 393 1665 425 ut
1704 383 1886 425 dicimus
1917 383 2057 425 flavus
2093 392 2136 424 et

170 472 293 527 frugi.
334 471 516 512 Vocales
539 485 644 513 vero
675 469 970 525 complectitur
999 467 1069 517 ita,
1101 475 1149 507 ut
1173 465 1191 506 I
1217 474 1257 506 et
1278 465 1320 506 V
1344 465 1512 506 vocales
1542 465 1620 505 sibi
1650 464 1858 521 praeferri
1888 464 2135 521 prohibeat3

1251 546 1288 588 L
1318 561 1421 588 vero
1453 546 1572 587 litera
1601 546 1819 602 tripliciter
1850 555 1983 587 sonat.
2020 545 2132 586 Nam

170 635 324 676 exilem
356 649 513 676 sonum
543 634 683 677 reddit
717 648 855 689 quum
887 631 1149 687 geminatur,
1185 637 1232 669 ut
1261 627 1427 679 sollers,
1459 627 1703 680 Sallustius3
1766 626 1959 668 medium
1993 635 2135 667 autern

171 731 311 771 quum
334 717 534 758 terminat
554 717 751 768 nomina,
786 724 834 756 ut
855 714 930 765 sol,
961 713 1044 765 sal,
1079 712 1178 752 item
1205 710 1354 751 leniter
1384 717 1517 760 sonat,
1551 722 1689 764 quum
1720 707 1888 750 vocales
1912 707 2138 759 antevenit,

170 806 218 837 ut
242 797 363 852 lapis,
398 797 534 853 lepus,
565 797 686 848 liber,
716 796 849 846 loeus,
876 794 1072 844 lucerna;
1104 791 1279 847 plenum
1306 805 1409 832 vero
1433 805 1586 831 sonum
1613 790 1755 842 habet,
1788 803 1929 845 quum
1955 790 1991 830 ei
2015 804 2136 846 prae-

169 879 369 920 seruntur
411 879 557 921 literae
594 880 647 930 P,
689 880 749 929 G,
782 877 837 929 C,
874 877 932 929 F,
966 884 1013 916 ut
1042 875 1084 916 in
1115 873 1282 923 Plauto,
1321 873 1473 928 glebis,
1509 873 1709 924 Claudio,
1739 872 1868 916 flavo.
1927 875 1963 916 L
1996 883 2138 915 autem

170 974 398 1016 nunquam
429 961 505 1001 ulli
535 959 781 1001 semivocali
811 958 880 1000 vel
915 967 1060 999 mutae
1083 953 1384 1013 praeponitur,
1426 968 1539 1009 quae
1568 970 1645 1010 pro
1679 955 1717 996 D
1753 955 1796 996 in
1831 956 2139 1012 praepositione

172 1041 396 1097 accipitur,
429 1057 568 1097 quum
601 1050 640 1082 et
669 1042 707 1082 A
741 1039 1006 1097 praefertur,
1037 1047 1085 1080 ut
1114 1038 1268 1092 alligat.
1311 1036 1430 1078 Haec
1457 1035 1582 1076 etiam
1613 1035 1802 1092 praelata
1827 1035 2140 1091 praepositione

171 1132 390 1173 servatur,
434 1132 483 1163 ut
516 1121 736 1177 illepidus,
784 1121 939 1162 illotus.
1006 1120 1223 1173 Utrinque
1266 1126 1413 1158 autem
1450 1116 1618 1157 vocales
1658 1117 1947 1173 amplectitur,
1993 1127 2032 1158 ct
2062 1132 2140 1158 no-

172 1201 290 1241 mina
344 1201 550 1242 nonnulla
602 1201 874 1242 dcterminat:
924 1201 966 1242 in
1019 1199 1256 1241 masculino
1311 1199 1404 1250 Sol,
1454 1199 1496 1240 in
1549 1199 1753 1240 feminino
1806 1200 2043 1255 Tanaquil,
2098 1201 2142 1240 in

172 1292 324 1323 neutro
355 1283 413 1333 A,
452 1283 509 1334 E,
548 1283 567 1323 Ι
606 1282 979 1339 praecedentibus,
1008 1291 1056 1323 ut
1097 1280 1304 1331 bidental,
1335 1280 1438 1330 mel,
1469 1280 1532 1321 sil.
1561 1280 1781 1321 Adverbia
1811 1280 1938 1321 etiam
1970 1279 2141 1330 claudit,

178 1374 224 1405 ut
262 1364 407 1406 semel.
476 1364 523 1405 M
559 1379 661 1406 vero
695 1364 815 1405 litera
859 1373 947 1405 tam
984 1365 1026 1404 in
1065 1362 1273 1405 sermonis
1310 1361 1426 1402 initio
1466 1375 1600 1418 quam
1638 1361 1681 1402 in
1714 1361 1856 1402 medio
1895 1377 1983 1403 esse
2025 1370 2065 1403 et
2100 1361 2143 1402 in

175 1448 334 1489 ultimis
367 1456 523 1503 potest,
554 1455 601 1487 ut
631 1461 794 1497 moi-eS,
826 1445 1007 1497 umbra,
1037 1445 1239 1487 triticum.
1296 1441 1363 1484 Ex
1397 1441 1722 1482 consonantibus
1757 1441 1892 1483 solam
1927 1441 2146 1498 praecedit

173 1544 264 1582 dent,
298 1549 333 1574 ut
357 1543 389 1574 R
415 1541 568 1590 ῥοῖζον,
602 1541 628 1575 S
655 1539 811 1588 σιγμὸνα
836 1547 896 1575 cet.
931 1540 1028 1574 Adde
1056 1539 1132 1573 Ser-

173 1606 258 1637 vium
290 1607 351 1649 (ap.
374 1606 476 1638 Prisc.
498 1608 537 1645 1,
569 1605 622 1649 5),
648 1606 717 1649 qui:
739 1611 848 1636 »sunt«
867 1605 972 1649 inquit
992 1600 1133 1648 »septem

176 1669 402 1709 semivocales,
425 1681 507 1712 quac
535 1669 578 1700 ita
604 1670 826 1712 proferuntur,
858 1674 893 1700 ut
917 1668 1069 1700 inchoent
1094 1667 1134 1699 ab

175 1731 205 1771 E
228 1731 320 1762 litera
342 1736 374 1762 et
398 1731 545 1762 desinant
568 1730 601 1763 in
623 1731 800 1762 naturalem
819 1741 951 1770 sonum,
976 1735 1012 1761 ut
1032 1729 1071 1770 F,
1094 1729 1134 1770 L,

175 1792 226 1831 M,
257 1791 303 1831 N,
328 1792 375 1832 R,
403 1791 445 1832 S,
472 1792 512 1823 X.
549 1791 617 1825 Sed
643 1792 674 1823 X
699 1792 738 1824 ab
763 1792 780 1823 1
802 1792 956 1824 inchoata

251 1852 300 1898 F]
326 1853 433 1886 Aliter
460 1854 558 1885 sentit
586 1853 772 1885 Priscianus
801 1854 840 1897 (l.
866 1852 921 1897 1):
955 1851 1084 1896 »Quum
1108 1849 1136 1883 F

178 1916 251 1947 loco
280 1921 386 1947 mutae
413 1920 567 1959 ponatur,
593 1915 625 1947 id
646 1921 695 1946 est
719 1916 747 1947 P
766 1920 798 1947 et
817 1915 851 1946 H
877 1915 943 1946 sive
964 1927 1011 1961 φ,
1040 1913 1138 1945 miror

179 1978 260 2009 lianc
288 1977 371 2008 inter
399 1977 606 2009 semivocales
635 1977 783 2021 posuisse
808 1977 924 2008 artium
956 1977 1138 2020 scriptores

179 2039 267 2072 Nihil
291 2040 374 2072 enim
394 2040 479 2072 aliud
500 2041 595 2072 habet
616 2042 695 2072 haec
723 2041 815 2073 litera
836 2040 1052 2080 semivocalis,
1077 2039 1140 2071 nisi

180 2101 320 2133 nominis
352 2102 583 2145 prolationem,
621 2114 701 2146 quae
729 2114 747 2134 a
777 2102 880 2134 vocali
913 2102 1043 2145 incipit,
1083 2100 1140 2133 sed

181 2165 243 2195 hoc
264 2168 455 2207 potestatem
474 2169 594 2194 mutare
618 2163 728 2196 literae
756 2175 821 2196 non
846 2163 966 2195 debuit.
994 2163 1032 2195 Si
1056 2163 1140 2194 enim

183 2230 270 2258 esset
302 2224 517 2264 semivocalis,
555 2225 737 2257 necessario
767 2225 943 2256 terminalis
977 2225 1141 2256 nominum

183 2286 394 2326 inveniretur,
419 2285 506 2329 quod
529 2286 656 2317 minime
680 2287 839 2330 reperies,
866 2298 925 2318 nec
946 2292 1018 2318 ante
1039 2287 1067 2318 L
1090 2287 1141 2318 vel

183 2350 215 2382 R
238 2350 271 2380 in
293 2350 403 2381 eadem
434 2349 557 2393 syllaba
584 2349 661 2393 poni
685 2356 814 2394 posset,
844 2350 899 2395 qui
922 2350 1016 2386 *locus
1041 2356 1141 2382 muta-

184 2424 253 2444 rum
279 2417 328 2442 est
351 2411 521 2442 duntaxat«
547 2415 609 2444 cet.

259 2475 427 2517 tripliciter
451 2472 564 2519 sonat]
592 2474 714 2506 Confer
750 2474 878 2506 omnino
909 2475 1067 2507 Prisciani
1096 2476 1142 2521 (l.

188 2550 220 2580 p.
237 2537 299 2580 92)
323 2538 434 2569 verba:
465 2537 509 2570 »L
534 2537 707 2582 triplicem,
740 2544 776 2569 ut
799 2539 906 2570 Plinio
929 2540 1064 2581 videtur,
1092 2551 1142 2571 so-

190 2612 264 2632 num
298 2601 411 2633 habet:
444 2602 578 2641 exilem,
618 2601 746 2646 quando
785 2602 962 2644 geminatur
1001 2603 1142 2636 secundo

1184 1538 1257 1572 loco
1290 1539 1412 1583 posita,
1447 1543 1482 1569 ut
1513 1538 1586 1577 ille,
1616 1538 1789 1577 ,Metellum
1826 1538 1977 1581 plenum,
2014 1538 2142 1582 quando

1184 1603 1254 1635 finit
1278 1602 1405 1634 nomina
1430 1601 1481 1633 vel
1501 1600 1659 1644 syllabas,
1687 1606 1720 1632 et
1741 1601 1869 1645 quando
1894 1602 1991 1633 habet
2013 1608 2086 1634 ante
2107 1613 2143 1634 se

1185 1665 1218 1696 in
1252 1664 1362 1695 eadem
1397 1662 1520 1706 syllaba
1551 1662 1689 1706 aliquam
1724 1669 1970 1704 consonantem,
2008 1669 2043 1695 ut
2068 1663 2144 1704 Sol,

1185 1729 1295 1771 sylva,
1320 1727 1449 1772 flavus,
1486 1727 1614 1766 clarus3
1646 1727 1783 1758 medium
1803 1726 1836 1758 in
1858 1727 1944 1768 aliis,
1972 1734 2007 1759 ut
2031 1729 2145 1768 lectus,

1188 1790 1289 1829 lecta,
1318 1790 1465 1822 lectiam«
1506 1788 1614 1832 (Conf.
1638 1787 1817 1821 Schneider
1845 1789 1937 1821 elem.
1961 1802 2090 1831 gramm.
2113 1790 2147 1831 Ι,

1190 1867 1223 1899 p.
1253 1853 1351 1896 297).
1382 1852 1527 1884 Isidorus
1561 1851 1657 1883 etiam
1689 1852 1798 1896 (etym.
1827 1854 1865 1894 1,
1891 1853 1957 1894 52,
1984 1855 2017 1886 8.
2048 1866 2078 1898 p.
2099 1854 2148 1886 52

1188 1917 1317 1960 Arev.):
1350 1916 1597 1948 »Labdacismus
1621 1922 1688 1948 est«
1709 1916 1813 1960 inquit
1835 1917 1979 1961 »quoties
2000 1930 2099 1950 unum
2119 1918 2149 1951 L

1190 1981 1322 2022 exilius,
1349 1980 1413 2012 duo
1435 1980 1555 2022 largius
1575 1980 1783 2024 proferimus.
1817 1981 1917 2024 Quod
1944 1987 2055 2014 contra
2084 1987 2147 2014 est:

1191 2056 1262 2076 nam
1285 2054 1384 2075 unum
1409 2042 1547 2083 largius,
1573 2042 1637 2074 duo
1663 2043 1778 2074 exilius
1797 2043 1938 2087 proferre
1960 2044 2141 2076 debemus.-

1262 2111 1293 2137 et
1319 2105 1354 2136 A
1370 2102 1568 2149 praefertur]
1599 2104 1652 2136 Ex
1675 2105 1952 2137 antecedentibus:
1974 2117 2092 2148 »quum
2118 2107 2148 2137 ei

1191 2167 1413 2212 praeferuntur
1427 2166 1557 2198 literae«
1575 2166 1787 2210 supplendum
1804 2171 1836 2197 et
1852 2166 1904 2198 hic
1925 2167 1963 2198 ei.
1980 2167 2025 2199 Et
2042 2174 2149 2200 autem

1193 2236 1243 2262 est
1259 2241 1317 2273 pro
1335 2230 1450 2267 eliam,
1471 2228 1514 2259 ita
1532 2234 1567 2259 ut
1590 2239 1704 2259 sensus
1730 2228 1785 2258 sit:
1812 2240 1928 2272 »quum
1950 2241 2016 2261 non
2042 2230 2146 2261 solum

1192 2293 1240 2332 D,
1266 2290 1322 2322 sed
1343 2290 1438 2321 etiam
1467 2289 1499 2321 A
1522 2290 1735 2333 praefertur«,
1764 2289 1862 2332 igitur
1886 2292 1936 2322 ad.

1265 2353 1343 2385 haec
1364 2350 1472 2397 etiam]
1501 2352 1609 2383 Litera
1628 2363 1742 2395 nempe
1764 2352 1802 2383 L.
1829 2352 1956 2385 Deinde
1979 2365 2147 2398 perperam

1193 2414 1335 2448 ediderat
1359 2414 1492 2446 Grotius
1515 2414 1693 2456 inlepidus,
1719 2414 1858 2454 inlotus,
1884 2415 1971 2460 quod
1995 2427 2036 2447 ex
2060 2421 2146 2453 ante·

1192 2478 1329 2511 rioribus
1349 2476 1473 2509 correxi
1495 2476 1697 2507 editionibus.

1265 2537 1377 2585 solam]
1405 2538 1461 2571 Sic
1484 2538 1596 2582 scripsi
1620 2549 1679 2582 pro
1709 2538 1795 2570 »sola
1819 2538 1890 2579 M«,
1914 2538 2001 2583 quod
2024 2538 2147 2571 eratin

1194 2602 1304 2642 editis,
1330 2613 1367 2633 ea
1393 2600 1477 2633 enlm
1499 2599 1679 2635 observatio
1699 2599 1738 2631 ad
1759 2600 1790 2633 N
1810 2600 1917 2645 potius
1938 2612 2032 2644 quam
2051 2599 2090 2631 ad
2110 2599 2145 2631 M
