2310 2860
747 161 947 205 Martiani
987 160 1186 218 Capellae
1223 161 1295 204 lib.
1319 161 1353 204 I.
1391 164 1423 215 ᾗ.
1443 163 1511 205 21.
2050 168 2106 209 57

482 270 536 311 At
565 269 776 325 praescire
806 269 894 311 deis
924 283 1116 312 vacuum
1148 278 1230 322 est,
1262 269 1471 311 cunetatio
1501 271 1619 313 nulla
1651 281 1731 325 εει,

218 386 391 434 praescire]
419 387 468 420 lta
489 389 584 421 etiam
609 388 796 430 Arnobius,
827 389 979 423 Martiani
1000 402 1100 435 popu-

143 450 238 493 laris,
277 452 330 497 (5.
361 465 391 496 p.
418 450 510 498 112)
543 453 640 485 »deos
674 465 740 485 non
767 464 856 485 csse«
887 453 1101 496 demonstrat,

1005 517 1101 550 Adde

144 589 226 622 quae
240 577 337 621 hujus
350 578 492 623 disputat
510 578 684 622 discipulus
700 578 857 622 (Lactant.
872 580 903 619 1,
922 580 938 610 1
948 578 1000 622 l),
1023 591 1100 623 quo-

151 515 224 560 nqui
250 522 384 548 ventura
414 516 598 561 praedicere
627 517 753 549 inscitia
777 517 949 549 nesciant«

144 652 214 673 rum
238 646 373 687 uterque
397 642 520 675 seilicet
545 653 603 674 sua
620 653 638 674 e
661 641 829 675 Ciceronis
849 641 888 674 de
907 641 1101 675 divinatione

143 704 225 736 libro
249 704 355 736 hahet.

217 765 298 813 defs]
320 767 427 800 Grotii
445 766 542 800 liber:
561 765 626 800 ”At
638 768 729 801 nobis
748 767 907 813 praescire
926 780 1094 800 vaenum«

143 850 191 856 --
216 830 255 863 In
279 843 337 873 eo,
372 843 447 880 quq
457 843 518 864 nos
541 832 593 864 usi
619 843 746 864 sumusz
769 831 837 864 «At
852 832 1012 876 praescire
1035 832 1101 863 dct's

139 894 237 939 facile
267 901 344 927 est.«
387 895 487 939 Quod
515 901 551 927 ut
582 907 599 927 a
626 896 735 937 glossa
766 907 837 927 esse
875 908 940 927 non
978 895 1099 935 dubito,

143 956 187 988 ita
214 962 293 1002 puto
327 956 513 989 varietatem
546 957 694 989 lectionis
726 957 862 1001 scriptae
898 959 958 988 hoe
986 957 1102 996 sacci-e,

145 1023 180 1050 ut
201 1018 336 1064 Capella
361 1018 453 1050 aliter
481 1031 576 1063 quam
598 1019 631 1050 in
657 1024 795 1062 utroque
820 1031 905 1050 nune
933 1018 975 1049 sit
1002 1018 1100 1061 scrip-

143 1079 225 1112 sisse
243 1080 421 1113 credendus
437 1079 487 1112 sit.
507 1079 612 1122 Lege:
633 1079 698 1111 »At
714 1081 874 1124 praescire
893 1080 961 1111 deis
975 1078 1102 1122 factum

143 1148 218 1175 est«
253 1142 361 1176 Aeute
381 1143 442 1184 ita,
470 1155 530 1175 nec
554 1143 697 1175 dubitem
716 1143 793 1186 quin
812 1155 905 1183 vere,
940 1154 1006 1174 non
1034 1147 1100 1173 tur-

142 1207 220 1238 bant
242 1207 409 1251 sequentia
432 1218 580 1251 quoque,
612 1218 684 1238 cuin
711 1207 849 1250 excipiat
877 1207 955 1237 deus
979 1206 1040 1236 iste
1065 1217 1100 1236 se

144 1281 210 1302 non
233 1270 273 1302 de
299 1271 441 1315 perfecta
465 1270 677 1315 praescientia
699 1271 766 1312 jain
788 1270 887 1314 loqui.
922 1269 1100 1302 Confirmat

143 1330 228 1362 belle
266 1332 353 1375 quod
390 1332 557 1375 sequitur:
589 1350 637 1355 —
681 1332 860 1364 »cunctatio
894 1331 984 1362 nulla
1014 1336 1092 1363 estu<

145 1391 270 1423 ΒΛιιτιι.
292 1392 429 1435 (advers.
448 1404 479 1435 p.
495 1392 582 1435 847)
599 1410 647 1415 —
663 1392 745 1424 Viro
764 1393 859 1424 docto
878 1392 1026 1435 equidem
1050 1403 1099 1423 as-

145 1453 257 1485 sentiri
280 1464 406 1497 nequeo
431 1452 473 1496 (v.
494 1458 604 1492 notas,
636 1464 718 1496 quae
740 1452 947 1496 sequuntur):
973 1452 1031 1483 sed
1055 1452 1100 1482 le·

145 1515 284 1548 ctionem
309 1515 376 1546 deis
398 1513 511 1557 probo.
541 1513 635 1544 Licet
660 1513 745 1544 enim
767 1525 833 1545 non
849 1513 956 1545 Grotii
977 1517 1101 1543 tantum

145 1577 264 1615 codex,
294 1575 351 1607 sed
377 1574 492 1607 Vossii
521 1574 616 1605 etiam
638 1573 809 1617 (Arntzen.
835 1573 923 1604 misc.
948 1586 979 1616 p.
1002 1572 1100 1614 202),

144 1639 336 1682 Bongarsii,
363 1637 482 1680 Hugii,
507 1637 720 1678 Dresdensis,
745 1635 961 1676 Basileensis,
986 1636 1100 1666 Dariu-

147 1703 311 1736 stattensis
329 1708 361 1734 et
375 1703 588 1735 Monacenses
605 1701 657 1746 (B.
667 1700 756 1734 D.E.
766 1699 820 1744 G.)
838 1700 976 1732 habeant
992 1698 1102 1737 nobi55

146 1773 281 1801 metrum
306 1772 411 1798 tamen
434 1766 540 1810 poscit
566 1766 641 1798 deis.

219 1844 359 1865 vacnum
376 1829 437 1876 est]
464 1831 515 1862 De
538 1830 598 1861 diis
615 1829 660 1861 ita
676 1828 831 1862 Ovidiusz
849 1846 897 1851 —
918 1825 1103 1871 »Quicquid

149 1895 256 1939 superi
280 1895 427 1935 voluere,
461 1900 628 1938 peractum
663 1898 741 1924 cst.«
796 1890 852 1923 An
873 1891 962 1932 leges
989 1889 1103 1921 melius

148 1959 181 1991 in
194 1958 327 2003 Capella
342 1958 382 1989 ad
393 1958 561 2000 juncturas
576 1962 719 1988 veterum
740 1954 918 1987 literarum:
930 1972 978 1977 —-
994 1962 1103 1997 »prae-

149 2022 230 2054 scire
252 2021 321 2053 deis
343 2027 450 2053 actum
468 2026 544 2053 est«
568 2020 693 2051 Bima.
714 2037 761 2042 -—
777 2019 927 2050 Vacuum
950 2022 998 2048 est
1020 2016 1105 2058 glos-

151 2096 203 2116 sas
221 2082 424 2127 interpretari
441 2093 625 2114 eoncessum
644 2087 691 2113 est
710 2080 820 2113 scribit
838 2079 983 2119 Grotius,
1005 2078 1103 2109 idem-

151 2159 214 2192 que
246 2152 383 2179 testatur
416 2146 611 2179 Munckerus
647 2145 688 2176 ad
717 2143 881 2186 Fulgentii
917 2142 1048 2186 mythol.
1079 2141 1104 2173 I.

151 2224 183 2256 p.
210 2212 282 2244 596
311 2210 360 2242 ad.
390 2209 531 2250 stas-en,
567 2209 622 2240 ubi
644 2208 736 2253 plura
767 2208 807 2239 de
828 2208 890 2239 hoe
917 2206 1104 2248 significatu.

153 2287 201 2296 -’-
229 2273 356 2305 Versus
382 2276 523 2311 constat,
562 2270 590 2301 si
614 2282 753 2301 vacuum
778 2269 814 2300 fit
836 2268 1046 2312 bisyllabum,
1075 2271 1107 2297 et

154 2333 196 2365 ita
220 2334 378 2377 posterior
401 2333 523 2377 syllaba
547 2332 686 2364 eliditur.
732 2331 880 2362 Vae-uum
901 2341 1028 2374 expono
1050 2339 1108 2373 per

156 2397 283 2435 inutile,
306 2397 524 2435 temerarium,
546 2401 578 2427 et
597 2407 733 2426 vamum
749 2394 812 2426 vid.
827 2394 937 2425 Barth.
952 2393 992 2424 ad
1011 2392 1107 2425 Clau-

157 2456 240 2489 dian.
268 2456 302 2488 in
326 2458 434 2489 Rufin.
464 2458 479 2489 1
496 2480 506 2498 ,
534 2459 589 2489 15.
609 2469 704 2501 quem
725 2456 832 2489 locutu
857 2461 986 2486 notasse
1013 2454 1109 2486 etiam

158 2520 250 2552 video
268 2519 511 2564 VVopkensium
535 2520 568 2552 in
596 2521 719 2552 observ.
742 2520 830 2551 misc.
854 2520 887 2559 7,
910 2519 943 2550 2.
968 2531 998 2562 p.
1012 2518 1108 2557 2053

160 2582 240 2614 adde
263 2581 400 2614 eundem
420 2581 460 2612 ad
483 2580 594 2614 Sedul.
616 2583 657 2622 4,
683 2583 763 2614 117.
791 2581 884 2625 Quae
903 2585 935 2612 et
951 2579 1032 2612 ratio
1051 2584 1111 2619 est,

1153 389 1240 434 quod
1272 389 1392 422 librarii
1421 390 1606 434 frequenter
1641 392 1721 424 lianc
1753 402 1865 423 vocem
1899 403 1970 424 cuni
2001 403 2107 424 vanus

1152 451 1363 491 confundant,
1401 457 1437 482 ut
1467 452 1511 483 ibi
1538 452 1682 492 ostendi,
1715 452 1888 496 eademque
1918 453 2106 495 significatio

1152 518 1201 545 est
1218 513 1250 545 in
1265 513 1390 546 Gracco
1405 509 1525 552 κενὸς.
1541 511 1668 545 Aelian.
1683 525 1746 545 var.
1766 515 1800 554 2,
1829 514 1891 545 12:
1911 514 1964 554 εἰς
1982 512 2104 558 κενὸν,

1152 573 1214 611 διὰ
1243 575 1357 622 κενῆς
1388 577 1475 620 (Bos
1500 577 1539 607 ad
1568 576 1660 620 epist.
1686 578 1717 609 1.
1741 577 1781 609 ad
1804 578 1949 609 Thessal.
1975 579 2017 617 5,
2053 577 2106 620 5),

1152 638 1389 684 κενεαυχέες
1416 640 1501 683 apud
1526 640 1659 672 Ilonier.
1676 640 1713 671 Il.
1742 641 1782 674 θ.
1803 641 1877 673 250
1903 640 2035 673 Scholia
2053 652 2106 671 ex-

1152 709 1277 747 ponunt
1291 714 1348 746 per
1365 700 1456 737 κενά
1478 697 1539 736 καὶ
1559 700 1702 746 μάταια
1720 700 1982 747 καυχώμενοι.
2010 703 2108 736 Adde

1151 766 1236 798 Pric-
1261 765 1301 797 ad
1326 765 1417 809 epist.
1440 766 1469 796 l.
1497 766 1536 797 ad
1553 765 1692 798 Timon..
1709 767 1750 806 G,
1778 766 1835 797 20.
1862 767 1986 798 Eodem
2010 778 2107 798 sensu

1152 827 1332 874 διακενῆς
1356 829 1521 872 Hesychio
1541 828 1682 860 restituit
1705 829 1899 861 Munclaerus
1923 829 1962 860 ad
1986 828 2108 861 Anton.

1151 891 1258 922 Liber.
1276 902 1301 922 c.
1320 890 1352 922 6.
1381 903 1412 933 p.
1430 890 1489 921 49.
1517 889 1685 922 Sententia
1708 890 1750 921 ita
1772 889 1921 921 Martiani
1942 892 2020 922 haec
2042 895 2107 922 est:

1159 951 1350 984 »Consultct
1373 951 1507 982 mortale
1530 963 1630 992 genus
1656 951 1689 982 iu
1710 951 1805 982 rebus
1832 951 1954 991 dubiis,
1990 957 2021 982 et
2048 963 2106 994 spe

1152 1015 1290 1055 incerta,
1325 1014 1418 1045 nobis
1442 1019 1548 1045 tamen
1571 1014 1773 1046 temerarium
1801 1019 1850 1045 est
1874 1026 1910 1046 ea
1936 1014 2107 1058 praescire,

1152 1087 1233 1119 quae
1265 1075 1314 1107 his
1342 1075 1375 1106 in
1406 1076 1503 1107 rebus
1529 1075 1659 1107 incertis
1683 1076 1791 1107 sutura
1821 1080 1922 1107 sunt«
1969 1074 2108 1116 Egregie

1151 1138 1313 1181 conspirat
1338 1138 1499 1171 Minucius
1518 1138 1611 1169 Felix
1635 1138 1748 1170 Octav.
1773 1151 1804 1182 p.
1827 1139 1895 1170 59:
1920 1137 1983 1170 »Ut
2003 1149 2108 1181 neque

1151 1213 1232 1245 quae
1252 1213 1349 1244 supra
1367 1213 1427 1232 nos
1452 1201 1543 1232 coelo
1569 1213 1725 1245 suspensa
1743 1200 1868 1232 sublata
1893 1206 1978 1241 sunt,
2003 1212 2109 1244 neque

1151 1277 1233 1308 quae
1250 1264 1331 1295 infra
1354 1270 1469 1295 terrain
1486 1264 1644 1308 profunda
1668 1264 1812 1295 demersa
1837 1269 1929 1304 sunt,
1949 1269 2004 1295 aut
2027 1263 2109 1296 scire

1151 1325 1193 1357 sit
1228 1325 1354 1366 datum,
1388 1331 1442 1357 aut
1476 1325 1610 1359 scrutari
1639 1325 1845 1369 permissum,
1885 1330 1939 1356 aut
1971 1324 2109 1368 stuprari

1151 1388 1253 1434 [leget
1272 1388 1440 1434 sciscitari]
1458 1389 1644 1430 religiosum
1660 1407 1708 1413 —--
1723 1388 1848 1421 eoelum
1864 1388 1968 1433 ipsum
1992 1393 2023 1420 et
2040 1388 2109 1432 ipsa

1152 1452 1257 1483 sidera
1283 1452 1395 1483 audaci
1423 1452 1596 1495 cupiditate
1622 1452 1903 1483 transcendimus«
1943 1450 2107 1483 ΑΚΝ-ΤΗΝ.

1152 1514 1252 1557 (mise.
1276 1526 1306 1557 p.
1328 1513 1424 1556 205).
1443 1532 1491 1537 --
1524 1514 1622 1544 Haud
1647 1514 1795 1556 equidem
1817 1526 1919 1555 nego,
1949 1514 1992 1545 ita
2015 1514 2107 1545 intel-

1150 1574 1207 1615 ligi
1224 1586 1335 1605 vocem
1350 1587 1485 1605 vacuum
1502 1586 1608 1617 posse,
1626 1573 1720 1604 immo
1740 1574 1856 1605 debere
1873 1574 1942 1605 aliis
1959 1573 1991 1604 in
2009 1573 2108 1613 locis13

1153 1636 1210 1666 sed
1232 1638 1293 1667 hoe
1312 1636 1462 1667 Martiani
1486 1636 1558 1667 loco
1585 1636 1618 1666 iu
1644 1647 1772 1667 sensum
1795 1642 1997 1680 mentemque
2022 1635 2109 1667 docti

1154 1711 1230 1730 sane
1252 1698 1422 1730 Arntzenii
1444 1699 1561 1730 intrare
1582 1710 1726 1742 nequeo,
1755 1699 1833 1743 quin
1855 1699 1963 1742 potius
1982 1699 2109 1740 glossae

1152 1760 1254 1794 veteri
1280 1760 1457 1792 subscribo.
1506 1760 1700 1792 Concessum
1728 1760 1877 1792 nimirum
1903 1760 2033 1792 cuilibet
2060 1766 2110 1792 est

1153 1838 1221 1858 rein
1241 1837 1397 1870 occupare
1424 1835 1613 1870 possessore
1636 1836 1773 1856 vacuam
1791 1823 1925 1867 (Justin.
1943 1823 2000 1864 19,
2023 1825 2058 1863 5,
2076 1824 2109 1854 (3.

1154 1890 1214 1928 51,
1237 1889 1271 1928 5,
1296 1887 1330 1918 2.
1351 1886 1485 1928 Cio-„dc
1515 1891 1592 1918 orat.
1612 1887 1647 1926 5,
1671 1882 1751 1929 51),
1781 1896 1918 1928 eumque
1943 1885 2005 1916 hoe
2037 1883 2110 1915 loco

1154 1963 1264 1984 verum
1281 1950 1370 1983 verbi
1388 1963 1527 1982 vacuum
1541 1961 1672 1982 sensum
1691 1961 1773 1990 esse,
1794 1961 1834 1981 ex
1852 1948 1916 1980 illis
1935 1959 2017 1992 quae
2030 1947 2111 1978 infra

1153 2015 1304 2057 leguntur
1327 2014 1469 2059 »superis
1484 2013 1644 2058 praescire
1667 2013 1797 2046 clatum«
1829 2011 1958 2044 omnino
1983 2010 2110 2053 colligo.

1155 2077 1232 2109 Pari
1262 2088 1361 2108 sensu
1386 2075 1577 2117 Fulgentius
1601 2075 1711 2119 (myth.
1734 2087 1764 2119 p.
1790 2074 1814 2105 2
1830 2072 1973 2116 Munck.)
1999 2083 2111 2104 vocem

1156 2140 1336 2184 usurpavit:
1355 2140 1483 2171 »Vacat
1504 2138 1690 2183 potentibus
1710 2140 1906 2182 opprimere,
1923 2157 1970 2162 —
1986 2135 2111 2168 miseris

1153 2203 1258 2247 flere«
1292 2201 1406 2246 Neque
1421 2200 1552 2232 serioris
1568 2205 1691 2232 tautum
1709 2199 1778 2231 aevi
1794 2198 2003 2244 scriptoribus
2024 2198 2111 2228 illam

1156 2265 1351 2297 locutionem
1393 2264 1543 2296 usitatam
1580 2263 1681 2295 fuisse
1719 2263 1810 2295 testis
1855 2267 1906 2294 est
1935 2260 2110 2295 Sallustius

1157 2329 1279 2373 (fragm.
1305 2328 1378 2359 hist.
1405 2329 1436 2359 1.
1460 2340 1490 2371 p.
1508 2328 1580 2359 955
1600 2326 1706 2370 Cort.)
1732 2325 1890 2357 scribens:
1914 2323 2110 2356 «simultates

1160 2402 1307 2422 exercere
1329 2402 1468 2422 vacuum
1486 2388 1574 2420 suit«
1603 2389 1711 2432 Quem
1729 2387 1870 2419 imitatur
1885 2385 1985 2418 Tacit.
2006 2381 2109 2414 annal.

1162 2455 1219 2489 171.
1237 2454 1302 2486 28:
1322 2459 1413 2485 »ante
1431 2464 1570 2485 vacnum
1585 2452 1618 2483 id
1635 2452 1837 2494 solutumque
1854 2459 1955 2492 poena
1970 2446 2110 2485 fuel-atq

1161 2522 1193 2547 ct
1210 2515 1282 2547 hist.
1297 2516 1329 2547 2.
1344 2517 1392 2547 58
1404 2529 1412 2545 ε
1437 2514 1587 2546 »aemulis
1606 2513 1737 2545 urbibus
1751 2510 1867 2543 excisis
1885 2518 2012 2541 securas
2031 2518 2108 2551 opes

1163 2578 1387 2623 concupiscere
1408 2589 1546 2610 vacumn.
1562 2575 1649 2608 suit.«

1684 2635 1707 2665 8
