2310 2860
113 319 165 362 12
196 337 383 378 congrua
413 329 669 376 personaret.

192 137 257 179 44

785 131 984 174 Martiani
1023 129 1223 186 Capellae
1257 129 1328 171 lib.
1357 129 1390 171 Ι.
1429 133 1461 182 §.
1489 130 1556 171 12.

189 242 253 284 Ita
282 242 428 292 fiebat,
460 250 508 281 ut
536 253 689 280 nemus
720 239 828 280 illud
857 237 1130 279 harmoniam
1161 244 1291 276 totam
1323 250 1621 292 superumque
1653 252 1826 278 carmen
1855 237 2145 280 modulatione

740 319 870 370 Quod
901 318 1077 375 quidem
1110 325 1348 371 exponente
1379 314 1572 370 Cyllenio
1602 317 1752 359 Virtus
1783 317 1972 370 edidicit,
2013 319 2143 360 etiam

188 402 233 444 in
263 401 379 441 coelo
417 399 539 440 orbes
578 400 703 455 parili
742 400 904 441 ratione
943 408 1016 440 aut
1052 406 1279 438 concentus
1318 396 1444 438 edere
1483 407 1555 438 aut
1594 400 1861 441 succentibus
1904 401 2145 442 convenire.

189 483 280 524 Nec
304 481 488 531 mirum,
520 479 637 535 quod
660 481 866 536 Apollinis
899 480 1004 521 silva
1028 481 1084 521 ita
1106 488 1198 521 rata
1223 477 1536 519 modificatione
1563 490 1834 534 congrueret,
1875 495 2016 536 quum
2040 481 2146 522 coeli

191 575 367 618 quoque
389 561 512 602 orbes
542 560 657 602 idem
679 561 827 602 Delius
857 560 1103 602 moduletur
1134 561 1177 598 in
1202 557 1318 598 Sole:
1346 558 1534 613 hincque
1565 573 1656 599 esse
1687 559 1804 613 quod
1826 560 1910 601 illic
1935 560 2147 610 Phoebus,

186 751 282 782 habet
303 752 336 783 in
359 762 394 783 se
417 756 520 784 totum
545 764 730 794 numerum,
764 753 896 798 insuper
923 759 955 785 et
976 753 1044 795 ejus
1076 763 1140 783 me-

186 812 354 852 dictatem3
378 818 415 843 ut
437 819 513 845 sunt
529 819 594 845 tres
611 815 650 846 ad
669 815 741 846 duo.
779 815 939 858 Diapente
960 826 1037 847 vero
1058 826 1140 857 sym-

184 874 303 917 phonia
318 879 384 914 cst,
408 874 536 918 quando
553 887 617 906 vox
634 876 780 907 voculam
799 881 898 907 totam
914 876 962 907 sui
980 875 1143 919 praecedit

185 935 361 978 quantitate
388 941 420 966 ct
444 935 575 979 insuper
602 942 770 979 superatae
789 937 877 967 vocis
898 937 1086 968 mcdictatae
1105 935 1140 980 (!)

185 996 251 1028 sive
275 997 309 1028 in
334 997 498 1036 acumine,
522 996 640 1027 sivein
660 997 823 1038 gravitate.
842 1018 888 1022 —
922 997 1141 1042 Sexquitertia

183 1059 360 1103 propositio
383 1064 432 1091 est
454 1059 487 1091 in
509 1059 724 1100 arithmetica,
753 1073 835 1104 quae
860 1061 894 1092 in
920 1061 1042 1093 musica
1064 1060 1139 1092 dici-

181 1128 234 1153 tur
258 1123 458 1154 diatessaron
489 1124 687 1167 symphonia.
721 1123 784 1155 Est
806 1130 911 1156 autem
937 1124 1141 1168 sesquitertia

179 1186 366 1230 proportio,
396 1187 525 1230 quando
547 1187 650 1229 major
672 1199 823 1218 numerus
849 1188 945 1218 habet
967 1188 1000 1218 in
1029 1199 1063 1218 sc
1084 1187 1141 1217 mi-

179 1259 292 1279 norem
319 1252 352 1279 et
378 1247 449 1289 ejus
473 1248 599 1279 tertiam
622 1253 762 1291 partem,
790 1253 825 1279 ut
851 1254 926 1280 sunt
945 1249 995 1281 IV
1017 1248 1056 1279 ad
1080 1248 1139 1279 ΠΙ.

179 1310 392 1342 Diatessaron
415 1311 603 1354 symphonia
625 1317 685 1351 est,
710 1311 838 1355 quando
865 1323 928 1343 vox
946 1324 1057 1344 vocem
1073 1317 1141 1344 tota

180 1378 311 1417 superat
345 1372 395 1404 sui
428 1373 603 1416 quantitate
633 1377 665 1404 et
693 1373 762 1414 ejus
792 1373 923 1417 iusuper
951 1380 1074 1418 partem
1105 1373 1139 1405 in

178 1436 334 1476 acumine,
355 1441 391 1467 ut
407 1435 526 1468 dietum
545 1441 612 1475 cst,
636 1436 690 1467 vel
708 1436 870 1477 gravitate.
887 1455 934 1460 —
960 1437 1138 1480 Epogdous

179 1498 213 1530 in
238 1496 453 1536 arithmetica,
483 1502 580 1528 tonus
599 1496 714 1528 dicitur
736 1496 770 1527 in
793 1497 922 1528 musica.
948 1497 1012 1528 Est
1033 1502 1139 1529 autem

179 1559 361 1602 epogdous,
384 1558 513 1602 quando
542 1558 644 1599 major
665 1569 818 1590 numerus
845 1559 941 1589 habet
963 1558 997 1590 in
1026 1570 1060 1589 se
1081 1559 1137 1590 mi-

177 1634 290 1655 norem
314 1627 346 1653 ct
367 1621 436 1662 ejus
457 1626 600 1652 octavam
621 1626 764 1664 partem,
789 1626 825 1651 ut
844 1621 892 1651 IX
914 1621 953 1652 ad
971 1621 1062 1652 VIII.
1088 1642 1136 1645 -—

178 1683 358 1717 Semitonia
377 1683 452 1713 lima
468 1681 551 1724 (lege
567 1682 694 1712 leimma
714 1681 766 1712 vel
781 1681 901 1725 limma)
925 1693 1047 1723 graece.
1076 1681 1135 1714 Se-

177 1747 345 1779 mitonium
364 1757 420 1777 eur
437 1745 540 1775 media
561 1756 636 1788 pars
653 1744 750 1775 diesis
768 1744 892 1775 dicitur.
923 1745 1015 1777 Hace
1034 1745 1140 1776 omnia

178 1810 304 1855 poctica
325 1809 358 1840 in
381 1819 511 1840 nemore
533 1806 698 1851 Apollinis
726 1808 889 1848 finguntur
908 1807 1027 1848 fuisse,
1065 1808 1140 1851 quia

179 1872 248 1917 ipse
270 1876 320 1902 est
341 1870 523 1902 moderator
545 1869 686 1900 musicae
711 1868 890 1900 eoelestis«

255 1946 368 1966 nemus
394 1931 488 1978 illud]
525 1932 662 1964 Dixerat
691 1932 785 1963 etiam
814 1930 982 1963 Arnohius
1020 1931 1078 1975 (L.
1104 1933 1138 1964 5.

179 2009 210 2040 p.
236 1996 339 2039 112)=
362 1994 465 2027 »Sunt
485 1993 520 2025 in
548 1994 682 2026 sidereis
714 1993 854 2024 motibus
885 1993 939 2037 (al.
963 1992 1138 2037 montibus)

179 2059 298 2099 silvae,
326 2063 401 2089 sunt
422 2058 542 2098 lustra,
581 2062 656 2088 sunt
679 2068 828 2088 nemora«
856 2062 915 2089 cet.

255 2120 469 2151 nzodulatione
485 2117 642 2163 conyrua]
666 2118 695 2149 E
711 2118 875 2151 codicibus
888 2118 1138 2150 Monacensihus

180 2183 221 2216 B.
243 2183 284 2214 D.
309 2182 362 2226 E.)
385 2188 417 2213 ct
440 2182 620 2213 Drcsdensi
650 2183 732 2214 hanc
756 2181 926 2214 lectionem
950 2181 1057 2224 recepi
1078 2193 1137 2226 pro

182 2256 221 2277 eo
243 2243 329 2288 quod
352 2243 517 2284 legebatur
533 2243 804 2274 »modulationum
827 2243 1062 2285 congruentiam

257 2306 353 2337 etiam
372 2306 407 2335 in
430 2302 529 2348 coelo]
557 2303 651 2335 Cous.
671 2303 834 2335 Heraelid.
857 2303 949 2345 alleg.
971 2304 1068 2335 Hom.
1088 2302 1138 2335 cd.

184 2367 257 2401 Gal.
279 2380 311 2411 p.
326 2367 409 2398 425.
443 2366 511 2398 Cic.
535 2378 635 2398 somn.
654 2366 741 2410 Scip.
760 2371 793 2398 et
816 2366 957 2399 Maeroh.
976 2366 1077 2399 Gonz.
1090 2385 1137 2390 —

183 2428 342 2462 Permulti
368 2428 407 2459 de
437 2428 643 2471 sphaerarum
666 2428 829 2459 harmonia
854 2428 979 2459 laudari
1000 2434 1140 2473 possunt

186 2493 357 2537 scriptores
381 2490 462 2535 (Cic.
485 2490 580 2522 divin.
602 2492 634 2531 1,
658 2492 691 2522 5.
713 2490 753 2522 Ν.
769 2491 809 2521 D.
833 2492 868 2531 5,
897 2493 952 2523 11.
971 2492 1057 2525 Max.
1073 2492 1139 2536 Ty-

186 2556 253 2588 rius
267 2555 310 2589 11.
335 2567 367 2600 p.
380 2555 462 2588 206.
481 2554 565 2588 207.
583 2552 693 2589 Reisk.
716 2554 797 2586 conf.
816 2559 915 2586 nostr.
935 2554 964 2600 §.
979 2555 1050 2600 27).
1070 2555 1134 2590 Co-

109 644 162 685 15
192 653 232 684 et
252 643 323 684 hic
348 643 555 685 vocitetur
574 643 848 685 Auricomus.
880 644 994 685 Nam
1018 639 1126 683 Solis
1152 648 1380 693 augustum
1409 647 1536 693 caput
1558 638 1686 679 radiis
1708 640 1934 694 perfusum
1960 641 2148 682 circum—

1192 747 1315 792 piosius
1335 748 1375 778 dc
1400 758 1438 778 ea
1462 746 1538 778 alibi
1563 746 1638 790 (pal.
1664 758 1706 778 cr.
1730 747 1790 778 ΠΙ.
1813 746 1951 790 §.2511
1973 748 2060 793 259)
2087 748 2147 790 egi.

1192 810 1287 841 Plato
1311 809 1364 853 (R.
1385 809 1423 839 P.
1449 809 1503 839 10.
1524 820 1554 851 p.
1572 809 1646 839 (317
1667 807 1793 851 Steph.)
1829 807 1980 840 Sirenum
1998 821 2058 852 ope
2076 821 2147 841 cam

1193 873 1301 916 perfici
1330 873 1482 911 finxerat,
1519 871 1670 911 vocibus,
1705 875 1741 901 ut
1769 871 1910 912 videtur,
1947 869 2090 918 Σειρὴν
2115 878 2149 904 et

1193 931 1300 980 ὄειρὰ
1320 934 1446 973 ludens,
1467 938 1502 963 ut
1522 944 1640 963 nexum
1658 932 1743 963 inter
1762 933 1857 963 orbes
1875 933 2034 965 coelestes
2052 934 2148 966 simul

1192 998 1394 1041 exprimeret.
1437 997 1653 1038 Pythagoram
1684 1007 1753 1027 eam
1779 996 1938 1028 audivisse
1967 997 2149 1029 fabulantur

1191 1058 1398 1102 Pythagorici
1425 1057 1556 1101 (Jambl.
1582 1057 1615 1089 in
1641 1057 1695 1089 vit.
1720 1057 1790 1099 ejus
1819 1059 1875 1093 15.
1905 1071 1936 1102 p.
1958 1060 2004 1090 55
2028 1058 2148 1103 Rasa).

1192 1122 1346 1154 Ceterum
1376 1121 1521 1153 codicum
1544 1121 1827 1160 Darmstattensis,
1861 1121 2147 1162 Reichenauensis⁷

1190 1182 1389 1214 Basileensis
1415 1187 1447 1213 et
1466 1182 1639 1223 Bongarsii
1660 1181 1755 1214 lectio
1777 1183 1907 1214 edidicit
1933 1183 2062 1215 omnino
2083 1195 2147 1215 me·

1189 1244 1252 1276 lior
1278 1249 1345 1284 est,
1374 1256 1468 1287 quam
1497 1244 1583 1287 quod
1609 1244 1727 1276 editum
1752 1249 1820 1275 crat
1845 1245 1949 1278 edicit.

1265 1304 1482 1350 succentibus]
1515 1304 1600 1336 Aliis
1631 1311 1800 1337 succentor
1835 1311 1920 1346 erat,
1947 1306 2003 1349 qui
2027 1306 2148 1338 cantori

1190 1369 1408 1412 respondebat
1429 1369 1606 1412 (Burmann
1626 1368 1696 1411 syn.
1719 1368 1812 1412 epist.
1829 1367 1888 1399 III.
1908 1381 1940 1412 p.
1954 1368 2052 1412 461),
2075 1382 2147 1402 con-

1190 1438 1319 1470 centor,
1361 1431 1416 1474 qui
1447 1431 1644 1462 consonabat
1680 1430 1802 1475 (Cang.
1825 1443 1903 1464 voce
1929 1432 2147 1476 Staeceenlus):

1190 1495 1237 1526 sie
1262 1496 1378 1527 chorus
1406 1494 1436 1526 ei
1462 1495 1516 1537 qui
1539 1494 1745 1536 praecinebat
1773 1492 1922 1537 (Aristot.
1957 1495 1996 1526 de
2028 1495 2147 1528 mundo

1189 1556 1235 1600 (3).
1278 1556 1399 1587 Nostro
1429 1556 1525 1587 etiam
1556 1561 1728 1587 succentus
1755 1562 1847 1597 sumt,
1878 1557 1933 1600 qui
1957 1564 2146 1600 consonant,

1188 1619 1221 1650 id
1246 1619 1333 1661 quod
1358 1631 1398 1649 ex
1425 1619 1532 1650 addito
1552 1619 1651 1650 verbo
1679 1621 1849 1651 convenire
1866 1625 1963 1663 patet.

1260 1681 1307 1710 ila
1332 1686 1406 1710 rata
1428 1678 1674 1724 vitode'ficatt’one]
1702 1680 1791 1720 Lege
1817 1683 2002 1714 »aethereae
2024 1683 2146 1716 modifi-

1191 1742 1335 1773 cationi.«
1358 1742 1486 1774 Voucu.
1512 1741 1610 1774 Absit
1638 1743 1700 1774 ista
1724 1744 1894 1776 correctio!
1922 1745 2014 1777 Bene
2038 1758 2073 1778 se
2092 1748 2145 1779 ha-

1190 1804 1244 1835 bet
1261 1810 1334 1835 rata
1352 1804 1599 1846 modificatione:
1616 1804 1690 1836 vide
1707 1816 1804 1848 supra
1821 1807 1920 1838 »ratis
1933 1810 2144 1840 succentibus.

1265 1864 1346 1910 esse]
1373 1865 1507 1898 Grotius
1523 1866 1666 1897 ediderat
1683 1872 1740 1906 est,
1765 1867 1851 1910 quod
1870 1879 1936 1899 non
1955 1869 2146 1902 cohaerebat

1190 1940 1262 1961 cum
1285 1928 1428 1972 reliquis.
1471 1927 1586 1971 Neque
1606 1927 1809 1972 probandum
1835 1935 1903 1960 erat
1926 1942 1994 1962 esse
2015 1932 2145 1971 dicitur,

1190 1990 1278 2035 quod
1295 1989 1492 2022 Arntzenius
1519 1989 1620 2034 (mise.
1648 2003 1679 2034 p.
1704 1990 1790 2034 200)
1819 1992 2036 2025 substituerat.
2080 1993 2143 2026 Su-

1188 2052 1347 2097 periorem
1371 2052 1467 2093 igitur
1488 2051 1678 2093 lectionem,
1706 2053 1871 2098 solamque
1892 2066 2013 2095 veram,
2051 2067 2068 2086 e
2091 2067 2142 2089 co-

1189 2115 1313 2147 dicibus
1327 2114 1576 2147 Monacensibus
1604 2113 1656 2158 (C.
1673 2115 1714 2145 D.
1731 2115 1771 2146 E.
1791 2114 1863 2157 G.),
1882 2116 2142 2157 Darmstattensi,

1188 2176 1388 2216 Basileensi,
1411 2175 1670 2207 Rcichenauensi
1689 2180 1721 2207 et
1744 2175 1895 2216 Ilugiano
1919 2177 2078 2209 substitui.

1262 2235 1340 2282 illic]
1366 2237 1395 2268 E
1424 2236 1588 2270 codicibus
1619 2235 1869 2269 Monacensibus
1901 2237 1953 2281 (B.
1976 2238 2015 2271 C.
2032 2239 2072 2271 D.
2088 2238 2142 2284 E.)

1187 2303 1249 2335 hoe
1272 2300 1388 2344 recepi.
1415 2301 1550 2334 Grotius
1571 2300 1709 2332 habehat
1730 2300 1790 2331 ille.

1261 2363 1468 2409 Auricomus]
1492 2363 1543 2396 Ita
1568 2363 1652 2394 enim
1674 2362 1825 2395 Valerius
1848 2363 1983 2396 Flaccus
2005 2365 2052 2409 (4,
2079 2365 2141 2409 92)

1188 2427 1322 2467 Latine,
1350 2426 1474 2459 Graece
1497 2424 1683 2459 Macrobius
1707 2424 1764 2456 sed
1790 2424 1915 2457 Latinis
1936 2425 2038 2459 literis
2059 2426 2139 2471 (Sat.

1191 2493 1223 2533 1,
1254 2489 1314 2534 17)
1339 2489 1576 2533 chrysocomes
1600 2484 1891 2534 (χρυσοκόμης).

1237 2564 1246 2573 ·
1259 2563 1336 2586 nam
1357 2550 1455 2598 Solis]
1481 2550 1567 2585 Vide
1591 2549 1631 2582 ad
1652 2551 1731 2585 haec
1745 2549 1955 2586 Macrobium.
1976 2550 2078 2586 Gaor.
2091 2569 2138 2577 -
