2310 2860
177 157 269 198 232

743 154 941 197 Martiani
983 153 1184 210 Capellae
1223 153 1294 195 lib.
1323 152 1399 195 ΙΙΙ.
1442 153 1595 206 §.Qu

180 279 336 305 nomen
365 262 603 318 adscripsit,
637 263 836 317 quamvis
861 262 1066 304 infantem
1103 276 1173 302 me
1213 261 1493 303 literationem
1526 262 1710 305 voluerit
1739 277 2004 320 nuncupare,
2035 263 2142 304 sicut

181 345 296 401 apud
338 345 523 385 Graecos
563 344 867 395 γραμματιστικὴ
912 343 1110 399 primitus
1151 341 1390 396 vocitabar3
1448 352 1550 384 tune
1595 353 1635 385 et
1684 344 1904 386 antistitem
1954 344 2068 396 dedit
2105 355 2143 386 et

179 435 400 467 sectatores
441 425 689 481 impuberes
731 424 983 481 aggregavit.

179 508 364 548 literator
407 516 527 547 antea
574 507 818 548 vocabatur.

181 597 492 628 commemorat
524 587 690 628 dicens:

1050 423 1202 478 Itaque
1234 432 1415 474 assertor
1444 423 1574 465 nostri
1606 438 1720 466 nune
1751 425 1939 468 literatus
1969 425 2144 478 dieitur,

880 506 972 548 Hoc
1012 505 1139 547 etiam
1180 504 1396 556 Catullus,
1448 505 1627 561 quidam
1672 521 1756 548 nou
1788 506 1976 557 insuavis
2007 510 2144 562 poeta,

790 667 950 710 Munus
986 667 1058 709 dat
1086 667 1161 708 tibi
1193 667 1310 722 Sylla
1344 667 1544 710 literator.

180 750 298 791 Idem
334 749 451 806 apud
487 751 673 792 Graecos
703 753 1144 803 γραμματοδιδάσκαλος
1180 748 1402 790 vocitatur.

179 909 193 924 :1
222 894 424 936 grammatico
456 907 473 927 e
497 895 626 927 serioris
652 895 721 926 aevi
750 894 959 940 scriptoribus
983 900 1072 939 patet
1095 895 1139 939 (v.

177 958 244 989 Jul.
274 957 449 1002 Capitolini
472 958 628 990 Antonin.
654 959 845 1002 philosoph.
866 959 921 990 11.
939 971 970 1003 p.
989 959 1036 991 57
1058 957 1138 991 Obr-

177 1021 308 1052 Aelium
323 1021 483 1065 Lamprid.
504 1022 536 1053 in
551 1022 729 1054 Commodo
746 1021 913 1054 Antonino
935 1023 991 1055 10.
1011 1035 1042 1067 p.
1054 1023 1138 1063 1183

178 1086 210 1116 iu
237 1084 425 1117 Alexandro
453 1085 576 1118 Severo
598 1087 633 1119 5.
656 1099 687 1129 p.
703 1086 787 1118 504.
814 1085 883 1117 Jul.
907 1085 1081 1131 Capitolia.
1106 1085 1139 1117 in

178 1148 353 1179 Maximino
370 1149 441 1190 jun.
464 1150 493 1179 1.
520 1162 550 1193 p.
570 1149 667 1191 59⁶2).

252 1209 410 1252 infantem
431 1208 500 1254 me]
527 1210 699 1242 Manifesta
723 1210 784 1242 hoc
811 1221 827 1240 a
858 1208 1005 1242 Varrone
1030 1208 1137 1249 habet,

178 1272 233 1315 qui
263 1273 360 1317 (apud
395 1272 567 1316 Augustin.
599 1273 637 1304 de
671 1273 782 1304 ordine
807 1273 847 1312 2,
878 1273 934 1304 12.
967 1272 1001 1304 iu
1033 1284 1083 1316 op.
1112 1271 1137 1304 I.

177 1347 248 1378 pag.
275 1337 348 1368 542
379 1337 479 1380 Bas.)
513 1337 750 1378 ngrammaticae
784 1336 958 1379 infantiam
985 1336 1137 1368 literatio-

178 1412 268 1430 w‘m«
302 1405 404 1431 vocat.

253 1459 577 1508 γραμματιότικὴ]
616 1461 754 1494 Codices
796 1462 923 1506 quidem
958 1461 1136 1495 Darmstat-

178 1525 293 1565 tensis,
318 1525 522 1557 Monacensis
547 1525 620 1569 (C),
649 1525 936 1568 CantabrigieusiS,
956 1531 989 1557 et
1008 1525 1136 1558 Britan-

178 1590 269 1621 nicus
305 1591 514 1633 yramruaIiee
554 1589 689 1627 lxabentg
731 1590 787 1620 sed
829 1589 989 1631 vulgatam
1021 1588 1139 1621 retinui

179 1650 367 1684 lectionem.
419 1662 553 1694 quacum
595 1649 735 1681 concinit
777 1655 809 1681 ct
847 1649 1136 1683 Reichenauensis.

179 1712 305 1744 Graeca
330 1712 385 1742 illa
418 1723 495 1743 voce
532 1712 632 1743 utitur
660 1711 781 1744 Sextus
808 1712 988 1757 Empiricus
1014 1713 1074 1757 (1,
1102 1712 1137 1744 Ξ.

179 1789 210 1818 p.
228 1776 301 1806 ‘2⁶23
320 1775 471 1819 rubria).
506 1776 599 1807 Plato
626 1788 754 1820 quoquc
778 1777 823 1820 (in
852 1778 982 1820 Protag.
1009 1790 1042 1822 p.
1062 1778 1136 1811 512

179 1838 308 1881 steph.)
335 1837 628 1885 γραμματιστὴν
652 1840 792 1883 appellat
818 1841 1039 1882 grammaticae
1060 1840 1136 1873 artis

179 1902 442 1943 ludimagistrum,
466 1903 519 1945 qui
539 1903 616 1933 alias
628 1900 1066 1948 9’ραμματοὸιὸίὲὔκαλος
1085 1916 1138 1949 ap·

181 1963 366 2006 pellabatur.
405 1963 527 1995 Confer
556 1965 685 1996 omniuo
717 1965 924 1997 WVowerium
951 1965 1137 2010 (polymatli.

181 2040 208 2059 c.
237 2028 276 2067 4,
305 2040 334 2070 p.
362 2027 409 2058 ‘27
435 2027 558 2070 sequ),
590 2028 767 2059 Heraldum
798 2028 982 2072 (observat.
1009 2031 1042 2069 7,
1073 2030 1139 2071 253

181 2104 210 2134 p.
227 2090 326 2133 (308),
353 2090 509 2122 Solanum
524 2091 578 2133 (ad
598 2092 728 2124 Lucian.
747 2092 786 2123 de
802 2105 895 2125 mere.
911 2093 1004 2125 cond.
1021 2093 1058 2125 T.
1079 2093 1138 2131 III,

181 2166 210 2197 p.
231 2154 301 2186 5⁶25
325 2153 415 2197 Rip.)
433 2160 463 2184 ct
490 2154 693 2186 Classeuium
716 2155 768 2199 (dc
795 2156 886 2200 prim.
911 2168 1040 2198 gramm.
1071 2158 1138 2199 gn).

255 2215 440 2262 sectatores]
468 2217 643 2259 Distinguit
669 2230 724 2250 cos
749 2218 925 2251 Suetonius
952 2232 970 2252 a
998 2220 1140 2264 discipu-

182 2279 239 2316 lis.
271 2279 430 2310 scribens:
454 2279 598 2310 »Marcus
633 2279 785 2312 Yalerius
818 2281 946 2313 Probus
981 2294 1047 2314 non
1077 2287 1141 2313 tam

182 2340 373 2384 discipulos,
409 2352 504 2384 quam
535 2347 708 2372 sectatores
740 2341 863 2385 aliquot
892 2343 1012 2375 habuit.
1051 2343 1140 2376 Nun-

182 2417 277 2447 quam
302 2406 385 2436 enim
411 2403 454 2434 ita
479 2403 603 2443 docuit,
632 2410 666 2435 ut
691 2405 832 2446 magistri
850 2418 1021 2450 personam
1046 2408 1139 2439 susti-

183 2473 290 2498 neretu
316 2467 445 2509 (illustr.
464 2478 593 2509 gramm.
614 2467 728 2509 extr.)3
753 2469 812 2500 hoe
835 2474 939 2502 tamen
959 2470 1142 2503 loco-iidem

183 2541 253 2559 eum
276 2528 440 2572 discipulis
465 2540 535 2560 esse
557 2528 713 2561 videntur.

259 2588 424 2635 literatus]
453 2588 628 2625 Suetonius
657 2591 716 2632 (dc
740 2590 785 2622 ill.
811 2603 938 2634 gramm.
964 2593 1022 2634 4);
1057 2593 1146 2637 ’‘Al“

1189 895 1320 940 pellatio
1351 896 1628 939 grammaticorum
1653 895 1777 929 Graeca
1802 895 2034 928 consuetudine
2061 895 2148 927 inva-

1189 960 1266 991 luit:
1290 960 1347 991 sctl
1378 959 1469 991 initio
1495 961 1616 992 literati
1634 961 1839 992 vocabantur.
1866 960 2039 992 Cornelius
2067 971 2146 1004 quo-

1190 1034 1252 1066 que
1275 1021 1386 1066 Nepos
1418 1022 1450 1053 iu
1480 1022 1609 1062 libello,
1639 1034 1702 1065 quo
1731 1022 1897 1064 distinguit
1919 1023 2082 1053 literatum
2108 1021 2147 1052 ab

1190 1085 1333 1125 erudito,
1373 1086 1516 1118 literatos
1547 1086 1675 1130 quidem
1701 1086 1797 1127 vulgo
1829 1085 1983 1129 appellari
2012 1085 2054 1116 ait
2077 1096 2145 1123 (ξος,

1190 1149 1244 1193 qui
1268 1149 1387 1192 aliquid
1416 1147 1585 1190 diligenter
1617 1155 1648 1180 et
1674 1155 1764 1181 acute
1791 1149 1992 1193 scienterque
2022 1148 2148 1192 possint
2176 1139 2182 1145 ⁸

1189 1218 1243 1244 aut
1274 1212 1378 1244 dicere
1413 1218 1466 1243 aut
1494 1212 1662 1245 scriberem
1707 1212 1806 1256 Apud
1833 1218 1978 1244 nostrum
2005 1211 2148 1244 inferiori

1188 1274 1261 1306 loco
1281 1273 1324 1318 (ξ.
1341 1274 1428 1316 251)
1448 1274 1685 1307 Grammatiea=
1710 1273 1822 1314 nsum,
1846 1273 1961 1317 inquit,
1981 1273 2146 1305 literatura

1189 1338 1259 1381 ipsa
1285 1349 1366 1381 quae
1396 1338 1514 1377 doceo;
1556 1338 1705 1369 literatus
1723 1349 1817 1381 quem
1841 1337 2009 1369 docum-om
2044 1335 2148 1369 Addit

1189 1400 1384 1434 Suetonius:
1409 1400 1513 1434 »Sunt
1536 1401 1591 1446 qui
1618 1402 1780 1433 literatum
1807 1413 1824 1432 a
1848 1402 2011 1433 literature
2036 1400 2146 1433 distin-

1189 1471 1305 1508 guant,
1336 1470 1371 1496 ut
1396 1464 1514 1498 Graeci
1535 1467 1780 1509 9mmmaticum
1809 1477 1825 1496 a
1847 1466 2087 1509 9²*arrtnzatista3
2113 1470 2146 1496 et

1189 1528 1279 1559 illum
1311 1527 1441 1571 quidem
1468 1527 1633 1566 absolute,
1666 1528 1750 1558 hunc
1784 1526 1985 1558 mediocriter
2016 1526 2145 1558 doctum

1190 1589 1383 1621 existiment.
1423 1587 1584 1620 Orbilium
1611 1588 1696 1633 apud
1719 1588 1873 1631 majores,
1900 1588 1958 1629 ait,
1985 1600 2083 1632 quum
2101 1588 2146 1620 sa-

1189 1650 1275 1682 mssia
1311 1649 1445 1691 alicujus
1477 1650 1600 1682 venalis
1636 1650 1883 1693 produceretur,
1930 1662 1994 1682 non
2025 1656 2145 1684 temere

1189 1724 1285 1756 quem
1302 1712 1465 1743 literatum
1484 1711 1517 1743 in
1537 1711 1642 1752 titulo,
1662 1712 1718 1743 sed
1736 1713 1929 1744 moratorem
1947 1713 2077 1744 inscribi
2095 1724 2145 1745 so-

1188 1774 1279 1806 litum
1304 1785 1391 1813 csse,
1429 1773 1521 1816 quasi
1547 1785 1613 1805 non
1639 1775 1815 1817 perfectum
1844 1774 1963 1815 literis,
2000 1775 2058 1807 sed
2088 1775 2144 1808 im-

1189 1836 1329 1868 butum«
1373 1834 1500 1867 Gellius
1526 1834 1611 1878 (16,
1639 1836 1681 1878 G)
1708 1836 1907 1880 »quempiam
1932 1836 2059 1879 linguae
2084 1838 2145 1881 La-

1189 1900 1274 1931 tinae
1299 1899 1513 1930 literatorem«
1544 1904 1708 1931 memorat.
1747 1899 1841 1931 Unde
1868 1900 1949 1932 infra
1979 1900 2028 1946 (ξ.
2053 1902 2146 1945 251)

1191 1961 1375 1994 adverbium
1407 1961 1502 1992 ctiam
1534 1962 1660 1994 litet-ate
1695 1962 1872 2005 explicatur
1901 1963 2012 2007 »quod
2046 1965 2158 2008 perite,

1192 2032 1304 2058 tracta*
1313 2025 1382 2065 erit,
1407 2025 1461 2068 qui
1481 2038 1498 2056 a
1521 2024 1734 2057 Grammatiea
1754 2026 1886 2058 edoctus
1904 2027 2027 2060 sucrit.«
2052 2027 2145 2058 Hane

1190 2088 1363 2122 literatoris
1381 2089 1545 2120 notionem
1570 2101 1683 2131 graeca
1705 2101 1784 2122 voce
1807 2091 1949 2130 facilius,
1972 2102 2066 2134 quam
2084 2090 2145 2122 La-

1191 2152 1276 2192 tina,
1301 2150 1497 2182 Aristoteles
1522 2151 1640 2195 (categ.
1665 2152 1704 2183 de
1729 2151 1812 2196 qual.
1836 2164 1866 2195 p.
1883 2152 1952 2194 58)
1973 2161 2143 2198 γραμμα-

1191 2211 1399 2260 τικώτερος
1423 2215 1601 2258 exprimere
1631 2214 1745 2258 potuit.
1788 2213 1972 2257 Appula-jus
1998 2214 2050 2259 (in
2076 2215 2145 2247 ssor.

1192 2292 1223 2323 p.
1249 2279 1297 2310 97
1325 2277 1428 2321 oud.)
1449 2278 1488 2309 de
1511 2279 1677 2310 Musarum
1702 2277 1849 2309 crateris:
1875 2278 2001 2310 »Prima
2024 2285 2145 2311 cratera

1193 2342 1366 2374 literatoris
1378 2339 1548 2371 ruditatem
1561 2339 1681 2377 eximit,
1705 2340 1844 2372 secunda
1862 2341 2072 2382 grammatici«
2085 2348 2145 2374 eet.

1265 2402 1414 2436 Catullus
1429 2399 1573 2449 quidam]
1600 2401 1686 2434 Male
1707 2414 1741 2433 se
1767 2403 1862 2434 habet
1887 2404 1971 2447 apud
1995 2404 2144 2436 Grotium

1195 2467 1335 2515 quidem,
1361 2466 1446 2498 unde
1469 2465 1639 2498 lectionem
1657 2467 1804 2510 praetuli,
1824 2479 1919 2511 quam
1940 2469 2142 2501 Monacensis

1193 2531 1263 2573 (C),
1281 2528 1499 2568 Britannicus,
1515 2534 1546 2559 ct
1561 2529 1826 2561 Darnistattensis
1844 2531 2047 2573 praebebant.
2064 2530 2143 2563 Ver-

1195 2604 1265 2623 sum
1285 2591 1425 2635 reperies
1455 2590 1487 2622 iu
1515 2602 1610 2623 carm.
1641 2591 1698 2631 14,
1724 2591 1755 2621 9.
