2310 2860
813 216 1010 257 Martiani
1051 214 1248 270 Capellae
1287 214 1356 254 lib.
1384 213 1435 254 V.
1476 216 1507 264 gl.
1543 214 1641 255 558.

253 323 406 373 litudo,
448 322 611 373 sabula,
651 324 812 378 image,
852 323 952 363 item
993 321 1238 368 verisimile,
1284 318 1399 375 quod
1437 319 1489 360 dc
1528 320 1746 364 comoedia
1779 323 1984 376 sumitur3

254 403 429 458 quidam
473 412 512 443 ct
557 403 777 458 apologos,
832 411 879 443 ut
910 411 1007 442 sunt
1041 401 1207 455 Aesopi.

2120 217 2208 260 sno

2044 323 2205 366 addunt

1272 401 1384 455 Ergo
1425 401 1535 442 circa
1578 416 1671 442 rem
1714 403 1825 443 locos
1865 418 2093 458 exsequar:
2127 406 2202 460 qui

252 493 349 524 sunt
387 498 411 524 a
446 483 655 534 dissimili,
698 498 722 524 a
764 483 875 539 pari,
928 498 951 523 a
997 482 1205 524 contrario
1248 496 1323 537 per
1362 482 1689 537 propositionem
1740 493 1779 523 et
1817 484 2103 539 negationem,
2148 485 2199 526 ad

255 565 436 621 aliquid,
468 566 583 620 quod
614 566 820 621 liguratur
848 566 1014 606 casibus
1040 573 1244 619 quatuor:
1275 565 1478 619 genitivo,
1509 565 1675 615 dativo,
1706 568 1964 617 accusativo,
1996 567 2199 619 ablativo3

255 648 306 689 ab
337 649 443 689 inter
474 663 516 688 sc
549 647 840 689 collidentibus
873 661 949 703 per
989 646 1184 688 habitum
1224 655 1263 687 ct
1294 645 1587 698 amissionem,
1633 661 1655 687 a
1690 647 1852 702 majore
1884 648 1936 689 ad
1970 649 2130 700 minus,
2176 664 2200 690 a

255 783 286 814 id
310 782 348 813 dc
373 794 436 826 quo
463 783 639 826 quaeritur,
671 787 809 814 attamen
841 781 879 813 de
903 781 952 813 his
976 781 1084 826 potius
1109 792 1204 827 supra

254 845 294 890 (ἓ.
311 847 383 878 487
406 846 517 890 sequ)

327 907 516 953 exemplum]
553 908 674 942 Confer
700 895 909 941 Aristotelem
933 910 1062 953 (rhetor.
1085 909 1118 949 1,
1147 906 1203 951 2),

254 970 443 1003 Ciceronem
471 971 524 1015 (de
544 971 662 1003 invent.
687 973 723 1011 l,
746 971 819 1014 50),
839 978 870 1003 et
882 971 1058 1003 Auctorem
1081 971 1120 1002 ad
1137 970 1204 1001 lle-

254 1032 397 1063 renniuni
421 1033 473 1075 (4,
498 1033 569 1075 49).
604 1032 672 1065 Sed
697 1016 844 1064 subtilius
869 1021 983 1065 deinde
1010 1031 1204 1065 Aristotcles

253 1094 308 1135 (2,
329 1093 390 1136 ⁶20)
409 1093 491 1124 inter
513 1106 620 1124 verum
646 1100 678 1124 et
699 1095 806 1125 fictum
825 1096 1005 1138 exemplum
1027 1094 1204 1136 distinguit,

252 1165 386 1196 quorum
416 1154 576 1198 posterius
610 1161 720 1186 noster
745 1167 819 1186 mox
847 1157 1051 1199 apologorum
1078 1155 1204 1187 nomine

253 1216 355 1258 addit,
387 1217 581 1248 Aristoteles
612 1224 716 1249 antem
750 1218 883 1250 alterum
912 1219 976 1250 fleti
1004 1230 1104 1260 genus
1133 1230 1204 1250 csse

253 1279 296 1310 ait
323 1281 513 1323 parabolae,
540 1281 674 1312 alterum
693 1277 833 1326 λόγου,
862 1287 897 1312 ut
925 1280 1078 1324 Aesopici
1098 1286 1130 1312 et
1152 1281 1204 1312 Li-

252 1340 334 1384 byci.
367 1342 487 1373 Marius
514 1342 700 1373 Victorinus
729 1344 778 1386 (p.
798 1344 868 1374 156
892 1343 990 1385 Pith.)
1016 1343 1205 1385 »scriptores

254 1403 402 1443 artium«,
422 1404 539 1448 inquit,
567 1417 684 1446 »genus
702 1406 762 1435 hoc
784 1405 843 1436 sub
864 1405 977 1436 similia
998 1405 1055 1436 tria
1072 1410 1206 1448 ponunt,

256 1467 354 1510 εἰκώ,
383 1468 481 1499 idest
504 1470 693 1512 inna9i11e11i‚
718 1466 958 1514 παραβολὴν,
986 1467 1019 1499 id
1043 1473 1092 1499 cst
1114 1468 1207 1499 colla-

256 1531 389 1567 tionem,
422 1527 682 1575 παράδειγμα,
723 1530 755 1560 id
787 1535 836 1560 cst
863 1531 1070 1573 exemplunm«
1111 1528 1206 1561 Adde

254 1591 450 1623 fflacrobiuin
479 1592 659 1635 (Satin-nal.
680 1592 720 1631 4,
750 1591 791 1634 5)
819 1597 851 1623 et
876 1591 1127 1633 Quinctilianum
1154 1592 1208 1634 (5,

257 1654 320 1694 113
346 1666 379 1697 p.
392 1655 476 1685 507.
493 1654 566 1685 508
591 1653 728 1697 Spald.),
749 1653 817 1698 qui:
837 1650 1133 1700 »yrapcscd‘ayffia«,
1160 1652 1206 1684 iu-

255 1715 340 1760 quit,
371 1716 492 1747 »nostri
518 1716 583 1747 sere
611 1717 852 1747 similitudinem
877 1728 991 1747 vocare
1015 1715 1206 1755 maluerunt,

256 1780 343 1824 quod
358 1780 397 1811 ab
414 1780 477 1810 illis
491 1776 694 1826 παραβολή
714 1779 844 1819 dicitur,
869 1781 930 1811 hoc
951 1780 1084 1811 alterum
1103 1792 1207 1811 exem·

257 1845 360 1887 plum.-
385 1855 574 1887 quamquam
597 1849 630 1875 et
651 1844 712 1875 lioe
737 1844 838 1875 simile
862 1849 926 1884 est,
957 1849 989 1875 et
1007 1844 1086 1874 illud
1103 1856 1208 1875 exem.-

259 1907 372 1948 plum.«
406 1906 577 1938 Oratorem
596 1906 756 1937 abundare
779 1907 895 1937 debere
919 1907 1137 1949 exemplorum
1157 1918 1209 1938 co—

261 1970 313 2014 pia
336 1970 420 2001 idem
447 1970 541 2002 docet
562 1970 644 2013 (12,
674 1970 714 2009 4,
740 1971 778 2009 13
810 1982 840 2013 p.
861 1970 961 2012 547).
999 1970 1048 2001 De
1075 1969 1212 2001 efficacia

261 2034 479 2078 exemplorum
505 2032 630 2065 Seneca
653 2033 715 2076 (ep.
738 2033 789 2075 (ὓς
814 2033 960 2074 »longum
979 2032 1039 2063 iter
1054 2039 1138 2072 est«,
1166 2032 1211 2063 in·

262 2096 341 2140 quit,
368 2107 443 2139 »per
459 2100 644 2139 praecepta,
674 2095 770 2126 breve
793 2100 824 2126 et
844 2096 953 2126 efficax
968 2106 1026 2138 per
1041 2093 1210 2138 exempla«

338 2155 461 2201 imaqo]
496 2158 558 2188 Est
587 2157 706 2188 formae
739 2168 811 2188 cum
846 2157 946 2188 forma
977 2169 1048 2188 cum
1077 2156 1212 2200 quadam

264 2221 470 2253 similitudine
494 2219 638 2259 collatio,
667 2231 748 2263 quae
773 2218 907 2250 sumitur
937 2224 990 2249 aut
1019 2219 1121 2250 laudis
1158 2223 1214 2250 aut

265 2283 506 2327 vituperationis
536 2294 630 2314 causa
656 2280 772 2325 (Auct.
802 2280 841 2311 ad
869 2281 946 2311 Her.
969 2281 1009 2321 4,
1040 2281 1064 2312 4
1093 2286 1124 2311 ct
1153 2281 1212 2312 49.

267 2344 338 2380 Cic.
362 2346 400 2376 de
420 2347 537 2377 invent.
558 2347 595 2386 1,
626 2345 697 2388 50).
723 2343 828 2376 Docet
850 2348 954 2374 autem
977 2342 1213 2386 Quinctiliauus

265 2409 318 2451 (5,
342 2409 404 2448 11,
426 2408 492 2448 243
518 2420 549 2451 p.
567 2408 654 2451 525)
675 2407 794 2438 »rarius
820 2417 890 2438 esse
915 2406 948 2437 in
970 2405 1112 2437 oratione
1135 2404 1215 2435 illud

269 2481 389 2512 genus>
419 2469 505 2514 quod
530 2466 656 2505 εἰκόνα
682 2470 798 2503 Graeci
820 2475 950 2511 vocant,
973 2480 1036 2514 quo
1062 2467 1215 2511 exprima-

268 2539 321 2565 tur
344 2544 450 2565 rernm
474 2537 528 2564 aut
548 2544 756 2576 personarum
779 2533 910 2575 imag0.«

346 2594 437 2640 item]
464 2595 609 2640 Reposui
634 2595 695 2626 hoe
720 2607 778 2639 pro
802 2595 836 2627 id
865 2600 911 2627 est
934 2594 966 2625 in
991 2593 1101 2633 editis,
1130 2589 1217 2635 quod

272 2670 367 2693 sensu
395 2664 491 2692 caret,
524 2658 563 2693 In
593 2657 839 2694 varmei-utensi
870 2657 953 2691 enim
978 2656 1086 2692 codice
1118 2654 1218 2689 uidem

1255 780 1443 812 verisimile«
1466 779 1597 822 legitur,
1626 780 1681 811 sed
1706 780 1788 811 idem
1812 792 1870 824 pro
1896 783 1969 813 item
1990 794 2007 813 e
2029 782 2109 813 salsa
2131 787 2197 814 tau·

1255 849 1321 874 tum
1346 841 1608 887 pronunciatione
1642 847 1745 873 ortum
1779 853 1850 873 csse
1886 848 1988 887 patet,
2025 855 2117 886 quam
2149 854 2200 874 me

1254 917 1319 938 non
1345 917 1454 937 curare
1477 905 1649 937 identidem
1672 906 1836 949 professus
1856 917 1936 940 sum.
1963 906 2099 938 Accedit
2121 907 2199 938 For·

1255 969 1410 1001 tunatiaui
1446 968 1631 1009 auctoritas,
1669 969 1723 1012 qui
1759 971 1899 1016 quinque
1935 969 2046 1001 similis
2077 969 2201 1012 specics

1255 1037 1434 1071 enumerat,
1463 1031 1571 1062 addito
1600 1032 1742 1073 exemplo
1765 1032 1948 1070 verisimili,
1977 1032 2064 1076 quod
2087 1031 2126 1064 de
2148 1043 2199 1065 co·

1255 1095 1379 1127 mocdia
1405 1100 1546 1125 sumatur
1568 1094 1651 1138 (vide
1676 1106 1770 1137 supra
1790 1093 1818 1138 ξ.
1833 1094 1928 1137 530).

1330 1154 1489 1199 apoloyos]
1512 1156 1750 1198 Quinctilianus
1769 1156 1816 1199 (5,
1841 1157 1897 1195 11,
1922 1156 1976 1187 19.
1993 1156 2058 1195 203
2084 1156 2201 1200 p.518

1258 1231 1346 1262 sequ.
1362 1219 1555 1262 Spalding.):
1566 1219 1658 1250 ¹»Illac
1672 1231 1798 1261 quoque
1814 1219 1959 1259 fabellae,
1979 1219 2092 1261 inquit,
2110 1231 2202 1262 quae,

1257 1281 1379 1311 etiamsi
1405 1279 1557 1321 originem
1586 1291 1650 1311 non
1677 1281 1714 1311 ab
1742 1279 1874 1324 Aesopo
1903 1285 2093 1324 acceperunt
2116 1280 2204 1323 (nam

1257 1342 1382 1373 videtur
1421 1353 1528 1373 carum
1560 1341 1680 1385 primus
1717 1347 1826 1373 auctor
1861 1341 2044 1384 Hesiodus)
2076 1341 2204 1373 nomine

1257 1410 1362 1435 tamen
1397 1404 1521 1447 Aesopi
1558 1404 1692 1435 maxime
1729 1405 1944 1445 celebrantur,
1987 1405 2101 1436 ducere
2138 1404 2203 1436 ani·

1257 1479 1326 1499 mos
1361 1467 1473 1498 solent.
1493 1486 1540 1492 —
1583 1462 1704 1500 Αἶνον
1737 1467 1853 1498 Graeci
1882 1462 2060 1498 vocante!
2094 1466 2203 1502 αἰόω·

1259 1529 1411 1572 salom,
1440 1535 1474 1560 ut
1491 1529 1565 1568 dixi,
1589 1525 1733 1574 λόγους
1755 1535 1787 1560 et
1803 1526 1996 1572 λιβυκούς,
2023 1535 2205 1562 nostrorum

1259 1594 1402 1638 quidam,
1434 1605 1498 1625 nou
1523 1605 1598 1624 sanc
1622 1598 1750 1636 recepto
1778 1592 1811 1624 in
1839 1605 1931 1623 usum
1957 1593 2101 1634 nominc,
2131 1606 2204 1637 apo-

1261 1657 1478 1699 afflationem«
1511 1654 1619 1684 Julius
1645 1654 1765 1685 Caesar
1787 1653 1932 1695 Scaliger
1953 1655 2055 1697 (poet.
2077 1656 2113 1694 1,
2139 1656 2204 1695 573

1259 1733 1288 1764 p.
1308 1720 1404 1762 122):
1426 1719 1543 1750 »Recte
1561 1718 1687 1761 quidam
1704 1718 1907 1749 nominarunt
1925 1719 2105 1761 alleyoriasz
2119 1717 2205 1749 aliud

1260 1783 1343 1814 enim
1371 1787 1477 1826 aperte
1514 1782 1638 1822 dicunt,
1672 1781 1756 1812 aliud
1782 1793 1821 1813 ex
1851 1793 1889 1813 co
1913 1781 2048 1812 innuunt
2075 1793 2111 1813 ac
2133 1792 2204 1825 pro·

1259 1846 1396 1876 fitentur.
1424 1844 1511 1884 Ergo
1525 1843 1619 1874 ctiam
1640 1844 1788 1887 apoloqos
1803 1843 1962 1887 appellare
1978 1842 2122 1874 nonnulli
2136 1842 2207 1874 ausi

1261 1914 1348 1939 sunt:
1367 1906 1456 1950 quasi
1475 1903 1553 1941 ἀπὸ
1576 1903 1696 1952 λόγου
1716 1903 1842 1952 λόγος.
1871 1905 2123 1950 Antiquissimus
2140 1918 2205 1937 om·

1260 1970 1348 2001 nium
1374 1968 1538 1999 Hesiodus
1570 1964 1684 2001 αἶνον
1714 1968 1853 2008 vocavit,
1888 1967 2039 2012 Aesopus
2066 1966 2206 2012 μῦθον.

1260 2031 1371 2062 nabes
1397 2030 1479 2073 apud
1503 2029 1672 2060 Horatium
1694 2034 1726 2060 et
1745 2029 1871 2060 Livium
1892 2035 1925 2061 et
1951 2030 2127 2061 Diodorum
2149 2031 2204 2061 lno-

1261 2104 1332 2123 rum
1356 2091 1436 2123 duae
1462 2090 1522 2134 (as)
1546 2091 1682 2134 specics:
1705 2102 1799 2122 unam
1825 2091 1999 2134 simplicem
2028 2097 2162 2122 snmtam
2188 2101 2206 2120 a

1261 2155 1359 2186 rebus
1387 2153 1582 2184 naturalibus
1602 2171 1648 2176 —-
1678 2152 1882 2184 introducunt
1903 2153 1986 2184 enim
2010 2152 2140 2197 perinde
2161 2156 2205 2182 at-

1263 2230 1325 2262 que
1344 2218 1375 2248 in
1397 2229 1521 2249 scenam
1544 2228 1610 2248 non
1635 2216 1781 2247 animalia
1804 2216 1924 2256 solum,
1949 2216 2006 2247 sed
2022 2221 2107 2246 muta
2128 2225 2204 2256 quo-

1262 2291 1343 2324 quc,
1369 2278 1467 2309 veluti
1496 2278 1618 2319 gladios
1651 2282 1711 2310 cet.
1743 2277 1929 2321 loquente53
1960 2276 2058 2307 altera
2083 2274 2205 2318 species

1266 2339 1430 2384 operosior
1455 2357 1501 2363 —
1518 2339 1631 2383 partim
1653 2339 1737 2370 enim
1759 2338 1792 2369 in
1809 2337 1939 2369 vocibus
1954 2336 2048 2368 nudis
2064 2342 2207 2368 versatur

1267 2424 1312 2428 —
1325 2404 1386 2435 alia
1407 2403 1538 2435 materia
1556 2408 1607 2434 est
1621 2403 1659 2444 *in
1679 2402 1793 2433 rebus«
1824 2406 1883 2433 eet.

1341 2479 1361 2499 a
1387 2465 1545 2511 dissimili]
1572 2467 1610 2497 ln
1633 2464 1842 2497 anterioribus
1864 2462 1992 2507 quidem
2017 2462 2208 2494 editionibus

1264 2529 1431 2572 legebatur
1456 2539 1475 2558 a
1505 2528 1619 2566 simili,-
1650 2526 1707 2557 sed
1733 2525 1822 2557 male.
1854 2525 1927 2555 Hoc
1953 2524 2036 2556 enim
2065 2526 2209 2568 superius

1263 2595 1330 2639 jam
1342 2593 1506 2636 retulerat,
1515 2598 1548 2626 et
1555 2590 1802 2626 Fortunatianus
1813 2588 1906 2620 etiam
1917 2599 1936 2618 α
1949 2588 2094 2619 dissimili
2107 2588 2209 2618 habet.

1342 2654 1498 2704 habitum]
1505 2655 1592 2699 Lege
1604 2652 1837 2692 habitationem,
1852 2645 1944 2692 ἕξιν.
1952 2647 2055 2683 Gau-r.
2063 2649 2211 2680 —llaud

1764 2712 1813 2746 (³0
