2310 2860
278 139 369 182 55ss

281 262 359 303 pro
398 244 530 285 limite
570 249 651 292 est,
700 239 753 281 ab
791 239 947 281 Haemi
985 238 1139 281 montis
1178 238 1334 278 vertice
1373 235 1578 278 defluens.

867 131 1065 173 Martiani
1097 130 1296 187 Capellae
1326 129 1400 174 lib.
1423 128 1500 171 VI.
1533 131 1565 181 §.
1589 131 1690 171 (355.

1647 235 1697 277 In
1736 251 1787 277 ea
1821 236 2051 294 Rhodope,
2101 255 2234 296 quem

278 324 564 381 Mygdonium
594 331 785 364 asserunt
815 331 1025 372 montem,
1071 329 1111 361 et
1140 319 1272 361 Athos
1306 319 1511 360 abscissus
1544 332 1568 359 a
1605 318 1852 369 continenti,
1891 319 2040 360 Xerxe
2073 321 2236 362 viribus

280 415 422 446 utente
465 406 713 445 Persarum:
755 413 793 445 et
838 402 1077 444 Orestidem
1123 411 1303 452 terram,
1352 401 1405 442 ab
1438 400 1597 441 Orestis
1629 409 1668 440 et
1697 400 1940 441 Hermionis
1980 399 2066 440 filio
2104 415 2237 455 quam

281 484 457 526 vocitari
494 499 580 525 non
619 483 801 524 dubium
844 492 913 523 est.

973 482 1037 522 Ibi
1079 477 1259 536 Phlegra
1301 495 1416 521 nunc
1447 481 1614 532 civitas,
1659 489 1761 521 tunc
1791 481 2024 536 Gigantum
2056 480 2241 535 proelio-

278 578 471 618 rumque
509 564 765 605 immanium
800 564 1033 604 temeritate
1068 562 1255 617 famosa3
1308 576 1420 617 quae
1459 561 1547 603 sola
1581 562 1708 602 etiam
1747 561 1911 604 diluvio
1941 559 2096 603 mundi
2128 574 2239 602 asse-

281 645 391 686 ritur
421 660 506 686 non
537 654 705 701 operta,
746 643 864 700 quod.
895 643 1043 700 utique
1074 643 1276 701 praestitit
1306 644 1518 686 montium
1550 642 1768 685 celsitudo.

1066 825 1146 867 DE
1185 823 1460 866 THRACIA.

422 934 625 988 Sequitur
648 933 857 985 Thracia,
888 933 1010 988 eujus
1034 932 1196 973 incolae
1222 930 1346 972 bardi
1370 930 1604 986 appetitum
1630 929 1788 970 habent
1809 930 2051 971 maximum
2077 928 2245 981 1nortis3

289 1022 330 1053 et
363 1013 437 1067 qui
470 1027 493 1052 a
523 1012 672 1053 dextra
694 1022 812 1068 parte
843 1012 1081 1067 Strymonis
1103 1012 1261 1068 degunt
1291 1012 1427 1064 Bessi,
1460 1022 1499 1054 et
1529 1012 1796 1062 Denselatae,
1827 1012 2072 1066 Nestusque
2098 1011 2246 1062 amnis,

283 1093 362 1147 qui
392 1093 638 1148 Pangaeum
682 1094 825 1135 ambit.
891 1094 1006 1135 Nam
1037 1093 1234 1134 Hebrum
1268 1093 1478 1148 Odrysiae
1508 1094 1626 1133 nives
1660 1092 1894 1146 complent,
1939 1092 2013 1146 qui
2045 1092 2152 1133 inter
2181 1091 2246 1132 di-

283 1187 431 1214 versos
471 1173 676 1213 barbaros
714 1172 851 1214 fluens
889 1174 1015 1214 etiam
1058 1173 1235 1214 Ciconas
1272 1174 1451 1229 perluit3
1511 1188 1700 1229 quorum
1738 1172 1919 1214 confinio
1951 1173 2143 1214 Haemus
2172 1188 2247 1213 sex

282 1325 324 1345 ne
348 1313 452 1356 ipsum
481 1312 669 1356 scriptorem
693 1313 899 1354 corrigerem,
932 1314 1119 1357 praesertim
1144 1325 1242 1357 quum

283 1376 369 1420 apud
393 1375 534 1407 Plinium
563 1387 691 1419 quoque
727 1381 908 1420 corruptam
937 1375 1108 1408 lectionem
1133 1375 1166 1406 in
1191 1386 1243 1407 eo-

283 1439 409 1471 ‹licibus
439 1444 565 1470 exstare
592 1438 753 1471 vidissem.

363 1498 532 1545 Rhodope]
568 1499 648 1532 MS.
678 1499 728 1531 »in
764 1511 801 1531 ea
830 1499 1022 1532 continentis
1048 1499 1237 1543 Rhodopen

284 1561 391 1594 Gnor.

364 1625 565 1671 Orestidem]
590 1626 677 1658 Urbs
702 1627 780 1657 haec
805 1626 866 1657 alio
892 1626 1021 1658 nomine
1045 1627 1245 1660 ἑκατοντο-

283 1687 415 1733 χειρὶα
447 1689 570 1720 dieitur.
616 1690 701 1721 Vide
736 1688 936 1732 Stephanum
966 1691 995 1720 h.
1022 1702 1051 1720 v.
1073 1688 1178 1721 GnOT.
1198 1706 1246 1711 —-

283 1750 374 1784 Nihil
398 1750 441 1781 ibi
470 1751 563 1782 video
600 1751 661 1783 nisi
690 1752 828 1782 fabulam
864 1753 902 1784 de
929 1751 1057 1784 Orestis
1081 1752 1145 1783 filio
1176 1763 1248 1783 eum

284 1811 480 1851 Hermione,
514 1812 598 1842 unde
628 1824 743 1844 nomen
773 1819 855 1844 terra
879 1814 1040 1857 accepisse
1065 1813 1248 1852 dicebatur3

285 1886 346 1905 nee
367 1875 444 1905 urbs
469 1880 536 1905 erat
561 1875 703 1913 Orestis,
734 1876 789 1906 sed
812 1876 899 1917 regio
928 1877 1136 1909 Macedoniae
1164 1876 1249 1919 (Liv.

288 1936 349 1976 27,
375 1939 435 1970 55.
455 1939 520 1977 51,
547 1938 619 1980 40).
660 1938 783 1970 Verum
809 1940 913 1970 onmia
938 1946 1049 1972 noster
1069 1953 1109 1972 ex
1133 1939 1248 1971 Solino

286 2000 399 2039 habet,
435 2000 529 2031 etiam
561 2013 642 2044 quae
675 2007 853 2044 sequuntur
881 2003 919 2033 de
952 2004 1113 2047 Phlegra,
1152 2014 1248 2045 quam

286 2067 402 2105 postea
438 2062 596 2093 Pallenen
631 2062 747 2093 dietam
788 2074 858 2093 esse
893 2069 1018 2095 constat
1051 2065 1177 2108 (Heyn.
1210 2063 1250 2094 ad

289 2123 446 2169 Apollod.
470 2126 507 2165 1,
538 2126 577 2164 G,
604 2124 648 2167 1).

367 2184 480 2230 bai-cli]
528 2185 675 2218 Meminit
707 2186 887 2218 Bardorum
930 2187 1057 2222 Gloss.:
1096 2187 1249 2227 »Bm-dei,

288 2246 457 2296 Ιλλυριοὶ
486 2248 651 2283 ὃοῦλοι.«
692 2249 738 2280 Et
767 2250 858 2280 alibi:
885 2250 1025 2282 »Bardes
1048 2251 1085 2295 (l.
1110 2250 1252 2293 Bai-dns)

289 2307 538 2356 ὃορύκτητος,
568 2307 741 2356 ἱλλυριὸς
769 2309 940 2350 ὃοῦλος.«
974 2311 1112 2344 Aliusne
1135 2312 1255 2344 indicat

291 2372 442 2404 Lucanus
465 2384 562 2415 quum
588 2371 646 2402 ait:

352 2436 518 2466 »Plurima
547 2436 653 2467 securi
671 2433 804 2477 fudistis
828 2437 972 2466 carmina
997 2436 1102 2468 Bardi
1110 2436 1143 2466 3²«

291 2498 343 2531 Illi
363 2499 409 2542 (ni
429 2497 535 2540 fallor)
557 2498 590 2529 in
607 2497 733 2530 Galliis.
755 2497 898 2529 Eosdem
917 2499 1020 2530 innuit
1038 2499 1114 2532 Isid.
1132 2499 1254 2532 Gloss.:

300 2562 444 2594 „nardus
471 2561 644 2594 carminum
667 2562 840 2595 conditor.«
864 2562 969 2597 Gnor.
991 2581 1037 2588 —
1067 2564 1189 2603 Bardi,
1226 2561 1254 2594 si

1295 1314 1371 1358 quid
1392 1314 1537 1354 omnino,
1564 1314 1708 1357 stupidos
1735 1313 1907 1356 signifieat3
1937 1313 1995 1345 sed
2019 1312 2091 1345 vide
2110 1325 2151 1345 ne
2178 1313 2248 1345 bar-

1295 1378 1366 1408 bari
1389 1376 1497 1420 potius
1524 1376 1696 1418 legendum
1724 1375 1782 1416 sit,
1809 1375 1926 1407 collato
1953 1374 2059 1408 Solini
2081 1375 2171 1416 loeo,
2198 1387 2250 1408 eu-

1291 1439 1346 1482 jus
1379 1446 1412 1471 et
1444 1440 1494 1471 hic
1524 1439 1659 1481 vestigia
1689 1445 1798 1471 noster
1828 1439 1946 1483 pressit
1979 1439 2056 1482 (10,
2086 1439 2135 1482 1)=
2160 1438 2252 1472 »Non

1296 1501 1464 1533 difficulter
1483 1501 1764 1544 comprehendent,
1783 1501 1961 1533 Thracibus
1982 1502 2127 1533 barbaris
2145 1500 2251 1533 inesse

1296 1571 1490 1597 contemtum
1522 1566 1609 1596 vitae
1642 1577 1682 1596 ex
1715 1564 1851 1608 quadam
1887 1564 2041 1596 naturalis
2079 1564 2252 1607 sapientiae

1297 1628 1476 1671 disciplina.
1505 1627 1713 1659 Concor-dant
1744 1639 1854 1659 omnes
1883 1628 1922 1658 ad
1952 1627 2112 1658 interitum
2139 1627 2251 1658 volun-

1294 1689 1424 1728 tarium,
1466 1688 1540 1719 dnm
1578 1688 1726 1719 nonnulli
1761 1700 1872 1719 corum
1915 1694 2029 1731 putauit
2067 1688 2254 1721 obeuntium

1298 1753 1418 1783 animas
1442 1751 1573 1788 reverti,
1604 1751 1657 1782 alii
1680 1763 1745 1782 non
1770 1751 1946 1792 exstingui,
1974 1751 2031 1782 sed
2055 1744 2165 1782 beatas
2189 1763 2252 1784 ma-

1299 1816 1346 1858 gis
1362 1815 1461 1848 lieri.«
1494 1815 1544 1845 De
1564 1814 1810 1846 immortalitatis
1828 1814 2036 1858 persuasione
2054 1814 2138 1859 apud
2154 1815 2253 1847 Thra-

1298 1889 1352 1909 ces
1375 1876 1587 1918 finitimasque
1610 1881 1721 1917 gentes
1741 1875 1812 1907 vide
1838 1876 2042 1908 Herodotum
2070 1876 2123 1920 (4,
2148 1877 2196 1909 94
2222 1882 2254 1908 et

1300 1940 1339 1979 5,
1365 1937 1412 1980 4).

1371 1998 1580 2044 Denselatae]
1608 2000 1694 2032 Huic
1717 2001 1838 2045 populo
1862 2001 1975 2033 mirum
1994 2014 2088 2045 quam
2109 2001 2254 2032 differen-

1300 2068 1349 2094 tes
1387 2061 1640 2104 appellationes,
1678 2062 1753 2093 dum
1788 2063 1842 2093 alii
1869 2063 2091 2100 Denthelitas,
2128 2062 2256 2104 quidam

1299 2125 1555 2163 Denfflehflms,
1587 2125 1734 2156 nonnulli
1760 2126 1957 2156 Deusalatas
1988 2130 2043 2155 aut
2066 2125 2256 2157 Denseletas

1300 2188 1473 2220 nominant.
1518 2188 1724 2218 Ptolemaeus
1764 2187 1926 2228 regionem
1962 2186 2257 2233 ὃανθηλητικὴν

1302 2249 1449 2293 appellat.
1475 2248 1541 2279 Pro
1555 2249 1677 2279 Nestus
1698 2247 1772 2280 MS.
1790 2248 1929 2288 Blesius,
1949 2248 2156 2280 Ptolemaeus
2173 2250 2256 2282 Nes-

1303 2311 1540 2345 sch.G1·.oT.-—-
1568 2311 1682 2342 Codex
1701 2310 1976 2342 Reichenauensis
2000 2317 2032 2343 et
2053 2323 2161 2354 margo
2183 2312 2258 2345 libri

1302 2372 1582 2413 Norimhcrgcnsis
1603 2378 1750 2415 corrupte
1772 2372 1851 2404 dens
1870 2373 2023 2420 eleusque
2038 2375 2164 2405 mesius.
2189 2373 2258 2407 Sed

1303 2445 1363 2469 nos
1383 2433 1531 2466 Solinum
1553 2433 1727 2477 sequimur.

1375 2495 1512 2543 perluit]
1549 2497 1670 2530 Confer
1699 2496 1966 2543 Oudendorpium
1993 2497 2053 2541 (ad
2083 2497 2203 2544 Appul.
2224 2498 2255 2538 Ι,

1303 2572 1335 2605 p.
1355 2559 1451 2604 401).
