2310 2860
108 2232 192 2271 778

235 165 321 207 618
793 156 993 198 Martiani
1029 154 1230 211 Capellae
1259 153 1332 196 lib.
1358 152 1457 196 VII.
1488 155 1517 205 §.
1541 153 1639 195 776.

237 281 326 312 tum
371 267 545 321 quidam
583 278 706 319 pares
743 273 782 303 et
820 262 997 317 quidam
1041 261 1250 315 impareS,
1305 269 1353 301 ut
1393 275 1551 302 novem
1594 270 1634 301 et
1675 260 1928 314 duodecim,
1977 261 2190 318 siquidem

238 351 301 392 his
341 359 516 402 quoque
567 343 787 399 triplicatio
835 345 1075 382 communis
1117 350 1197 393 est,
1249 351 1314 383 ter
1356 351 1475 383 terna
1515 356 1691 392 novem,
1737 351 1800 383 ter
1838 352 2044 396 quaterna
2080 345 2190 386 duo-

235 429 374 471 decim
409 437 517 469 sunt.
581 427 636 468 At
668 425 774 467 illud
806 424 1174 466 animadversione
1205 424 1382 481 dignum
1416 434 1497 476 est,
1543 424 1660 480 quod
1692 439 1791 465 cum
1824 425 1978 480 impari
2008 441 2190 468 numero

234 494 461 564 nunquam
507 509 539 549 is
580 523 659 564 par
701 507 898 563 componi
944 516 1099 563 potest,
1147 507 1221 561 qui
1268 521 1320 546 ex
1360 505 1557 561 paribus,
1615 504 1688 545 sed
1735 505 1810 559 qui
1858 520 1910 545 ex
1955 505 2190 561 imparibus

235 597 351 629 ortus
396 597 475 641 est,
534 587 638 628 adeo
680 597 843 629 mutata
889 602 1066 642 quoque
1103 597 1214 628 sorte
1257 589 1361 642 juris
1402 598 1545 629 tamen
1593 587 1737 641 aliqua
1777 588 1949 628 societas
1989 596 2190 640 superest.

232 671 346 725 Ergo
388 685 545 712 novem
589 685 732 725 neque
776 685 875 710 cum
920 680 1128 725 quatuor,
1174 683 1314 723 neque
1360 684 1459 709 cum
1498 678 1613 720 octo,
1661 683 1802 723 neque
1841 683 1940 708 cum
1985 667 2191 718 sedecim,

232 767 373 807 neque
417 767 516 792 cum
557 752 645 793 ullo
690 752 816 792 simili
856 767 1038 793 numero
1083 751 1280 805 componi
1335 759 1529 805 possunt3
1589 759 1908 806 componuntur
1947 764 2050 791 vero
2091 762 2191 789 cum

234 832 458 873 duodecin]
500 841 538 872 et
577 831 719 886 viginti
762 840 970 886 quatuor,
1016 845 1128 886 quae
1167 845 1188 871 a
1228 830 1364 871 tribus
1394 830 1561 870 initium
1596 841 1855 872 sumserunt.
1914 831 1976 871 Ac
2005 845 2060 871 ne
2089 843 2190 870 cum

232 914 432 954 omnibus
463 912 664 967 quidem,
714 911 789 966 qui
821 926 943 967 pares
976 926 1027 952 ex
1059 911 1297 967 imparibus
1327 921 1445 963 sunt,
1491 913 1689 968 componi
1721 921 1854 967 potest
1882 912 2020 952 omnis
2049 910 2192 965 impar

231 1008 459 1044 numerus,
508 993 583 1047 qui
622 1006 697 1048 per
737 1007 780 1032 se
819 992 1077 1047 compositus
1116 1001 1195 1045 est3
1245 992 1346 1047 quia
1377 1001 1510 1047 potest
1539 1008 1623 1032 non
1655 993 1697 1032 in
1729 991 1906 1032 eandem
1940 1004 2190 1032 mensuram

232 1076 430 1116 recidere.
468 1075 581 1129 Ergo
607 1089 763 1115 novem
799 1084 838 1114 ct
871 1074 1181 1130 quinquaginta
1207 1075 1408 1130 componi
1431 1090 1513 1115 non
1541 1083 1727 1129 possunt,
1760 1074 1861 1128 quia
1883 1074 2190 1128 quinquaginta

232 1157 401 1197 nullam
423 1156 746 1210 triplicationcm
782 1155 1011 1209 recipiunt,
1050 1170 1162 1208 quae
1194 1157 1425 1197 novenario
1448 1171 1631 1197 numero
1661 1156 1749 1196 sela
1774 1166 1939 1210 praeter
1968 1154 2191 1210 singulari-

230 1247 358 1278 tatem
389 1251 593 1277 mensura
624 1245 706 1287 est,
757 1236 896 1275 evenit
929 1245 1070 1276 autem
1104 1237 1207 1287 hoc,
1238 1238 1339 1292 quia
1363 1252 1416 1277 ne
1449 1237 1591 1290 viginti
1621 1237 1814 1291 quinque
1845 1235 2046 1290 quidem,
2076 1248 2189 1288 quae

229 1319 444 1374 duplicata
476 1317 780 1372 quinquaginta
806 1317 1020 1367 fecerunt,
1052 1317 1285 1357 ternionem
1314 1317 1587 1372 recipiebant.
1639 1318 1749 1370 Ergo
1780 1316 1814 1356 si
1845 1314 2018 1369 quando
2048 1314 2189 1369 impar

228 1413 457 1450 numerus,
493 1413 544 1438 ex
577 1412 663 1452 quo
699 1411 776 1452 par
807 1396 942 1437 factus
975 1406 1051 1446 est,
1083 1397 1263 1437 eandem
1296 1411 1562 1447 mensuram,
1595 1410 1727 1450 quam
1760 1396 1864 1437 alter
1894 1397 2035 1452 impar
2063 1404 2189 1447 tenet,

227 1481 446 1530 habuerit,
493 1488 586 1519 tum
632 1478 810 1518 demum
853 1492 952 1518 cum
992 1477 1064 1518 illo
1104 1477 1258 1532 impari
1301 1493 1402 1533 par,
1449 1478 1523 1532 qui
1566 1493 1619 1518 ex
1664 1477 1745 1518 hoc
1782 1477 1939 1529 sactus,
1988 1476 2186 1532 componi

225 1572 378 1618 potest,
430 1561 505 1601 ubi
544 1559 650 1600 illud
689 1574 773 1600 non
821 1558 1057 1609 antecessit,
1111 1574 1164 1599 ne
1205 1559 1286 1599 hoc
1325 1558 1499 1614 quidem
1542 1560 1747 1613 sequitur.
1815 1558 1917 1600 Ideo
1948 1573 2106 1600 novem
2146 1567 2185 1599 et

227 1642 533 1697 quinquaginta
575 1641 681 1680 inter
725 1654 768 1679 se
804 1654 887 1679 non
934 1649 1273 1693 componuntur,
1322 1649 1363 1679 at
1393 1654 1548 1679 novcm
1582 1648 1621 1679 ct
1650 1640 1816 1694 triginta
1852 1640 1960 1680 inter
1991 1654 2034 1679 se
2067 1654 2185 1679 com-

227 1730 468 1776 ponuntur,
512 1728 601 1759 orta
640 1718 750 1757 onim
781 1726 877 1757 sunt
909 1718 1070 1772 triginta
1101 1718 1324 1773 duplicatis
1356 1717 1624 1772 quindecim,
1658 1717 1744 1770 jan]
1782 1728 1923 1760 autem
1955 1733 2112 1759 novem
2147 1729 2186 1760 et

226 1801 468 1855 quindecim
494 1800 600 1839 inter
632 1814 674 1839 se
699 1799 900 1853 componi
927 1807 1140 1853 poterant,
1173 1814 1310 1853 quum
1339 1798 1580 1838 communis
1606 1812 1807 1838 mensura
1833 1798 1897 1838 his
1925 1799 1966 1839 in
1993 1800 2184 1840 ternione

226 1890 342 1922 essct.
399 1881 454 1922 Et
485 1896 535 1920 ex
568 1879 631 1920 his
667 1889 804 1920 cetera
835 1879 1055 1931 oriuntur,
1102 1895 1215 1935 quae
1246 1880 1298 1920 ad
1329 1880 1409 1920 hoc
1448 1893 1731 1920 numerorum
1768 1894 1899 1934 genus
1931 1880 2151 1935 pertinent.

371 2039 459 2083 DE,
484 2038 719 2080 DUOBUS
753 2037 1018 2079 NUMERIS
1058 2038 1241 2079 INTER
1281 2037 1345 2078 SE
1377 2037 1790 2080 INCOMPOSITIS
1821 2039 1900 2080 ET
1931 2040 2040 2080 PER

969 2118 1033 2159 SE
1071 2117 1432 2158 COMPOSITIS.

394 2225 459 2266 Ex
491 2223 659 2265 duobus
691 2225 878 2266 numeris
910 2226 1016 2264 intcr
1046 2239 1089 2264 se
1120 2223 1426 2279 incompositis,
1471 2224 1560 2264 sive
1609 2233 1791 2278 uterque
1827 2224 1916 2264 sive
1953 2225 2056 2267 alter
2102 2237 2185 2282 pcr'

300 2336 431 2384 quidam
452 2332 607 2379 impares]
635 2333 774 2364 Restitui
801 2335 930 2381 quidam
952 2346 968 2364 a
986 2333 1100 2366 Grotio
1123 2344 1177 2364 nc·
1303 2344 1384 2378 quae
1401 2344 1420 2362 α
1438 2330 1553 2376 tribus]
1569 2331 1708 2363 Codices
1724 2331 1930 2363 Monacensis
1949 2334 2006 2377 (C)
2019 2340 2050 2365 et
2065 2334 2176 2366 Darin-

227 2400 364 2442 glcctnni
390 2411 406 2430 e
431 2398 540 2431 codice
561 2396 817 2429 Reichcnauensi
840 2402 871 2428 et
895 2395 1088 2428 editionibus
1105 2401 1178 2427 ante
1230 2394 1393 2426 stant-usis
1421 2397 1516 2441 qnia,
1540 2395 1677 2425 sortasse
1707 2395 1828 2426 melius.

226 2464 327 2495 iilum.
1302 2460 1337 2489 ίη
1366 2460 1512 2490 ternione
1542 2456 1643 2502 esset]
1686 2457 1742 2490 Sic
1770 2459 1872 2491 codex
1902 2459 2176 2493 Reiehenanensis

304 2532 335 2556 at
362 2521 454 2568 illud]
490 2522 546 2556 Sic
575 2533 614 2554 ex
642 2520 751 2554 codice
780 2521 1045 2563 Dat-nistuttcnsi3
1080 2521 1176 2565 vulgo
1228 2532 1286 2564 pro
1312 2525 1358 2551 est
1385 2519 1419 2551 in
1452 2519 1554 2552 editis.
1591 2520 1761 2552 Praeterea
1788 2520 1921 2553 Grotius
1951 2533 2008 2566 per
2038 2534 2175 2555 ern-orem

229 2597 260 2622 αι
293 2589 391 2620 abest.
1229 2583 1399 2615 tentiones.
