2310 2860
673 254 1521 323 MARTIANI

875 423 985 465 MIN
988 422 1046 465 EI
1089 424 1313 466 FELICIS

121 571 2066 703 CAPELLAE„

724 765 861 809 AFRI
907 765 1349 812 CARTHAGINIEN
1357 770 1435 812 SIS
1444 802 1456 822 ,

1050 913 1123 946 DE

430 1047 1743 1163 ASTRONOMIA

955 1218 1095 1250 LIBER
1125 1218 1218 1251 vm.

283 1317 461 1431 Quae
492 1369 597 1411 dum
629 1378 853 1425 geruntur,
896 1378 935 1409 et
964 1368 1146 1409 deorum
1176 1382 1293 1408 sacer
1323 1378 1490 1409 senatus
1520 1369 1611 1410 illos
1642 1385 1928 1416 numerorum
1960 1391 2058 1419 con-
2096 1376 2186 1419 805

111 1451 340 1492 cinentium
373 1450 792 1506 repugnantiumque
829 1448 1065 1489 admiratur
1096 1448 1332 1499 anfractus,
1367 1450 1592 1505 ipsamque
1626 1453 1830 1496 feminam
1873 1459 2063 1513 quadam

109 1531 362 1572 venerabilis
395 1530 664 1571 excellentiae
697 1529 941 1569 celsitudine
971 1530 1254 1571 reverendam
1288 1545 1373 1571 non
1405 1546 1570 1572 cassum
1602 1545 1821 1588 parentem
1854 1542 2062 1593 supersim

107 1611 314 1653 creditum
354 1612 630 1666 recognoscit3
672 1610 898 1650 multitudo
931 1612 1055 1651 etiam
1089 1626 1201 1666 quae
1231 1612 1344 1665 jussa
1376 1613 1613 1654 constiterat
1643 1616 1905 1670 sapientum,
1936 1635 2060 1674 prae-

105 1692 336 1746 sertimque
366 1691 626 1746 Pythagoras
669 1705 768 1731 cum
802 1690 1077 1731 sectatoribus
1109 1691 1291 1742 eunctis,
1336 1691 1541 1746 Platoque
1581 1694 1749 1735 Timaei
1784 1698 1849 1736 sui
1881 1699 2061 1754 caligosa

107 1771 422 1823 discriminans,
456 1772 616 1812 arcanis
649 1786 743 1812 eam
774 1771 974 1813 laudibus
999 1782 1279 1824 venerantum
1309 1782 1633 1828 nupturamque
1661 1776 1866 1830 virginem
1892 1780 2059 1834 saepius

105 1851 448 1905 conspicabunda
486 1851 622 1891 Pallas
659 1850 765 1905 quid
802 1864 929 1905 super
969 1850 1116 1890 dotalis
1157 1850 1391 1891 eruditione
1431 1851 1614 1893 feminae
1654 1855 1951 1909 comprobaret
1982 1874 2057 1900 ex—

104 1932 254 1986 quirit,
299 1941 339 1972 et
375 1932 465 1986 ipsa
504 1940 659 1971 nutum
710 1930 955 1970 admirantis
1000 1932 1226 1982 associans,
1277 1931 1493 1987 Cyllenius
1534 1943 1674 1974 autem
1723 1935 1883 1976 nullius
1924 1940 2057 1994 magis

102 2013 303 2053 alumnae
340 2010 566 2066 splendore
596 2025 644 2050 ac
674 2010 904 2050 luculentia
937 2010 1136 2065 gloriatus
1168 2012 1300 2066 hujus
1332 2027 1375 2052 se
1409 2012 1593 2053 feminae
1625 2013 1766 2054 evehit
1799 2016 2052 2069 granditate:

173 2127 394 2173 Aser-onomia]
430 2128 544 2160 Codex
573 2128 845 2159 Reichenauensis
877 2128 915 2159 de
941 2129 1054 2160 Astro-
1180 2127 1349 2173 creditum]
1376 2129 1464 2170 Lege
1489 2129 1824 2161 eredilam.Gnor.—
1847 2132 1948 2164 Miror
1970 2135 2053 2166 eodi-

101 2191 201 2234 loqia,
244 2202 349 2234 neque
379 2190 489 2231 negari
524 2195 646 2232 potest,
692 2190 755 2220 duo
791 2190 868 2221 haee
898 2190 1052 2221 voeabula
1104 2202 1157 2222 ces
1181 2204 1245 2222 non
1277 2192 1439 2233 addicere3
1468 2205 1602 2236 quorum
1627 2199 1731 2225 tamen
1763 2206 1937 2226 consensus
1956 2209 2051 2239 quum

101 2254 183 2284 inter
197 2265 231 2284 se
248 2253 449 2293 eommutari3
472 2258 608 2284 attamen
621 2252 688 2293 jam
703 2251 796 2284 Sexti
808 2252 890 2295 (adv.
904 2254 1050 2284 inathem.
1101 2252 1248 2292 vulgatae
1285 2253 1434 2285 lectionis
1468 2254 1686 2286 auctoritatem
1717 2260 1856 2294 tueatur,
1900 2256 1944 2287 ita
1977 2269 2050 2290 con-

100 2316 133 2354 5,
162 2316 202 2354 13
227 2326 259 2357 p.
279 2314 365 2357 258)
391 2314 586 2357 temporibus
613 2314 756 2345 videmus
777 2313 857 2344 illud
880 2313 1049 2345 discrimen
1101 2314 1287 2345 struendum
1316 2314 1390 2345 erit:
1415 2316 1635 2356 »recognoscit
1659 2327 1724 2346 non
1744 2327 1870 2358 ¹cassum
1897 2318 2049 2351 creditum

99 2376 216 2407 factum
243 2386 334 2415 esse,
360 2380 396 2405 ut
420 2374 626 2406 Astronomia
654 2375 793 2406 siderum
823 2375 903 2405 situs
928 2381 1046 2406 motus·
1098 2374 1195 2418 (esse)
1215 2375 1363 2406 seminam
1386 2382 1549 2419 parentem
1576 2379 1742 2420 superum«
1766 2377 1835 2409 scil.
1860 2389 1941 2410 esse.

98 2451 160 2483 que
184 2437 466 2481 contemplaretur,
492 2436 678 2480 Astrologia
706 2444 811 2470 autem
837 2440 973 2470 themata
993 2451 1045 2480 ge·
1162 2438 1270 2484 jussa]
1297 2440 1504 2485 Legejusta,
1526 2442 1557 2473 id
1583 2448 1631 2472 est
1642 2443 1753 2485 juxta.
1782 2442 1864 2473 Non.
1885 2443 2047 2476 Gnou—

98 2502 254 2534 nethliaea
284 2501 433 2543 erigeret,
460 2500 499 2531 de
525 2501 639 2544 quibus
661 2514 759 2545 quum
781 2502 958 2535 Martianus
983 2504 1044 2534 hoe
1093 2501 1264 2543 Ingeniosa
1297 2503 1468 2543 eorrectio,
1501 2503 1551 2535 eui
1575 2503 1689 2535 vellem
1724 2503 1848 2537 codices
1876 2504 2045 2551 adstipula-

96 2566 178 2598 libro
188 2577 251 2597 non
267 2564 427 2608 loquatur,
446 2564 604 2606 vulgatam
623 2576 747 2597 servare
763 2565 867 2610 aptius
876 2566 977 2598 visum
990 2571 1047 2598 est·
1098 2568 1225 2606 rentur}
1245 2575 1332 2597 nunc
1354 2564 1516 2608 vulgatam
1543 2570 1643 2596 tueor.
