2310 2860
743 142 943 185 Martiani
980 142 1179 200 Capellae
1218 144 1291 186 lib.
1316 143 1349 185 Ι.
1388 145 1419 196 §.
1443 143 1514 187 82.

2039 149 2123 192 125

161 249 324 292 falcem'
341 247 514 302 dextra,
543 249 757 306 laevaque
785 259 950 307 gestans
982 260 1146 293 cratera
1176 249 1468 303 somnificum,
1499 266 1549 293 ac
1579 266 1739 308 pronus
1767 253 1811 295 in
1841 253 2123 310 petulantiam

161 330 395 373 ferebatur.
426 331 569 386 Hujus
599 346 766 388 gressus
796 332 964 384 incerti,
1002 342 1131 388 atque
1161 332 1287 375 olacis
1318 334 1462 375 temeti
1492 333 1741 378 madoribus
1770 336 1990 392 implicati.
2023 337 2121 378 P'ost
2148 331 2208 377 85

162 409 241 453 hos
276 410 466 454 duorum
509 426 596 454 una
641 412 815 468 quidem
853 427 1147 469 germanaque
1177 413 1325 466 facies,
1368 413 1442 455 sed
1485 415 1591 456 alius
1621 414 1726 457 lueis
1763 416 1922 468 sidere,
1962 427 2120 473 opacae

160 493 294 536 noetis
325 494 432 536 alius
465 494 714 551 refulgebat.
774 495 943 538 Dehinc
973 494 1153 552 quidam
1183 493 1348 536 roboris
1379 494 1557 536 inauditi
1588 506 1628 538 et
1657 498 1921 552 expavendis
1946 513 2117 554 semper
2145 499 2205 541 84

160 626 239 659 tium
258 632 307 658 est
329 628 440 667 sitior,
465 628 736 672 typographorum
755 626 891 666 incuria,
919 632 954 657 ut
975 626 1118 667 videtui-3

159 703 255 734 quam
283 696 389 722 tamen
414 691 508 723 solita
533 703 606 724 cum
627 690 820 732 negligentia
841 690 1059 723 ‘Valthardus
1087 696 1119 723 et

161 753 304 786 Goezius
337 754 439 785 secuti
472 759 555 785 sunt.
605 752 832 785 Accuratiores
867 758 953 785 certe
988 753 1119 784 suerunt

159 815 315 860 Appuleji
334 816 420 860 (met.
440 817 470 847 1.
490 829 520 860 p.
540 817 586 849 16
605 815 706 860 Oud.)
725 816 932 860 interpreteS‚
950 816 1014 847 nisi
1031 816 1118 860 quod

159 878 242 910 male
279 878 462 920 »sanguinis
499 878 672 910 sititorem«
711 878 885 910 Plutonem
920 878 1119 922 interpretati

159 947 250 981 sunt,
275 943 330 986 qui
354 943 539 986 neutiquam
559 943 654 975 Jovis
675 949 742 975 crat
762 943 865 975 filius!
891 943 998 975 Facile
1021 943 1118 976 ctiam

159 1016 199 1036 ex
223 1004 331 1037 addito
354 1006 452 1037 verbo
476 1006 838 1049 q›·adn‘ebutu1·Martem
860 1007 1040 1039 Gradivum
1063 1018 1116 1048 ag-

157 1078 291 1099 noscere
315 1067 507 1112 potuissent.
555 1067 772 1110 »Sanguinem
799 1068 907 1100 sitire«
933 1080 997 1100 non
1020 1069 1116 1101 modo

157 1129 307 1162 Martiani
329 1129 496 1174 popularis
518 1129 684 1162 Arnobius
709 1130 763 1174 (1,
786 1143 818 1175 p.
836 1130 912 1174 15),
940 1131 997 1162 scd
1021 1130 1116 1162 ctiam

158 1191 274 1224 Cicero
296 1191 395 1235 (Phil.
420 1193 462 1232 5,
492 1191 530 1236 7)
554 1192 649 1234 dixit,
679 1199 819 1236 notaque
848 1206 888 1225 ex
911 1193 1042 1224 «Iustino
1068 1194 1116 1236 (l,

161 1256 183 1285 8
205 1255 239 1297 s.)
263 1267 328 1287 vox
351 1259 403 1288 est
423 1255 606 1299 Tomyridis
636 1256 675 1287 ad
704 1263 800 1300 caput
821 1257 899 1300 cpi
923 1257 1114 1289 abscissum:

164 1316 274 1349 »Satin
299 1322 332 1350 te
353 1317 526 1359 sanguine,
561 1329 657 1360 quem
689 1318 812 1349 sitisti«
845 1319 983 1350 Martem
1010 1324 1116 1351 autem

159 1380 255 1412 simili
269 1380 460 1422 cognomine
476 1379 603 1412 invocat
618 1380 781 1423 Orphieus
799 1379 919 1427 (hymn.
934 1382 994 1423 64,
1017 1393 1047 1414 v.
1063 1381 1116 1425 4)=

159 1441 294 1486 αἵματι,
318 1437 554 1489 ἀνδροφόνῳ
582 1440 756 1487 χαίρων1

235 1502 346 1548 comis]
374 1503 565 1536 Correetum
596 1503 726 1546 quidem
751 1503 784 1534 in
812 1503 976 1536 codicibus
998 1504 1117 1536 Bodle-

151 1565 231 1608 jauo
256 1565 359 1610 primo
384 1570 417 1596 et
440 1563 543 1596 musei
565 1564 744 1596 Britannici
765 1577 886 1606 comes,
919 1567 976 1597 sed
1000 1567 1039 1598 ab
1061 1567 1117 1598 inl-

157 1630 325 1675 prudentis
352 1629 519 1672 cujusdam
546 1640 653 1661 manu.
696 1629 804 1662 Comis
835 1629 920 1661 enim
950 1631 1117 1673 oppositus

156 1698 207 1726 est
232 1693 396 1736 sanguinis
430 1692 564 1734 sititori,
606 1698 639 1725 et
673 1693 756 1724 infra
785 1691 830 1737 (ξ.
853 1692 942 1736 451)
967 1694 1116 1725 Bacchus

163 1755 332 1788 ‚sanction
351 1754 467 1786 dieitur
483 1754 628 1794 deorum⁷
651 1754 919 1797 quemadmodum
942 1755 1027 1798 apud
1041 1755 1115 1786 Vir-

157 1816 268 1860 gilium
290 1815 390 1861 (Aen.
412 1816 449 1857 1,
476 1815 563 1859 754)
594 1815 751 1847 »laetitiae
778 1815 908 1856 dator«,
935 1820 968 1847 et
993 1816 1027 1847 in
1051 1816 1116 1860 epi-

158 1885 329 1923 grammate
354 1879 481 1912 Graeco
505 1878 567 1922 (2,
595 1879 658 1919 47,
691 1879 750 1910 25.
770 1891 802 1923 p.
820 1879 893 1910 515
918 1879 958 1910 de
981 1879 1116 1923 Bosch.)

159 1941 423 1990 ἑγερσιγέλως.

231 2004 349 2048 falcem
374 2001 504 2048 dextra]
530 2002 570 2034 In
593 2001 667 2035 MS.
695 2002 859 2034 ›xfaciemuz
886 2003 958 2034 vide
986 2014 1027 2034 an
1053 2003 1116 2034 »sa-

157 2077 262 2106 eemu,
287 2066 328 2098 de
344 2066 475 2098 Baccho
497 2064 581 2096 enim
606 2075 727 2104 sermo,
752 2065 844 2106 eujus
862 2064 896 2095 in
918 2064 1009 2095 sestis
1031 2064 1117 2096 faces

158 2130 302 2171 usitatae,
325 2129 411 2161 unde
425 2123 620 2167 Διόνυσος
640 2124 822 2173 λαμπτὴρ
849 2127 990 2171 itemque
1017 2138 1117 2174 φαυ-

158 2190 315 2241 6τήριος
337 2193 451 2225 dictus.
477 2191 608 2224 Falcem
632 2196 740 2222 tamen
762 2190 839 2222 ferri
862 2195 971 2235 potest
991 2202 1050 2234 pro
1078 2201 1117 2222 eo

158 2269 222 2301 quo
246 2256 359 2289 vineae
384 2261 548 2302 putantur.
585 2253 624 2287 Si
649 2265 726 2286 vero
748 2252 918 2287 Albi-icum
942 2254 1137 2298 sequimur,'

160 2318 211 2350 eui
234 2329 360 2363 semper
387 2330 483 2362 quam
508 2316 783 2350 conformissimns
807 2317 1002 2357 Martianus,
1030 2315 1118 2360 qnod

161 2393 201 2413 cx
223 2381 369 2424 diligenti
392 2381 563 2414 collatione
587 2381 679 2414 facile
709 2386 815 2425 patet,
841 2381 987 2413 videatur
1012 2391 1117 2412 »raee-

160 2457 264 2476 mumu
293 2445 476 2488 legendum.
493 2444 598 2478 Gnor.
615 2464 662 2469 —
690 2444 808 2478 Pacem
832 2444 987 2488 (Baccho)
1007 2443 1118 2476 tribuit

161 2508 337 2540 Martianus
369 2508 519 2553 Capella:
550 2509 649 2541 »alter
679 2509 786 2542 suavis
815 2515 848 2541 et
873 2508 979 2541 ·comis
1012 2508 1118 2551 facem

163 2570 256 2615 (aliae
275 2575 380 2602 tamen
403 2572 559 2605 editiones
575 2572 708 2616 falcem,
739 2585 821 2617 qnae
844 2585 909 2606 non
932 2572 1014 2604 male
1035 2572 1117 2605 Bac-

1169 627 1229 658 cho
1255 627 1415 668 convenit,
1436 627 1601 672 exhibent)
1625 629 1736 662 dextra
1754 648 1802 654 —-
1819 636 1977 672 gestans«
2001 630 2127 664 cmm.

1169 689 1221 732 (in
1250 688 1352 734 Harp.
1374 703 1405 734 p.
1426 690 1495 733 95)
1520 708 1568 714 —
1592 692 1710 723 Facem
1741 691 1874 724 Grotius
1907 698 1941 725 ct
1972 693 2125 737 Cuperus

1168 752 1232 795 legi
1251 753 1377 795 jubent.
1397 753 1499 786 Gonz.
1519 774 1567 779 —
1605 755 1814 798 Quantopere
1845 756 1947 788 salsus
1981 757 2126 789 Goezius

1168 816 1226 856 sit,
1258 816 1326 861 ipsa
1355 817 1484 848 illorum
1515 818 1611 850 verba
1644 818 1776 860 docent3
1814 832 1919 863 neque
1944 820 1977 852 in
1999 826 2124 852 textum

1168 878 1308 922 recipere
1330 879 1467 911 debebat
1482 880 1597 923 facem.
1616 879 1754 912 Omnem
1772 881 2004 914 dubitationem
2018 893 2124 914 remo-

1167 946 1243 973 vent
1265 941 1385 972 Tibulli
1407 941 1453 985 (1.
1474 942 1508 974 4.
1532 941 1567 985 7)
1585 953 1712 974 versus:

1225 1004 1298 1037 „Sic
1319 1018 1393 1049 ⁶3⁰³
1416 1011 1484 1038 tum
1507 1006 1631 1038 Bacchi
1652 1007 1823 1050 respondet
1854 1009 1976 1039 rustica
2004 1008 2122 1051 proles,

1216 1068 1373 1098 Armatus
1396 1079 1491 1099 curva
1516 1070 1562 1099 sic
1583 1070 1660 1100 mihi
1683 1068 1764 1100 falce
1791 1069 1907 1108 deus«,·

1167 1128 1291 1161 Osiridi
1313 1143 1441 1175 quoquc
1464 1131 1549 1163 idem
1565 1132 1611 1176 (1.
1628 1133 1659 1163 7.
1677 1132 1740 1175 54)
1759 1132 1872 1164 falcem
1889 1131 2011 1173 tribuit,
2035 1134 2124 1164 vine-

1166 1196 1283 1226 aticum
1306 1195 1452 1226 nimirum
1478 1195 1544 1227 sive
1568 1197 1767 1236 vinitor-iam,
1800 1196 1892 1238 eujus
1915 1207 2011 1240 saepe
2037 1208 2123 1228 men-

1167 1256 1212 1288 tio
1239 1257 1275 1288 fit
1297 1257 1381 1300 apud
1410 1257 1458 1288 rei
1479 1257 1617 1289 rusticae
1643 1257 1816 1301 scriptores
1845 1257 1942 1302 (Cato
1965 1269 1992 1290 r.
2012 1269 2038 1288 r.
2069 1259 2126 1289 11.

1167 1319 1209 1359 45
1235 1319 1340 1351 Varro
1372 1320 1400 1350 1.
1425 1319 1482 1350 22.
1517 1321 1556 1359 53
1587 1319 1717 1352 Colum.
1740 1320 1776 1352 4.
1798 1318 1870 1363 25).
1906 1321 2125 1352 Vinisatorem

1166 1380 1347 1423 Dionysum
1368 1381 1508 1424 appellat
1527 1380 1648 1413 Accius
1669 1381 1768 1426 (apud
1781 1381 1924 1414 Macrob.
1942 1381 2011 1414 Sat.
2029 1383 2063 1413 G.
2080 1380 2126 1424 5).

1242 1440 1352 1486 olacis]
1379 1441 1525 1474 Verbum
1552 1448 1602 1473 est
1639 1443 1800 1483 insolens,
1839 1455 1925 1476 nunc
1960 1440 2125 1487 εὔοδμον

1168 1503 1219 1547 (ut
1237 1505 1319 1536 libro
1344 1505 1486 1537 secundo
1505 1517 1665 1536 »acerram
1684 1506 1862 1550 olacemu),
1886 1518 1972 1538 nunc
1992 1502 2124 1546 ὃύςοὸ-

1169 1578 1244 1608 μον
1269 1567 1323 1609 (ut
1346 1566 1415 1611 hic)
1443 1567 1637 1609 significans.
1686 1566 1807 1600 Glossa
1837 1568 1969 1600 Isidoriz
2004 1567 2125 1607 »Olax,

1170 1627 1304 1658 olidus«
1327 1627 1433 1659 Gnor.
1447 1645 1495 1651 ·—-
1514 1627 1645 1660 Similes
1667 1629 1702 1660 in
1724 1628 1790 1661 AX
1813 1629 1997 1661 desinentes
2017 1640 2126 1668 voees,

1168 1690 1299 1732 vigilax,
1326 1697 1466 1731 mentax,
1494 1703 1629 1736 crepax,
1658 1692 1789 1736 loquax,
1814 1693 1967 1724 Barthius
1993 1692 2130 1735 (advers.

1167 1765 1198 1797 p.
1224 1752 1343 1797 1648)
1367 1752 1506 1794 collegit.
1544 1753 1694 1785 Martiani
1722 1754 1888 1798 popularis
1919 1752 2066 1796 (Amol).
2094 1754 2128 1785 5.

1167 1828 1200 1859 p.
1230 1813 1323 1857 1191)
1355 1814 1492 1846 eundem
1526 1815 1691 1846 Bacchum
1728 1815 1874 1847 similiter
1913 1815 2127 1847 »faeculentae

1168 1876 1336 1908 hilaritatis
1361 1876 1521 1908 datorem«
1551 1876 1777 1920 appellaverat.

1241 1937 1437 1983 mutim-ibus]
1456 1938 1571 1970 Codex
1591 1937 1720 1981 quidem
1739 1937 2014 1980 Cantabrigiensis
2032 1938 2126 1970 »odo-

1166 1999 1294 2040 ribus«,
1322 2000 1379 2031 scd
1395 1999 1535 2044 praetuli
1552 1999 1715 2041 vulgatam
1733 1999 1915 2032 lectionem.
1938 2000 2128 2032 Madet-{bus

1169 2064 1363 2107 implicatum
1388 2064 1448 2105 ait,
1481 2069 1515 2095 ut
1540 2064 1703 2095 madidum
1730 2063 1825 2095 simul
1850 2069 1884 2095 ct
1902 2063 2038 2107 infirmis
2060 2063 2126 2095 sive

1167 2128 1326 2171 impeditis
1350 2127 1514 2170 gressibus
1537 2127 1740 2159 incedentem
1766 2127 1969 2169 significaret.

1243 2203 1360 2235 opacae
1380 2189 1496 2237 noctis]
1522 2191 1664 2224 Primam
1680 2202 1793 2223 vocem
1810 2203 1828 2223 e
1846 2191 1998 2234 Ilugiano
2015 2190 2124 2224 codiee

1169 2253 1325 2298 supplevi.
1347 2253 1433 2285 Nota
1450 2259 1501 2285 est
1514 2253 1621 2285 sabula
1638 2253 1679 2285 de
1695 2253 1818 2286 alterna
1834 2253 2006 2286 Castorum
2023 2257 2124 2284 morte

1168 2317 1277 2362 (Hom.
1301 2316 1421 2361 Odyss.
1441 2319 1506 2358 11,
1530 2317 1616 2351 502.
1639 2317 1731 2359 virg.
1753 2316 1839 2350 Aen.
1857 2318 1900 2359 (3,
1926 2318 2006 2349 121.
2028 2315 2121 2347 Ouid.

1167 2386 1240 2418 fast.
1263 2383 1303 2422 5,
1335 2383 1417 2414 717.
1447 2381 1507 2415 Sil.
1529 2382 1573 2423 9,
1602 2382 1687 2414 295.
1709 2382 1855 2414 Lactant.
1877 2382 1917 2421 1,
1949 2379 2016 2422 10).

1242 2442 1453 2489 capavemlis]
1480 2442 1537 2477 Sic
1564 2449 1648 2475 teste
1670 2443 1784 2476 Cortio
1802 2443 1836 2475 in
1858 2441 2121 2484 Guelferbytano.

1168 2507 1255 2540 Edit.
1284 2508 1525 2552 exstirpandis,
1561 2507 1620 2539 sed
1654 2506 1884 2538 »adversitates
1916 2503 2115 2548 exstirpare«

1170 2570 1241 2615 quis
1274 2570 1412 2603 dixerit?
1445 2571 1533 2605 Cave
1557 2575 1663 2602 tamen
1692 2568 1735 2599 ita
1763 2566 1916 2611 accipias,
1949 2565 2040 2608 quusi
2066 2575 2120 2595 cx-

1632 2630 1677 2660 16
1699 2626 1722 2652 *
