2310 2860
196 188 284 231 272
777 185 976 229 Martiani
1005 182 1204 241 Capellae
1233 182 1306 226 lib.
1325 180 1400 227 111.
1438 185 1469 237 §.
1492 183 1596 227 245.

199 296 326 347 Quae
348 304 490 336 tamen
514 294 716 350 utrinque
744 294 775 335 P
806 294 951 336 literae
981 291 1230 349 copulatur,
1261 300 1309 332 ut
1337 289 1494 347 spado,
1527 291 1748 348 psittacu53
1780 301 1818 333 et
1849 293 1896 344 C,
1928 294 1990 346 Q,
2025 294 2064 334 Τ
2095 309 2161 334 se-

199 385 377 432 quentes
407 374 698 431 amplectitur,
739 383 786 417 ut
816 375 1025 425 Scaurus,
1059 387 1266 429 squama,
1298 372 1430 414 stella.
1499 372 1547 414 In
1584 372 1730 429 plures
1773 373 1898 414 etiam
1937 375 2159 416 transitum

197 456 318 508 facit,
361 455 483 496 utin
512 456 571 507 L,
604 454 786 497 dicimus
830 454 944 495 enim
985 453 1163 505 modus,
1209 453 1433 507 modulus3
1486 454 1528 495 in
1562 454 1626 506 N,
1665 454 1856 509 sanguis,
1900 454 1985 507 nis;
2028 455 2071 496 in
2100 455 2161 506 R,

196 535 296 588 flos,
336 536 473 589 floris3
516 537 558 578 in
590 537 656 588 D,
696 545 857 586 custos,
896 534 1101 588 custodis3
1150 534 1192 575 in
1227 534 1289 586 T,
1333 549 1485 591 nepos,
1525 534 1703 590 nepotis.
1775 535 2000 576 Tei-minat
2037 535 2163 577 etiam

196 617 433 659 masculina
470 626 509 658 et
547 616 751 658 feminina
796 624 888 671 post
928 630 1077 657 omnes
1116 614 1313 666 voca10s3
1374 624 1526 656 neutra
1565 623 1658 670 post
1690 613 1748 664 A,
1788 615 1848 666 O,
1885 614 1951 666 V,
1993 623 2041 655 ut
2075 629 2162 666 vaS,

195 712 269 749 os,
316 711 482 739 nemus.
555 696 668 738 Huic
705 696 851 738 literae
897 696 1036 737 Divus
1079 694 1284 737 Claudius
1326 695 1357 736 P
1397 694 1549 750 adjecit
1600 704 1672 736 aut
1713 694 1747 735 C
1789 704 1965 751 propter
2002 709 2037 744 ψ
2068 703 2107 736 ct
2142 699 2165 742 ξ

74 782 166 826 246
197 778 383 820 Graecas
414 778 574 828 literas,
603 786 652 818 ut
684 777 730 828 P,
761 776 1033 833 psalterium,
1065 786 1113 818 ut
1144 776 1200 828 C,
1235 792 1364 818 sacsa.
1421 777 1466 819 X
1500 787 1642 819 autem
1677 784 1805 818 nemo
1835 777 2001 818 literam
2032 785 2165 832 putat,

195 858 403 914 quoniam
433 857 595 914 duplex
635 867 707 899 est.

195 979 404 1020 dictionibus,
428 991 508 1024 quas
526 993 543 1012 a
565 980 699 1013 Graecis
717 980 825 1013 Latini
847 981 1030 1023 sumserint,
1057 993 1153 1027 saepe

194 1054 253 1089 pro
277 1056 314 1076 ea
335 1050 488 1089 ponatur,
515 1050 549 1076 ut
570 1057 650 1084 sex,
676 1046 728 1077 sal
748 1051 808 1077 cet.

272 1105 428 1150 lllessala}
456 1106 503 1140 M.
521 1107 595 1138 val.
618 1106 781 1139 Corvinus
800 1106 959 1147 Messala,
985 1106 1152 1138 Ciceronis

195 1173 230 1200 et
249 1166 392 1210 Augusti
414 1169 573 1213 aequalis,
600 1175 632 1201 et
655 1169 793 1201 oratoria
813 1175 880 1201 arte
902 1175 934 1201 et
952 1169 1153 1211 grammatica

194 1231 317 1272 clarus,
348 1232 387 1263 de
415 1233 505 1274 cujus
529 1233 592 1264 vita
620 1238 652 1265 et
676 1232 791 1265 studiis
816 1233 979 1265 doetrinae
999 1232 1153 1264 eruditam

195 1291 453 1326 dissertationem
484 1294 611 1338 scripsit
638 1294 823 1326 Ludovicus
849 1294 970 1327 WViesc
995 1293 1154 1337 (Berolini

197 1353 308 1387 1829.
329 1355 378 1397 8).
406 1354 609 1397 Singularem
633 1355 751 1387 librum
779 1355 924 1387 ediderat
945 1355 984 1387 de
1006 1356 1099 1387 litera
1116 1353 1153 1395 S,

196 1428 291 1461 quem
311 1423 538 1450 commemorat
556 1418 796 1461 Quinctilianus
820 1420 873 1462 (1,
901 1420 933 1458 7,
960 1418 1007 1450 25
1025 1423 1057 1449 et
1079 1418 1153 1460 55),

194 1479 250 1510 ubi
272 1485 304 1511 ct
327 1479 408 1511 illud
428 1479 569 1523 positum
591 1479 691 1511 fuisse
711 1480 853 1520 videtur,
881 1480 968 1525 quod
989 1485 1100 1512 noster
1124 1479 1155 1512 ei

195 1540 321 1581 tribuit,
347 1546 379 1572 et
402 1541 489 1584 quod
508 1539 747 1584 Quinctfliauus
775 1542 837 1573 alio
857 1541 930 1574 loco
952 1542 1005 1586 (9,
1026 1542 1066 1582 4,
1091 1541 1154 1584 57)

194 1607 319 1641 narrat,
351 1602 525 1634 Messalam
558 1602 583 1634 S
604 1603 745 1643 literam,
779 1603 907 1646 quoties
933 1603 1044 1634 ultima
1069 1608 1156 1635 esset

196 1663 321 1707 aliaque
344 1668 541 1695 consonante
562 1664 793 1708 susciperetur,
815 1664 1062 1697 subtrahendam
1081 1675 1153 1696 cen-

193 1726 311 1758 unisse.

271 1787 442 1835 Claudius]
468 1789 519 1822 De
543 1789 674 1823 Claudii
699 1791 925 1823 notationibus
946 1791 1029 1825 eirca
1047 1791 1153 1824 litera·

193 1865 265 1885 rum
292 1854 410 1884 formas
443 1859 544 1886 testes
578 1860 654 1887 sunt
686 1855 818 1888 Tacitus
853 1854 946 1899 (ann.
974 1857 1036 1896 11,
1071 1855 1157 1898 14),

193 1913 372 1949 Suetonius
394 1915 524 1959 (Claud.
538 1915 619 1960 41),
642 1916 714 1957 alii,
742 1917 852 1949 confer
869 1917 999 1949 omnino
1020 1916 1156 1950 Schnei-

194 1975 307 2008 derum
336 1976 447 2020 (elem.
471 1976 504 2018 1,
531 1990 566 2022 p.
586 1978 609 2009 6
634 1977 753 2022 sequ.).
795 1977 862 2011 Sed
890 1979 1016 2021 egregie
1042 1979 1153 2023 lapsus

195 2042 247 2071 est
266 2036 458 2078 Martianus,
479 2050 577 2082 quum
597 2038 770 2071 Claudium
788 2040 995 2072 arbitraretur
1018 2040 1152 2083 singulis

195 2097 298 2130 literis
322 2098 455 2131 Graecis
481 2099 573 2131 binas
598 2101 762 2132 Romanas
789 2101 1009 2141 substituisse,
1038 2108 1074 2133 ut
1094 2113 1152 2146 pro

194 2161 235 2198 Ἰ)
253 2167 339 2194 esset
364 2161 446 2202 PS,
471 2174 528 2206 pro
557 2161 586 2199 Ξ

197 2225 314 2266 abfuit,
336 2231 386 2266 ut,
411 2237 509 2269 quum
530 2227 666 2259 Romani
691 2239 751 2272 pro
778 2225 807 2264 Ξ
830 2241 925 2260 unam
942 2229 974 2261 X
990 2230 1155 2269 haberent,

612 2175 687 2196 vero
715 2163 803 2205 CS,
831 2165 915 2196 unde
949 2170 1073 2197 tantuin
1099 2165 1153 2197 ille

196 2300 255 2331 pro
277 2286 314 2322 Ψ
332 2287 442 2318 itidem
469 2287 606 2331 simplex
630 2289 756 2329 signum
775 2289 960 2333 Antisigma
990 2292 1048 2323 hac
1077 2291 1155 2332 figu-

197 2361 248 2380 ra:
274 2350 311 2391 J(
348 2348 549 2381 introducere
585 2350 743 2389 studeret,
783 2352 870 2395 qnod
906 2352 1019 2385 iisdem
1049 2352 1154 2384 verbis

197 2416 334 2442 testatur
358 2410 543 2442 Priscianus
566 2410 612 2453 (l,
635 2423 664 2454 p.
682 2412 729 2443 23
749 2412 873 2455 nasu).

272 2470 401 2516 literas]
428 2471 529 2516 Apud
555 2471 704 2504 Grotium
737 2480 817 2504 eratt
850 2482 998 2519 „propter
1026 2483 1060 2516 ψ
1083 2482 1115 2508 et
1138 2474 1162 2517 ξ

780 857 953 899 Constat
991 858 1106 899 enim
1137 872 1190 899 ex
1222 857 1260 900 G
1292 866 1331 899 et
1361 858 1412 911 S,
1453 866 1500 899 ut
1529 871 1633 910 rex,
1672 857 1801 914 regis,
1849 867 1922 899 aut
1963 873 2016 899 ex
2059 856 2094 898 C
2125 866 2165 898 et

1211 981 1275 1012 »Pe
1312 986 1344 1013 ct
1367 985 1442 1025 post
1466 980 1654 1024 psalterium
1688 986 1743 1012 »ut
1766 979 1833 1021 C«,
1860 980 1998 1024 denique
2022 991 2063 1011 cx
2085 979 2165 1024 pris·

1204 1044 1250 1075 eis
1285 1043 1480 1076 editionibus
1520 1044 1647 1076 restitui
1682 1043 1871 1088 scripturam
1908 1056 2052 1083 »εδει-τιν,
2083 1053 2165 1086 quac

1204 1107 1354 1140 martiani
1375 1108 1552 1139 sententiae
1572 1108 1664 1139 unice
1682 1107 1842 1148 convenit,
1865 1118 1970 1151 neque
1987 1118 2006 1138 a
2022 1112 2165 1138 veterum

1205 1180 1266 1200 usu
1291 1180 1424 1212 prorsus
1448 1168 1606 1200 abhorret.
1646 1167 1702 1201 Sic
1733 1168 1765 1200 in
1798 1168 2014 1200 monumentis
2046 1168 2164 1211 saepis-

1206 1231 1284 1263 sime
1307 1229 1442 1272 legimus
1468 1228 1624 1262 VICSIT
1647 1230 1818 1273 (palacogr.
1843 1230 1911 1261 crit.
1936 1230 1995 1271 IV,
2021 1229 2165 1274 §.587)‚

1205 1295 1302 1338 inque
1324 1293 1439 1336 lapidis
1465 1293 1631 1336 eujusdam
1654 1293 1747 1324 titulo
1773 1293 1835 1337 (ap,
1854 1292 1985 1326 Gruter.
2011 1294 2104 1333 544,
2129 1293 2168 1339 4)

1205 1354 1505 1394 LVCSERYNT‚
1535 1354 1620 1385 unde
1641 1353 1786 1386 Isidorus
1808 1354 1902 1385 etiam
1926 1355 2033 1398 (etym.
2059 1355 2098 1395 1,
2125 1355 2167 1394 4,

1209 1419 1273 1458 143
1308 1431 1338 1462 p.
1361 1419 1403 1450 ll
1430 1417 1542 1459 Arcv.)
1567 1429 1643 1461 »pro
1668 1417 1713 1458 X,
1739 1417 1859 1461 inquit,
1886 1418 2068 1450 scribebant
2088 1417 2117 1450 C
2135 1410 2189 1451 et²

1206 1481 1249 1522 S,
1271 1482 1430 1525 siquidem
1453 1481 1572 1525 duplex
1592 1487 1759 1522 vocatur«,
1779 1482 1912 1526 ipseque
1929 1482 2167 1525 Quinctilianus

1206 1546 1262 1589 (1,
1288 1546 1323 1585 4,
1345 1546 1384 1585 9,
1415 1557 1446 1588 p.
1467 1546 1514 1576 (55
1543 1544 1674 1587 Spald.)
1701 1544 1740 1576 dc
1763 1545 1855 1576 litera
1878 1545 1909 1575 Χ
1936 1545 2060 1576 scribit:
2085 1557 2167 1589 »qua

1205 1614 1311 1640 tamen
1351 1618 1459 1639 carere
1501 1607 1682 1651 potuimus,
1720 1607 1748 1638 si
1788 1619 1853 1640 non
1892 1608 2157 1652 quaesissemus·

1207 1670 1339 1703 Confer.
1365 1669 1495 1700 omnino
1524 1668 1744 1701 Schneiderus
1770 1669 1884 1713 (clem.
1910 1670 1944 1711 Ι,
1970 1683 2001 1715 p.
2024 1669 2112 1714 572)
2134 1677 2166 1703 et

1206 1738 1284 1764 nota
1310 1742 1391 1774 quae
1412 1730 1567 1773 sequitur.

1283 1790 1420 1836 duplex]
1457 1791 1632 1836 Scioppius
1655 1792 1837 1835 (grammat.
1862 1793 1977 1837 philos.
2002 1806 2035 1838 p.
2058 1793 2167 1837 256)=

1211 1853 1389 1886 oAnnaeus
1415 1853 1582 1886 Cornutus
1608 1854 1648 1885 de
1675 1855 1836 1896 orthogn:
1858 1855 1963 1887 Varro
1989 1855 2020 1887 X
2041 1855 2168 1888 literam

1206 1927 1278 1948 esse
1296 1920 1409 1958 negat,
1433 1915 1466 1946 in
1484 1926 1548 1959 quo
1573 1915 1651 1959 quid
1673 1915 1788 1947 viderit
1808 1916 1949 1949 nondum
1971 1917 2168 1962 deprehendi

1205 1978 1333 2022 (nempe
1358 1976 1517 2018 singulam
1538 1988 1605 2008 non
1623 1978 1720 2021 esse).
1746 1968 1939 2010 Victorinus
1958 1984 2016 2010 art.
2037 1991 2167 2021 gramm.

1204 2040 1262 2073 lib.
1293 2040 1330 2070 1:
1354 2038 1465 2069 Latini
1496 2049 1609 2079 voces,
1641 2051 1722 2082 quae
1748 2026 1841 2071 bsx
1861 2040 1986 2072 literam
2008 2039 2165 2080 incidunt,

1205 2104 1233 2135 si
1260 2103 1294 2134 in
1322 2101 1536 2135 declinatione
1570 2114 1678 2134 carum
1708 2103 1881 2147 apparebat
1906 2102 1953 2143 G,
1984 2102 2167 2135 scribebant

1205 2165 1238 2198 G
1262 2168 1294 2196 et
1320 2161 1364 2204 S,
1395 2168 1431 2194 ut
1458 2165 1609 2208 conjuqs,
1641 2165 1716 2207 leqs.
1755 2163 1903 2205 Nigidius
1928 2163 1961 2195 in
1984 2163 2074 2196 libris
2099 2165 2167 2196 suis

1206 2225 1237 2258 Χ
1257 2225 1351 2257 litera
1368 2236 1434 2256 non
1455 2231 1506 2256 cst
1532 2237 1628 2266 usus,
1658 2224 1879 2268 antiquitatem
1904 2237 2054 2269 sequens.
2078 2227 2166 2258 Pris-

1207 2287 1317 2320 cianus
1339 2285 1395 2317 lib.
1416 2286 1452 2318 1:
1471 2286 1502 2317 X
1522 2285 1681 2330 duplicem
1697 2286 1769 2318 loco
1796 2286 1824 2318 C
1848 2292 1880 2318 ct
1903 2286 1940 2327 S,
1960 2287 2011 2319 vel
2035 2287 2067 2321 G
2082 2294 2114 2320 et
2130 2288 2168 2330 S,

1208 2355 1321 2395 postea
1341 2360 1360 2380 a
1385 2348 1519 2382 Graccis
1547 2349 1725 2389 inventam,
1757 2350 1983 2391 assumsimus,
2020 2357 2056 2382 ut
2086 2352 2168 2391 dux,

1211 2413 1323 2452 ducjs,
1354 2422 1431 2452 rex,
1458 2412 1553 2455 reyis.
1591 2410 1757 2443 Charisius
1781 2411 1837 2443 lib.
1860 2412 2032 2453 1=Me1·x‚·
2060 2411 2166 2446 Sallu-

1215 2475 1295 2508 stius
1318 2486 1438 2507 merces
1459 2474 1545 2507 dicit.
1570 2473 1627 2507 Sic
1646 2474 1736 2517 faces
1759 2475 1882 2519 antiqui
1904 2486 1964 2520 pro
1982 2476 2062 2520 sax,
2085 2482 2167 2509 teste

200 2533 353 2575 Graecas,
363 2535 568 2576 Psalterium,
583 2547 688 2576 samu,
705 2536 881 2580 equideme
897 2538 1166 2583 cod.Monac.(C)
1216 2541 1326 2572 Festo.
1341 2556 1388 2562 --
1424 2536 1559 2571 Servius
1583 2538 1615 2569 in
1647 2536 1733 2571 Aen.
1757 2540 1773 2570 1
1792 2552 1798 2568 :
1825 2539 1980 2572 Adnixus
2003 2540 2167 2583 antiquum

201 2598 322 2631 inserui
349 2598 475 2631 »literas
497 2604 568 2641 ut«,
592 2599 706 2632 deinde
730 2612 747 2633 e
771 2600 1020 2637 Damnstattensi
1037 2609 1112 2649 post
1126 2609 1163 2639 ut

1213 2609 1279 2644 cst,
1309 2608 1344 2635 ut
1372 2604 1532 2636 connixus
1538 2625 1550 2641 ,
1578 2602 1694 2647 quibus
1720 2602 1814 2634 bodie
1840 2614 1906 2635 non
1929 2603 2054 2635 utimur.
2078 2603 2166 2637 Dici·
