2310 2860
646 254 718 321 M
786 255 845 319 A
911 256 969 318 R
1033 255 1087 318 T
1151 253 1182 317 I
1246 252 1304 316 A
1360 253 1419 319 N
1486 254 1516 316 I

766 387 1008 430 MINEI
1065 384 1390 430 FELICIS

102 501 974 601 CAPE

1129 499 2049 621 LLAE‚

704 668 842 712 AFRI
892 664 1423 709 CARTHAGINIENSIS
1435 696 1447 716 ,

463 804 693 879 DE
838 797 1684 877 NUPTIIS

641 938 1040 981 PHILOLOGIAE
1080 938 1158 979 ET
1198 936 1490 979 MERCURII

980 1047 1120 1079 LIBER
1146 1046 1171 1079 1.

348 1141 480 1240 Tu
511 1211 642 1253 quem
675 1197 925 1254 psallentem
956 1194 1174 1246 thalamis,
1216 1209 1348 1250 quem
1389 1204 1525 1237 matre
1557 1194 1775 1236 Camoena

492 1278 765 1333 Progenitum
797 1275 1040 1333 perhibent,
1088 1276 1243 1331 copula
1272 1292 1412 1328 sacra,
1463 1276 1615 1318 deum:

180 1382 227 1413 Τιι
248 1379 354 1429 quem]
382 1381 517 1424 Satura,
544 1385 694 1416 Martiani
720 1386 831 1425 amica,
858 1388 918 1418 hos
937 1398 1050 1417 versus

101 1444 185 1476 canit
200 1445 232 1476 in
250 1445 377 1476 laudem
391 1445 588 1488 Hymenaei,
625 1448 680 1490 qui
697 1453 746 1478 est
764 1448 842 1478 deus
859 1450 1051 1491 nuptiarum,

101 1507 132 1538 id
170 1513 236 1547 est,
283 1508 474 1539 naturalium
511 1509 764 1552 conceptionum.
826 1510 956 1541 GLOSSA
997 1511 1052 1552 (in

101 1569 170 1601 cod.
184 1569 372 1601 Monacensi
389 1569 430 1610 B,
458 1569 608 1613 aliisque)
621 1588 671 1594 -—
684 1569 782 1601 Istam
806 1570 934 1613 quidem
955 1570 1051 1601 inter-

101 1632 310 1677 pretationem
335 1633 531 1674 Vulcanius,
562 1633 713 1673 Grotius,
744 1633 906 1673 Goezius,
941 1646 1051 1665 omncs

101 1702 310 1741 receperunt,
352 1697 496 1741 quamvis
531 1697 623 1729 facile
654 1697 837 1740 perspicere
859 1698 1052 1740 potuissent,

101 1772 166 1792 non
182 1759 333 1793 Saturam
354 1761 452 1793 hosce
470 1773 583 1793 versus
603 1760 848 1804 pronuntiasse3
876 1761 933 1792 sed
949 1761 1053 1804 ipsum

102 1822 305 1862 martianum,
327 1827 452 1866 patrem
471 1822 618 1853 nimirum
634 1822 952 1866 quinquagenarium,
978 1827 1054 1865 poe-

102 1884 165 1916 tico
189 1883 303 1928 spiritu
341 1884 502 1924 afflatum⁷
550 1884 667 1927 quippe
700 1884 755 1927 qui
789 1896 807 1914 a
840 1883 906 1915 filio
939 1884 1053 1915 deinde

102 1945 145 1990 (ἓ.
165 1945 203 1989 2)
229 1945 262 1976 in
284 1944 323 1976 iis
346 1945 608 1989 reprehendatur.

176 2004 377 2051 psallentem]
404 2003 692 2052 Ηιθαρίζοντατ
718 2006 854 2048 psallere
888 2006 942 2038 vix
984 2006 1053 2037 aliis

102 2070 164 2102 nisi
196 2070 300 2114 poetis
331 2069 489 2113 sequioris
519 2069 598 2109 aevi,
628 2074 660 2100 et
686 2069 829 2113 inprimis
862 2069 1053 2101 Christianis

103 2135 345 2178 frequentatum.
383 2132 483 2165 Gonz.
513 2151 562 2157 —-
607 2132 694 2164 Cave
731 2133 859 2164 credas!
911 2133 1054 2164 Utuntur

103 2200 163 2230 hoe
181 2198 278 2229 verbo
296 2196 482 2237 Sallustius,
507 2196 674 2236 Horatius,
699 2196 950 2240 QuinetilianuS,
976 2197 1052 2228 Gel-

103 2259 176 2299 lius,
197 2258 393 2299 Macrobius,
415 2258 479 2298 alii,
498 2258 658 2289 etiterum
674 2264 784 2290 noster
797 2258 878 2289 infra
899 2257 940 2304 (§.
956 2259 1053 2303 924).

131 2345 134 2348 ,
177 2318 290 2364 matre]
319 2320 517 2352 Claudianus
531 2320 635 2361 XXX,
651 2322 709 2352 51.
720 2320 944 2364 Hymenaeum
958 2321 1054 2353 Musa

105 2381 304 2425 progenitum
325 2382 421 2414 ctiam
448 2381 537 2414 facit:

162 2443 277 2476 „Hune
301 2444 401 2475 Μιιεα
424 2445 569 2488 ι(Ῐοηίἰιιπη
594 2444 671 2487 legit
698 2443 856 2487 Cytherea
879 2445 1054 2493 ducemque

156 2505 316 2548 Praefeeit
334 2507 481 2539 thalamis
488 2520 500 2547 ,-
527 2508 651 2539 nullum
659 2509 812 2551 junxisse
833 2509 935 2540 cubile

158 2570 229 2602 Hoc
254 2571 324 2601 sine
334 2593 345 2608 ,
374 2582 432 2602 nec
455 2572 575 2613 primas
593 2571 646 2614 fas
670 2578 718 2605 est
734 2573 877 2605 attollere
897 2573 1035 2605 taedam

1104 1386 1205 1418 Gonz.
1227 1404 1277 1409 ——
1317 1384 1453 1417 Correxi
1489 1386 1548 1415 lios
1580 1394 1694 1414 versus
1733 1394 1799 1414 non
1831 1387 1977 1413 accurate
2004 1393 2055 1412 cx-

1104 1447 1250 1489 scriptOS.
1290 1445 1359 1476 Alii
1381 1445 1499 1476 Urania
1526 1444 1660 1487 (Catuli.
1689 1445 1755 1483 61,
1782 1444 1824 1482 23
1847 1443 1954 1474 Noun.
1978 1443 2055 1473 Dio-

1103 1520 1172 1551 nys,
1196 1510 1254 1540 55.
1281 1520 1351 1551 pag.
1370 1508 1442 1539 825
1465 1507 1571 1546 Falk.;
1599 1506 1767 1538 Claudian.
1786 1506 1966 1548 epithalam.
1982 1505 2055 1538 Pal-

1103 1568 1179 1598 ladii
1207 1573 1239 1598 et
1267 1567 1409 1599 Serenae
1433 1568 1516 1609 51),
1555 1566 1607 1596 alii
1626 1566 1839 1609 Terpsichore
1864 1566 1985 1609 (Procl-
2007 1577 2055 1610 ap.

1103 1629 1199 1660 Phot.
1221 1641 1251 1671 p.
1277 1628 1350 1659 524
1370 1627 1540 1672 lloesch.)‚
1569 1627 1622 1657 alii
1633 1626 1800 1671 Calliope,
1828 1626 1881 1657 alii
1903 1626 1973 1670 ipsa
1991 1627 2055 1660 Ve-

1104 1704 1179 1724 nere
1205 1698 1314 1723 natum
1332 1692 1554 1734 Hymenaeum
1571 1691 1686 1721 ferunt.
1715 1690 1801 1722 Sunt
1825 1690 1924 1730 adeo,
1955 1690 2010 1733 qui
2040 1703 2058 1722 a

1103 1755 1290 1787 mortalibus
1312 1766 1413 1796 genus
1434 1766 1506 1786 eum
1530 1754 1661 1785 duxisse
1677 1753 1866 1797 perhibeant
1892 1752 1999 1797 (Serv.
2018 1754 2057 1784 ad

1103 1816 1187 1849 Aen.
1206 1818 1237 1857 1,
1265 1817 1347 1848 6:31.
1387 1816 1494 1847 Lutat.
1525 1815 1565 1846 ad
1584 1814 1667 1847 Stat.
1684 1815 1761 1858 alii).
1796 1816 1926 1847 Patrem
1952 1822 2058 1847 tamen

1103 1879 1267 1910 Bacchum
1297 1877 1459 1921 expressis
1487 1882 1599 1908 noster
1633 1877 1738 1908 verbis
1771 1877 1922 1908 nominat.
1956 1877 2058 1909 Recte

1104 1942 1249 1986 quidem:
1276 1941 1485 1984 Hymenaeus
1518 1940 1603 1972 enim
1641 1952 1659 1971 a
1685 1939 1810 1972 Seneca
1849 1939 1950 1984 (Med.
1973 1941 2058 1984 110)

1104 2006 1283 2050 appellatur

1161 2069 1329 2101 »Candida
1358 2068 1544 2111 Thyrsi-qerc‘
1565 2068 1669 2110 proles
1690 2078 1845 2110 generosa
1866 2067 1993 2109 Lyaei«
2051 2098 2053 2100 .

1180 2129 1353 2175 camoena]
1381 2131 1472 2162 Idem
1494 2136 1543 2162 est
1568 2143 1604 2163 ae
1624 2130 1652 2162 si
1678 2130 1811 2161 dixisset
1826 2131 1933 2162 Blusa.
1973 2129 2057 2162 Vide

1104 2196 1186 2228 inter
1213 2196 1293 2227 alios
1314 2195 1442 2227 Horatii
1467 2194 1514 2238 (in
1544 2206 1638 2226 carm.
1657 2206 1720 2226 see.
1742 2193 1806 2238 (32)
1822 2195 1915 2226 haec:

1153 2275 1203 2283 —
1217 2276 1267 2282 —-
1288 2276 1335 2282 —
1367 2262 1597 2304 »acceptusque
1623 2268 1738 2288 novem
1762 2255 1959 2288 Camoenism

1180 2322 1293 2364 copula
1308 2319 1414 2365 saera]
1442 2320 1491 2351 Ita
1513 2320 1679 2364 »copulam
1696 2331 1818 2351 sacram
1832 2320 1944 2351 dezzmu
1968 2316 2056 2355 dixit⁷

1105 2391 1140 2417 ut
1165 2385 1316 2418 Valerius
1339 2385 1504 2425 Soranus,
1541 2385 1607 2416 sive
1629 2384 1709 2415 alius
1736 2383 1892 2428 quispiam
1909 2379 2056 2413 vetustis-

1105 2448 1204 2479 simus
1232 2452 1327 2492 poeta
1365 2446 1536 2479 »Saturnia
1563 2451 1672 2478 sancta
1696 2446 1837 2478 dearum.
1882 2441 1981 2485 Quod
2009 2446 2057 2472 est

1106 2509 1337 2542 Graecanicum
1351 2508 1430 2539 illud
1445 2508 1652 2552 plurimorum
1663 2512 1826 2551 poetarum
1838 2506 1901 2538 ὃῑα
1914 2498 2057 2537 θεάων.

1106 2573 1207 2607 Sacra
1227 2573 1321 2605 deum
1343 2572 1469 2617 copula,
1498 2572 1558 2603 diis
1584 2571 1663 2616 ipsis
1683 2567 1882 2602 venerabilis.
1908 2567 2057 2610 Hineque

1661 2632 1678 2664 1

2085 1194 2169 1246 §.1
