2310 2860
753 152 951 197 Martiani
990 151 1188 208 Capellae
1225 151 1295 194 lib.
1313 150 1344 193 I.
1380 154 1411 204 ᾗ.
1439 152 1509 193 56.
2032 154 2112 197 101

163 272 355 320 spectum
396 263 513 304 Jovis
554 276 639 303 non
685 271 881 317 poterant
919 260 1133 304 advenire.
1210 258 1277 300 Ex
1319 257 1574 299 duodecima
1612 259 1772 301 Sancus
1809 260 2106 302 tantummodo
2138 262 2199 303 56

163 355 376 386 evocatur.
439 346 544 387 Fata
583 359 685 385 vcro
724 360 776 385 cx
816 344 945 385 altera
984 341 1262 398 postulantur.
1332 338 1470 380 Ceteri
1510 339 1669 394 quippe
1712 340 1796 380 illic
1825 340 1882 382 dii
1912 341 2110 383 Manium
2142 343 2198 383 57

160 423 381 465 demorati.
437 424 504 465 Ex
532 424 594 464 bis
624 434 795 480 septena
827 424 1035 464 Saturnus
1067 422 1246 475 ejusque
1277 420 1462 461 coelestis
1492 419 1604 460 Juuo
1633 430 1938 476 consequenter
1971 421 2102 462 acciti.
2137 424 2196 463 58

159 503 358 557 chovis,
404 518 453 546 ac
492 503 549 545 dii
585 504 745 560 publici
783 512 845 544 ter
886 503 1017 558 quino
1050 517 1102 542 cx
1132 501 1266 542 limite
1297 511 1597 543 convocantur.
1655 502 1723 544 Ex
1754 503 1904 545 ultima
1935 504 2106 559 regione
2138 505 2198 545 :59
2226 507 2286 547 sso

158 668 224 703 est,
260 662 338 694 boui
363 674 403 693 an
430 663 505 694 mali
527 662 575 693 illi
600 661 664 692 sint
688 660 797 692 futuri.
824 660 919 692 Unde
943 660 1025 692 idem
1042 660 1110 704 Ap-

155 724 283 769 pulejus
305 724 420 768 (florid,
437 737 467 768 p.
480 726 527 756 57
547 722 646 765 oud.)
665 723 879 765 Pythagoram
900 723 943 753 ait
959 735 976 753 a
990 723 1110 753 Brach-

154 788 256 820 manis
282 788 315 818 in
344 787 434 819 India
463 787 612 818 didicisse
638 791 734 829 nquot
757 790 864 829 partes
892 786 1004 826 animi,
1032 790 1111 829 quot

153 849 240 881 vices
257 849 358 889 vitae,
387 860 468 892 quae
493 849 554 879 diis
572 848 727 879 stlanibus
749 858 808 890 pro
831 849 944 878 men-ito
966 859 1025 878 suo
1044 847 1108 878 cui-

154 924 216 956 que
239 918 398 944 tormenta
424 911 476 944 vel
498 911 665 955 praemium
698 911 749 942 De
775 911 902 941 nomine
927 911 997 952 ipso
1026 910 1108 940 conf.

151 976 271 1008 muller
298 975 438 1020 (Eu-use.
461 974 513 1014 Π,
538 987 569 1017 p.
588 973 659 1016 95).

226 1048 292 1068 non
319 1033 481 1079 poterant]
522 1034 591 1066 Cur
618 1044 728 1065 manes
759 1044 777 1063 a
807 1033 901 1063 «Iovis
933 1038 1107 1076 conspectu

149 1105 391 1140 removeantur,
424 1100 502 1130 haec
525 1103 575 1129 est
597 1108 709 1136 causa,
746 1096 820 1139 quia
844 1095 974 1138 Jupiter
998 1097 1108 1127 aether

149 1162 199 1207 (§.
227 1164 286 1195 67.
320 1163 401 1194 149.
438 1160 528 1204 150)
563 1160 615 1192 vel
651 1165 736 1192 certe
773 1158 920 1203 superior
957 1164 1010 1190 aer
1040 1164 1105 1199 cst,

147 1224 262 1256 Manes
297 1229 402 1256 autem
436 1223 471 1255 in
503 1221 645 1254 inferiori
675 1226 798 1253 tantum
831 1226 904 1251 acre
939 1225 1106 1252 versantur

148 1286 191 1332 (§.
219 1286 313 1330 162).

222 1348 362 1394 Sancus]
398 1349 510 1388 Deus,
547 1349 602 1391 qui
641 1347 743 1379 sancit
778 1352 812 1378 et
842 1347 1007 1379 confirmat
1041 1357 1103 1378 res.

147 1410 253 1444 Vuzc.
273 1423 291 1442 e
316 1410 445 1452 glossis,
462 1427 510 1432 —-
535 1408 695 1439 Hercules
724 1407 926 1439 Sabinorum.
961 1407 1018 1439 Sic
1040 1406 1103 1438 Ar-

146 1474 283 1506 nohius=
313 1472 377 1504 „At
418 1472 578 1503 Hercules
616 1471 757 1503 Sanctus
793 1470 900 1502 deus.«
961 1469 1102 1502 Sanctus

147 1537 247 1577 enim,
289 1535 436 1577 Sangus,
473 1540 505 1566 ct
531 1534 658 1566 Sancus
695 1534 780 1564 idem
813 1538 896 1563 sunt.
923 1533 1027 1564 Gnor.
1052 1552 1100 1558 —-

145 1598 231 1631 Male
252 1596 391 1629 Arnobii
417 1596 524 1627 locum
552 1594 610 1639 (L.
634 1594 668 1626 4.
700 1605 771 1637 pag.
792 1591 885 1635 145)
915 1594 977 1625 huc
1004 1593 1102 1624 refert

146 1659 298 1700 Grofius3
334 1658 449 1689 melius
478 1656 622 1688 Goezius
655 1654 808 1687 Ovidium
842 1654 924 1698 (fast.
946 1654 986 1695 6,
1013 1654 1101 1697 215)

145 1728 178 1756 et
205 1722 439 1755 Tertullianum
470 1720 524 1765 (ad
553 1719 674 1751 nation.
697 1719 738 1759 2,
768 1719 790 1750 9
818 1717 852 1761 f.)
882 1718 1008 1759 laudat,
1044 1717 1102 1749 sed

145 1784 310 1816 uberiores
337 1783 423 1815 adire
447 1786 574 1826 poterat
606 1782 714 1813 fontes
745 1780 828 1824 (Liv.
846 1781 880 1820 8,
905 1780 963 1811 20.
985 1780 1045 1820 52,
1069 1780 1101 1811 1.

144 1845 232 1878 Fest.
249 1857 278 1878 v.
294 1844 440 1877 Praedia.
465 1844 561 1875 Dion.
580 1842 746 1875 Halicarn.
770 1842 791 1873 l.
814 1842 856 1873 Π.
871 1855 902 1886 p.
922 1843 1011 1883 1153
1040 1841 1101 1874 IV.

145 1919 176 1951 p.
199 1907 272 1938 257
307 1905 400 1949 sylb.
421 1905 481 1939 Sil.
505 1904 576 1937 Ital.
597 1905 639 1944 8,
671 1904 758 1935 422.
790 1903 939 1946 Propert.
961 1903 1005 1943 4,
1043 1904 1100 1944 10,

144 1970 202 2003 74.
229 1969 373 2002 Lactant.
397 1970 435 2010 1,
464 1969 520 2000 15.
545 1966 719 2009 Angustia.
737 1966 776 1998 de
797 1966 855 1998 civ.
884 1965 936 1997 dei
966 1967 1024 2006 18,
1053 1968 1100 1999 19

142 2032 251 2077 ibique
271 2032 345 2066 viv.
369 2032 475 2065 Varro
502 2031 541 2063 L.
563 2031 602 2063 L.
622 2030 664 2072 4,
692 2030 752 2063 40.
777 2030 863 2062 Plin.
883 2031 926 2071 8,
956 2031 1018 2071 48,
1041 2030 1098 2064 74.

143 2094 237 2128 Grut.
264 2094 359 2125 inser.
377 2095 436 2133 96,
467 2093 593 2133 5—-8,
619 2097 652 2124 et
668 2104 745 2136 prae
767 2092 914 2123 omnibus
932 2089 1009 2123 ΑΜ.
1030 2092 1098 2125 Ma-

142 2163 210 2190 nut.
234 2157 268 2189 in
295 2156 390 2189 Grut.
413 2156 559 2200 lampade
586 2155 639 2188 IV
666 2167 698 2199 p.
722 2155 816 2199 175).
849 2156 1016 2188 Euocatur
1037 2167 1097 2201 pro

143 2219 316 2253 devocatur
339 2230 356 2250 e
377 2217 558 2250 Dresdensi
579 2217 690 2249 codice
713 2216 852 2261 reposui.

216 2278 314 2325 Fata]
341 2280 392 2311 De
421 2279 529 2320 Fatis,
569 2278 636 2310 sive
665 2278 778 2310 Parcis
808 2278 913 2323 (Gell.
940 2279 983 2320 5,
1020 2277 1097 2322 16),

143 2342 247 2375 «ἰοειῐιεν
259 2342 445 2374 disserendo
457 2342 567 2374 ‘otium
585 2342 678 2374 nobis
696 2343 772 2374 fecit
792 2341 1006 2386 Spanhemius
1027 2342 1096 2387 (nu-

142 2403 244 2436 mism.
267 2403 310 2435 Π.
337 2416 368 2448 p.
396 2404 469 2436 659
496 2403 607 2448 sequ.)
641 2404 762 2436 Iterum
784 2404 963 2449 iterumque
988 2415 1098 2436 eorum

852 2470 921 2483 μιν-ν-

143 2466 337 2500 mentionem
358 2466 434 2498 facit
463 2471 575 2498 noster
595 2466 637 2512 (ξ,
655 2469 713 2500 89.
738 2469 822 2501 560.
855 2468 957 2511 Δύο.)

218 2525 339 2572 σείει-ι’]
355 2526 481 2559 Sensus
507 2532 574 2568 est,
610 2539 650 2560 ex
675 2530 799 2569 altera,
832 2530 978 2561 nssmirum
1015 2540 1096 2573 quae

144 2591 362 2626 duodecimam
387 2595 593 2635 sequeretur,
619 2593 712 2626 (ertia
736 2593 856 2627 decima
878 2593 1009 2636 regione
1031 2605 1096 2627 non

1163 660 1225 692 nisi
1248 661 1328 693 Fata
1357 660 1517 705 postulata
1544 672 1634 701 esse,
1669 673 1766 705 quum
1794 661 1910 705 reliqui
1939 662 1971 693 in
1995 674 2032 693 ea
2060 661 2113 693 Dii

1161 724 1304 756 Manium
1329 730 1457 764 essent,
1492 736 1572 768 quos
1596 724 1690 755 ‹on-is
1715 724 1748 756 in
1772 731 1980 769 conspectum
2005 725 2114 757 venire

1162 799 1226 818 nou
1248 800 1343 831 posse
1378 787 1420 831 (ξ
1445 788 1505 831 53)
1540 794 1650 819 noster
1683 788 1813 819 dixerat.
1851 787 2041 819 Innumerae
2070 788 2114 819 le-

1161 854 1278 888 guntur
1295 849 1517 891 inscriptiones
1539 849 1616 880 »Dis
1632 849 1801 881 Manibus«
1824 849 1956 889 dIcatae,
1978 850 2011 881 id
2026 850 2114 893 quod

1159 910 1259 951 probe
1282 909 1417 940 advertit
1438 910 1635 940 Prudentius
1660 910 1699 953 (c.
1724 909 1844 952 Synun.
1872 911 1904 950 1,
1920 911 2015 951 4023
2042 910 2114 942 add.

1160 971 1307 1014 superior
1331 972 1370 1002 ad
1397 971 1423 1015 §.
1444 973 1465 1003 5
1489 970 1578 1015 not).
1605 971 1721 1004 Graeci
1746 969 2030 1017 ὑποχθονίους
2058 985 2116 1005 eos

1158 1039 1274 1066 vocant
1305 1033 1509 1077 (Apollodor.
1536 1037 1579 1074 5,
1611 1037 1674 1076 10,
1703 1036 1725 1066 2
1747 1036 1782 1078 f.)
1813 1036 1880 1068 sive
1913 1037 2115 1081 καταχθο-

1158 1092 1271 1134 νίους
1289 1094 1408 1138 (Su-ab.
1429 1097 1461 1135 5,
1482 1108 1511 1138 p.
1530 1096 1622 1136 2443
1651 1098 1684 1136 7,
1703 1110 1734 1142 p.
1751 1097 1847 1140 277).
1874 1097 1981 1129 Probe
2002 1099 2116 1129 Manes

1158 1168 1176 1188 a
1201 1155 1337 1199 Superis
1368 1156 1535 1198 distinguit
1553 1157 1710 1200 Virgilius
1738 1157 1834 1202 (Aen.
1857 1159 1920 1200 10,
1951 1159 2018 1199 54,
2057 1159 2115 1198 12,

1157 1218 1243 1251 646.
1268 1217 1367 1261 647).

1231 1279 1287 1325 ex]
1316 1280 1478 1312 Omiserat
1505 1282 1588 1312 banc
1612 1282 1801 1325 particulam
1829 1282 1982 1323 Grotius,
2021 1295 2115 1327 quam

1156 1355 1174 1376 e
1204 1343 1369 1377 codicibus
1390 1344 1641 1376 Monacensibus
1667 1344 1830 1388 (B.D.E.)
1856 1346 2012 1389 supplevi.

1230 1406 1364 1452 ejusque
1388 1407 1533 1437 coelestis
1555 1404 1658 1450 June]
1687 1406 1775 1449 Quia
1799 1405 1932 1438 Saturni
1950 1413 2017 1438 erat
2032 1406 2113 1438 filia:

1153 1467 1238 1499 unde
1260 1468 1463 1499 notissimum
1486 1468 1556 1509 ejus
1584 1480 1701 1500 nomen
1726 1468 1878 1500 Saturnia
1903 1469 2014 1512 (ovid.
2038 1475 2112 1501 met.

1152 1531 1188 1571 4,
1208 1531 1293 1564 447.
1315 1532 1401 1565 465.
1420 1532 1454 1572 5,
1478 1532 1569 1571 5503
1592 1531 1665 1565 sast.
1689 1531 1722 1570 5,
1742 1531 1825 1564 255.
1853 1533 1887 1571 6,
1915 1533 1998 1568 507,
2019 1533 2111 1574 Υἰτς.

1152 1591 1239 1626 Aen.
1261 1595 1300 1633 1,
1325 1594 1372 1625 25
1397 1600 1456 1625 cet.
1489 1593 1590 1625 Silius
1617 1595 1652 1634 2,
1675 1595 1760 1628 527.
1790 1596 1826 1634 5,
1855 1595 1938 1628 711.
1962 1596 1996 1635 9,
2023 1596 2109 1629 296.

1156 1653 1220 1694 14,
1245 1653 1326 1696 46),
1356 1654 1442 1697 quod
1462 1654 1547 1697 apud
1571 1660 1716 1686 nostrum
1741 1653 1784 1698 (ἓ.
1806 1655 1878 1686 727
1899 1655 1934 1698 f.)
1958 1656 2052 1687 ctiam
2077 1662 2110 1688 et

1152 1718 1187 1750 in
1207 1715 1351 1759 lapidum
1375 1715 1476 1746 titulis
1503 1714 1611 1759 (Grut.
1637 1716 1702 1755 89,
1727 1714 1765 1758 5)
1790 1715 1915 1757 legitur.
1957 1716 2110 1749 Caelestis

1154 1784 1259 1811 autem
1282 1778 1544 1820 cognominatur,
1571 1784 1607 1810 ut
1631 1778 1670 1810 ab
1685 1778 1823 1823 Inferna
1842 1778 1948 1824 (Vix-g.
1971 1779 2057 1813 Aen.
2073 1782 2108 1821 6,

1156 1841 1260 1886 158),
1285 1843 1420 1874 Averna
1441 1842 1551 1887 (ovid.
1568 1847 1643 1876 met.
1661 1843 1721 1884 14,
1744 1844 1824 1875 114.
1848 1842 1911 1876 Sil.
1936 1845 1993 1883 15,
2011 1844 2109 1887 601),

1153 1904 1220 1936 sive
1239 1904 1354 1949 Stygia
1376 1904 1474 1949 (Stat.
1493 1905 1595 1939 Theb.
1609 1905 1643 1938 4.
1664 1905 1749 1941 526.
1775 1904 1932 1949 Appulej.
1954 1910 2027 1936 met.
2049 1907 2106 1939 ll.

1151 1979 1185 2012 p.
1210 1967 1282 1998 765
1309 1965 1412 2010 oud.)
1436 1966 1659 2009 distinguatur.

1229 2028 1266 2060 V
1262 2027 1372 2073 ejovz‘s]
1399 2028 1616 2061 Meminerunt
1631 2028 1701 2070 ejus
1716 2027 1832 2061 Cicero
1848 2028 1901 2072 (N.
1916 2028 1958 2062 D.
1976 2030 2011 2068 5,
2033 2029 2106 2072 24),

1148 2090 1306 2126 P.Vietor
1318 2090 1509 2136 (urb.Rom.
1519 2104 1587 2134 reg.
1599 2092 1647 2136 8),
1663 2097 1696 2124 et
1709 2091 1836 2123 Plinius
1848 2092 1903 2136 (H.
1919 2091 1959 2123 N.
1974 2092 2030 2129 16,
2045 2092 2106 2132 40,

1150 2151 1224 2197 ¹79).
1259 2154 1469 2199 Quantopere
1495 2159 1600 2186 autem
1623 2154 1657 2186 in
1679 2153 1890 2185 describendo
1915 2164 1954 2184 eo
1982 2153 2105 2185 dissen-

1149 2216 1229 2248 tiant
1246 2222 1389 2258 veteres,
1416 2229 1457 2250 ex
1480 2229 1519 2249 eo
1540 2222 1647 2261 patet,
1679 2216 1767 2261 quod
1788 2216 1841 2248 alii
1862 2216 1965 2261 (Gell.
1984 2217 2017 2257 5,
2044 2215 2103 2257 12)

1149 2290 1222 2310 cum
1253 2284 1422 2311 nocentem
1450 2285 1482 2311 et
1513 2279 1638 2321 sagittis
1663 2284 1837 2318 armatum,
1871 2278 1924 2309 alii
1947 2278 2048 2321 (Fosi.
2072 2289 2100 2308 v.

1148 2339 1283 2372 Vesculi
1316 2352 1349 2384 p.
1381 2341 1453 2373 589
1480 2341 1561 2373 Dac.
1596 2339 1693 2373 Oxid.
1725 2340 1799 2374 fast.
1831 2341 1870 2379 5,
1905 2340 1990 2372 450.
2017 2338 2099 2367 457·

1147 2402 1236 2447 440)
1255 2403 1408 2445 juvenem
1426 2409 1458 2436 et
1474 2404 1627 2436 inermem
1649 2403 1777 2444 dicunt,
1805 2402 1963 2444 mirorque
1987 2400 2100 2431 doctos

1149 2465 1260 2499 Ovidii
1287 2467 1496 2511 interpreteS,
1543 2467 1599 2512 qui
1630 2452 1712 2499 me
1747 2464 2026 2498 contradictionem
2058 2474 2099 2494 ne

1148 2531 1246 2562 verbo
1274 2530 1403 2574 quidem
1430 2531 1615 2573 attigerint3
1647 2530 1732 2562 unde
1763 2527 1890 2559 omnino
1915 2527 2098 2559 Gronovius

1148 2593 1188 2627 ad
1210 2591 1352 2630 Gellium
1370 2594 1415 2640 (p.
1431 2594 1505 2629 402
1528 2591 1641 2636 cour.)
1659 2588 1877 2626 conferendus.
1906 2588 1973 2623 Sed
1990 2594 2097 2637 aperte
