2310 2860
48 499 142 543 (355

167 153 264 195 554
751 147 950 191 Martiani
981 146 1182 206 Capellae
1210 146 1284 190 lib.
1303 146 1380 189 VI.
1410 149 1442 200 ᾗ.
1464 147 1564 190 652.

171 260 334 302 Isthmo
367 267 507 299 autem
533 254 722 311 Achajae
750 255 995 312 provinciae
1025 269 1184 298 nomen
1220 254 1384 312 incipit,
1434 269 1547 311 quae
1584 264 1679 297 ante
1716 254 1908 311 Aegialos
1948 259 2132 301 vocaba-

176 350 266 390 tur,
314 346 485 394 propter
525 337 653 379 urbes
692 337 735 378 in
777 336 914 379 littore
943 352 1021 394 per
1051 337 1243 380 ordinem
1278 337 1533 379 constitutas.
1592 336 1658 378 Ibi
1689 338 1971 394 quamplures
2001 341 2130 394 sinus,

172 430 339 477 portus,
388 429 576 471 montes,
622 419 771 471 urbes,
828 428 868 460 et
904 412 1065 476 populi.
1139 419 1205 460 Ab
1237 419 1368 475 ipsius
1410 419 1595 462 Isthmos
1638 421 1836 476 angustiis
1880 421 2025 463 Hellas
2068 423 2135 465 in-

172 503 289 559 cipit,
354 517 378 544 a
426 502 576 544 nostris
614 502 793 544 Graecia
827 501 949 543 dicta.
1016 501 1064 542 In
1106 515 1154 541 ea
1199 501 1338 557 prima
1381 501 1516 543 Attice
1553 501 1784 557 antiquitus
1821 502 1925 543 Acte
1959 502 2139 546 vocitata

169 583 368 638 contingit
404 583 616 624 Isthmum
650 584 714 625 sui
752 576 1091 639 parte'Megaris
1115 581 1245 634 dicta,
1290 583 1332 624 in
1363 598 1437 625 ora
1476 593 1618 625 autem
1660 593 1829 640 portus,
1875 585 1944 625 cui
1979 580 2138 626 nomen

170 664 360 708 Scironia
403 680 526 717 saxa,
574 665 720 720 viginti
764 679 838 705 sex
877 656 1160 720 longitudine,
1203 664 1421 706 latitudine
1466 665 1661 721 quinque
1700 665 1890 707 millibus
1932 680 2140 721 passuum

171 757 194 783 a
226 744 398 798 Myrtoo
429 745 722 788 recedentibus
762 744 955 786 Athenae
998 755 1124 805 atque
1166 746 1340 789 Atticae.

174 823 389 867 Callirhoe
426 827 709 883 praedicatur.

1409 747 1563 789 Fontes
1599 748 1657 788 ibi
1696 747 1843 799 multi,
1887 749 1995 788 inter
2033 762 2140 802 quos

791 826 884 869 Nee
930 826 1117 869 Athenis
1153 827 1309 868 cedunt
1347 827 1563 878 Boeotiae,
1619 827 1663 868 in
1712 827 1870 883 quibus
1908 827 2140 883 Epicrene,

174 906 408 958 Arethusa,
462 908 755 964 Hippocrene,
799 907 1040 966 Aganippe,
1096 909 1364 967 Gargaphie,
1394 918 1486 966 post
1515 907 1696 967 oppida,
1742 918 1927 962 montes,
1971 906 2142 964 populi-

173 1004 258 1046 que
297 991 591 1049 quamplures.

926 1161 1007 1203 DE
1056 1159 1392 1203 THESSALIA.

346 1268 550 1325 Sequitur
589 1267 820 1319 Acmonia,
871 1267 995 1322 cujus
1028 1282 1051 1308 a
1081 1276 1197 1323 tergo
1242 1282 1364 1308 mons
1401 1267 1533 1317 Oeta,
1582 1279 1720 1321 eaque
1759 1266 1884 1306 etiam
1918 1266 2142 1307 Thessalia

249 1408 421 1447 urtumque
452 1399 559 1446 utare]
595 1399 737 1441 Ionium,
771 1405 802 1431 et
833 1398 1011 1440 Aegaeum.
1049 1397 1136 1430 Hinc

183 1461 328 1493 »bimaris
350 1462 545 1494 Corinthos«
568 1462 705 1493 Horatio
723 1467 754 1492 et
773 1460 909 1500 ovidio,
929 1459 1063 1492 Graecis
1087 1461 1137 1494 θι-

175 1521 387 1566 ὕτέλαῦὄος,
418 1519 731 1571 ἀμφιθάλαόὄος.
762 1522 903 1555 Seneca:

232 1587 386 1617 »Gemino
415 1586 590 1617 Corinthus
619 1586 726 1615 littore
755 1595 915 1627 opponens
944 1594 1050 1614 moras

228 1648 380 1679 cremata
401 1647 543 1691 flammis
560 1647 665 1676 maria
689 1647 862 1677 counnittet
886 1645 978 1675 duona

176 1710 339 1744 Ganr—
370 1710 492 1742 Confer
524 1708 718 1741 Strabonem
750 1708 802 1751 (8,
827 1720 858 1751 p.
877 1708 951 1739 579
976 1704 1139 1747 casaub).

252 1775 290 1805 ab
315 1776 414 1816 ipsius
434 1771 591 1817 Isthmos]
620 1771 707 1814 Lege
732 1772 886 1803 Isthmon.
905 1770 1009 1803 Gnor.
1023 1788 1070 1793 ——-
1088 1769 1138 1800 De

176 1835 366 1868 confusione
395 1835 557 1866 nominum
588 1833 753 1874 Helladis,
786 1833 959 1872 Graeciae,
983 1830 1140 1873 Aehajae,

177 1899 249 1930 vide
278 1898 471 1930 Salmasium
500 1898 553 1941 (ad
577 1897 680 1929 Soliu-
704 1910 734 1940 p.
756 1897 851 1939 142).

249 1961 350 2007 Acte]
378 1962 430 1993 Ex
455 1961 563 1993 Plinio
589 1961 644 2004 (4,
676 1960 752 2003 11),
781 1960 866 1992 unde
893 1959 986 1990 simul
1011 1963 1142 2003 apparet

184 2023 275 2055 nihili
293 2036 363 2055 esse
387 2030 419 2055 et
439 2036 532 2067 quam
552 2035 569 2054 e
595 2023 705 2055 codice
735 2033 792 2053 suo
815 2021 949 2053 Grotius
970 2021 1141 2052 lectionem

182 2087 325 2119 enotavit
354 2087 561 2130 ilIeyc11·ila7m
588 2088 641 2117 sui
662 2091 754 2128 parte
782 2091 813 2116 et
843 2097 923 2129 quae
948 2085 981 2116 iu
1005 2085 1141 2116 Reiche-

183 2150 317 2181 naueusi
341 2155 445 2181 exstat
469 2156 593 2193 partem
616 2161 674 2193 pro
691 2155 792 2192 parte.
819 2149 869 2179 De
892 2149 991 2180 Actes
1013 2148 1141 2179 nomine

179 2220 307 2258 praeter
333 2214 532 2257 geographos
561 2213 633 2244 vide
660 2212 896 2256 Apollodorum
920 2212 974 2255 (5,
1000 2212 1062 2252 14,
1092 2211 1141 2254 1),

180 2275 322 2308 Gellium
358 2275 442 2318 (14,
480 2275 534 2318 G),
566 2274 743 2306 Eusebium
769 2275 894 2318 (chron.
916 2287 948 2318 p.
965 2274 1013 2306 8ss
1037 2279 1069 2305 et
1094 2275 1141 2306 7ss

180 2339 329 2381 scalig),
355 2346 387 2372 et
410 2339 626 2384 Epiphanium
651 2339 735 2382 (eum
754 2344 818 2369 not.
840 2337 964 2369 Patavii
989 2351 1020 2382 p.
1038 2337 1106 2381 16).

258 2401 405 2432 Athenae
429 2407 526 2448 alque
550 2398 694 2444 Atticae]
722 2399 822 2430 Error
840 2399 1047 2443 exceptione,
1071 2399 1143 2441 lege

184 2463 336 2494 Athenae
369 2463 509 2494 Atticae.
537 2461 592 2494 Sic
616 2460 815 2505 Appulejus:
848 2461 908 2491 »Et
933 2467 1037 2501 secta,
1069 2461 1145 2493 licet

186 2525 325 2556 Athenis
362 2526 481 2557 Atticis
519 2525 725 2564 confirmata,
767 2528 872 2555 tamen
911 2524 962 2555 hic
998 2524 1145 2556 inchoata

185 2594 263 2622 esta
300 2589 344 2620 Et
366 2588 448 2620 forte
472 2599 535 2620 non
554 2589 671 2622 frustra
689 2587 818 2620 Atticae
833 2586 959 2618 additur
975 2585 1001 2618 si
1019 2587 1056 2619 iis
1081 2600 1146 2620 cre-

1188 1399 1308 1439 dimus,
1339 1398 1394 1442 qui
1414 1397 1491 1429 alias
1512 1397 1544 1429 in
1562 1397 1695 1430 Euboea
1714 1396 1860 1430 Athenas
1883 1404 2042 1439 statuunt,
2069 1410 2143 1442 qua-

1187 1473 1256 1494 rum
1287 1461 1373 1493 cives
1411 1457 1631 1507 ἀθηνῆται,
1670 1474 1735 1494 non
1772 1458 1961 1507 ἀθηναῖοι
1991 1462 2143 1494 dieantur.

1189 1525 1349 1557 611013-
1379 1525 1430 1556 De
1455 1524 1593 1556 Athenis
1618 1524 1737 1557 Atticis
1761 1526 1885 1558 ahumle
1908 1526 2070 1558 Meursius
2090 1537 2143 1570 pe-

1188 1587 1298 1618 culiari
1323 1586 1450 1626 libe1103
1478 1586 1536 1617 sed
1562 1592 1648 1618 totus
1675 1587 1766 1619 loeus
1790 1594 1957 1630 corruptus
1987 1594 2019 1619 et
2039 1588 2145 1619 turba-

1189 1656 1257 1689 tus,
1288 1650 1382 1691 cujus
1407 1655 1441 1679 ut
1459 1649 1539 1680 ratio
1566 1656 1732 1693 appareat,
1765 1650 1835 1693 ipsa
1857 1650 1955 1681 Plinii
1978 1650 2073 1681 verba
2096 1651 2143 1694 (4,

1191 1713 1224 1751 7,
1258 1711 1333 1753 11),
1360 1710 1443 1741 unde
1467 1710 1612 1753 imperite
1634 1716 1666 1742 et
1685 1711 1794 1741 inutile
1818 1717 1987 1755 excerptus
2008 1717 2072 1752 est,
2091 1723 2144 1756 ap-

1190 1774 1299 1819 posui:
1323 1774 1377 1806 »In
1404 1786 1458 1805 ora
1480 1780 1585 1805 autem
1602 1780 1714 1818 portus
1738 1774 1916 1807 Schoenus.
1944 1775 2072 1820 Oppida
2094 1775 2144 1808 Si-

1191 1839 1269 1877 dus,
1295 1838 1505 1880 Cremmyon,
1529 1837 1677 1870 Scironia
1701 1850 1776 1870 saxa
1799 1839 1848 1871 Vl
1871 1839 1914 1871 M.
1934 1839 2145 1881 longitudine,

1192 1903 1356 1941 Geranea,
1386 1902 1535 1942 Megara,
1555 1902 1701 1933 Eleusin.
1727 1903 1832 1934 Fuere
1858 1909 1890 1934 et
1910 1903 2041 1944 Oenea,
2067 1904 2147 1935 Pro-

1191 1964 1371 2003 balinthus3
1405 1975 1490 1994 nune
1514 1968 1589 1994 sunt
1615 1964 1653 1994 ab
1684 1964 1806 1996 Isthmo
1831 1965 1895 1997 LV
1912 1966 1956 1997 M.
1980 1977 2065 2009 paSS.
2093 1964 2145 1996 Pi-

1191 2039 1284 2060 raeus
1312 2033 1344 2058 et
1370 2027 1508 2058 Phalera
1538 2033 1669 2070 portus,
1704 2027 1845 2071 quinque
1875 2029 1920 2060 M.
1943 2040 2028 2072 pass.
2056 2038 2146 2058 muro

1191 2089 1416 2122 recedentibus
1441 2087 1579 2119 Athenis
1598 2088 1729 2130 junctim

1265 2148 1445 2194 Epierene]
1481 2150 1608 2181 Plinius
1643 2150 1702 2193 (4,
1732 2150 1798 2192 12)
1826 2149 2006 2192 Epic-rane,
2040 2148 2146 2181 dorica

1191 2213 1309 2251 forma,
1336 2213 1421 2243 unde
1445 2217 1594 2255 corrupta
1617 2211 1730 2250 lectio,
1745 2222 1838 2253 quam
1857 2210 1990 2242 Grotius
2010 2211 2044 2242 in
2067 2223 2146 2242 mar-

1194 2277 1266 2318 gine
1289 2276 1426 2315 notavit,
1457 2277 1642 2318 Epiqrane5
1671 2286 1765 2317 quam
1790 2285 1865 2305 vero
1890 2274 1958 2318 ipse
1984 2274 2017 2306 in
2039 2274 2146 2306 Plinio

1194 2345 1321 2371 exstare
1344 2339 1413 2370 vult
1429 2340 1631 2382 Eltiqr·avtea,
1661 2342 1696 2368 ut
1721 2337 1882 2381 Calliopea
1907 2350 1965 2381 pro
1994 2338 2148 2381 Calliope,

1195 2414 1291 2447 supra
1314 2402 1381 2444 jam
1411 2401 1477 2432 dixi
1503 2413 1553 2432 me
1580 2400 1703 2432 nescire
1735 2414 1798 2445 qua
1827 2401 1966 2433 editione
1994 2413 2071 2433 usus
2098 2402 2147 2433 sit.

1196 2465 1348 2498 Ceterum
1387 2463 1497 2496 confer
1526 2463 1746 2494 Bul-mannum
1784 2463 1837 2507 (in
1862 2463 1980 2495 anthol.
2003 2463 2076 2496 Lat.
2098 2463 2146 2504 Π,

1195 2541 1226 2573 p.
1245 2525 1343 2569 5³41).

1274 2584 1470 2632 Gargaphie]
1498 2586 1566 2619 Alii
1591 2587 1803 2631 ίῖανφψὴίαε.
1843 2585 1900 2619 Sic
1925 2583 2050 2630 θήβή,
2078 2586 2147 2630 θῆ-
