2310 2860
207 174 269 206 XX

209 278 395 320 Plinium
424 276 550 317 etiam
573 287 689 315 nunc
713 272 942 324 habemus.
996 273 1156 314 Totum
1184 272 1310 327 igitur
1339 271 1458 313 hunc
1486 272 1651 323 locum,
1688 273 1763 327 qui
1796 280 1855 312 est
1885 271 1937 312 de
1969 270 2156 311 fontibus

210 368 250 399 et
291 357 456 412 ingenio
507 354 726 405 Martiani,
777 354 820 394 in
866 353 981 394 aliud
1021 363 1188 408 tempus
1227 352 1447 404 differam3
1500 366 1636 392 unum
1673 352 1753 393 hoc
1798 352 1894 393 data
1938 352 2158 392 occasione

209 438 416 487 monebo,
461 435 562 489 quia
598 448 740 489 neque
779 448 803 474 a
840 433 1009 488 Koppio
1048 446 1190 486 neque
1228 431 1281 470 ab
1314 431 1395 471 alio
1427 445 1651 486 quoquam
1681 432 1776 472 satis
1808 431 2159 473 animadversum

210 533 297 559 esse
329 516 473 566 video,
523 514 658 556 multa
698 529 750 555 ex
792 514 989 555 Varrone
1029 511 1289 552 Martianum
1333 511 1496 565 petiisse
1535 510 1692 562 videri,
1745 512 1861 566 quod
1898 527 1983 552 non
2023 510 2153 551 modo

211 613 262 638 ex
299 597 347 637 iis
387 596 487 636 locis
531 603 727 649 apparet,
782 593 856 633 ubi
897 602 1060 633 tantum
1104 606 1188 631 non
1234 599 1451 631 auctorem
1496 590 1619 630 illum
1660 604 1761 645 prae
1809 605 1851 630 se
1887 591 1989 641 fert,
2040 591 2159 630 utin

209 677 437 719 Dialectica
465 676 509 727 (ᾗ.
539 676 668 727 555),
699 675 741 714 in
769 672 1014 714 Geometria
1047 672 1233 725 (§.578)‚
1273 681 1311 712 et
1338 674 1372 725 *)
1405 672 1446 712 in
1478 672 1747 712 Astronomia
1779 673 1827 722 (ᾗ.
1854 671 1974 724 817),
2006 686 2159 713 verum

211 758 334 798 ctiam
368 771 420 796 ex
455 755 501 795 iis
541 755 616 795 uhi
648 754 700 794 ab
730 754 820 808 ipso
859 752 1053 802 discedit3
1105 765 1203 790 nam
1247 750 1364 805 quod
1400 751 1443 791 in
1474 751 1653 791 extremi
1680 750 1778 791 libri
1811 750 1957 790 limine
1989 752 2033 801 (ᾧ.
2059 750 2162 801 Sffl)

209 837 468 878 Medicinam
510 844 548 874 et
584 833 966 875 Architectonicam
1009 846 1031 871 a
1076 831 1257 871 deorum
1294 841 1520 888 conspectu
1558 840 1775 882 removet,
1832 841 1974 886 aperte
2020 840 2164 871 contra

210 918 453 958 Varronem
498 915 660 956 dictum
698 924 775 965 est,
823 914 898 968 qui
938 928 1076 968 quum
1118 927 1204 953 non
1244 912 1297 952 de
1337 922 1500 968 septem
1546 913 1619 953 sed
1657 913 1710 953 de
1749 927 1906 953 novem
1938 910 2164 966 disciplinis

210 1000 372 1040 librum
405 998 616 1046 edidisset,
670 1010 858 1051 quorum
898 1009 1035 1035 unum
1081 993 1133 1034 de
1175 993 1471 1034 Architectura
1510 993 1638 1034 fuisse
1673 993 1898 1035 Vitruvius
1933 993 1997 1045 (in
2034 990 2166 1047 praef.

210 1081 307 1120 libri
343 1079 447 1128 VII,
495 1094 532 1133 p.
561 1078 648 1118 194
686 1078 795 1131 Rip.)
841 1086 1036 1127 testatur,
1089 1076 1180 1116 illas
1221 1091 1396 1131 quoque
1436 1075 1542 1116 duas
1573 1076 1748 1129 reliquis
1779 1085 1935 1130 septem
1971 1075 2168 1128 adjecisse

212 1160 403 1213 videtui-3
449 1174 561 1213 quae
598 1159 631 1198 si
670 1167 784 1199 recte
824 1158 1071 1207 observavi,
1120 1156 1210 1197 fieri
1249 1156 1400 1211 poterit
1440 1165 1487 1196 ut
1527 1171 1579 1196 ex
1612 1156 1823 1196 Martiano
1855 1158 1888 1196 si
1917 1154 2022 1195 nihil
2053 1152 2168 1194 aliud

211 1249 353 1280 tamen
386 1238 551 1292 aliquas
582 1237 782 1291 principis
816 1236 1060 1276 eruditionis
1086 1238 1308 1277 Romanae
1332 1237 1534 1291 reliquias
1560 1237 1795 1280 lucremur.
1853 1236 1994 1278 Facile
2024 1245 2167 1276 tamen

215 1320 351 1374 patiar
383 1318 484 1358 alios
513 1318 626 1358 viros
661 1316 824 1367 doctos,
869 1317 942 1370 qui
971 1318 1103 1372 magis
1134 1318 1175 1356 in
1207 1317 1289 1357 hoc
1316 1316 1536 1357 literarum
1569 1332 1721 1372 genere
1751 1318 1904 1358 versati
1928 1318 2026 1367 sint,
2059 1317 2172 1356 hanc

212 1398 321 1439 mihi
361 1397 686 1453 disputationem
733 1397 998 1451 praeripere;
1058 1398 1213 1438 iterum
1264 1397 1377 1436 enim
1427 1406 1573 1451 repeto
1617 1397 1886 1450 reliquorum
1931 1397 2169 1438 studiorum

214 1494 414 1521 meorum
453 1478 635 1519 rationes
680 1478 804 1517 nimis
842 1479 893 1517 ab
928 1478 999 1517 illo
1041 1487 1291 1532 argumento
1322 1485 1505 1518 remotas
1548 1486 1588 1517 et
1616 1476 1745 1516 fuisse
1780 1486 1820 1516 et
1849 1491 1962 1517 nunc
1995 1491 2170 1531 quoquc

215 1574 327 1608 csse,
374 1567 422 1598 ut
461 1571 538 1597 nec
574 1556 746 1610 quando
788 1557 928 1597 redire
970 1557 1022 1597 ad
1052 1558 1314 1597 Martianum
1346 1557 1501 1611 possim
1532 1557 1684 1606 sciam,
1728 1571 1805 1596 nec
1836 1556 1987 1610 majori
2016 1555 2172 1596 fiducia

215 1640 316 1680 olim
353 1637 513 1692 aliquid
545 1651 614 1677 me
643 1637 686 1676 in
717 1651 766 1676 eo
797 1636 1046 1677 illustrando
1077 1648 1390 1693 praestaturum
1424 1636 1612 1691 polliceri
1645 1636 1850 1687 audeam,
1891 1651 2022 1691 quam
2055 1651 2172 1678 nunc

215 1718 466 1775 praestitisse
492 1716 597 1756 mihi
630 1730 837 1770 arrogem.
889 1715 1018 1765 Quod
1048 1716 1154 1757 forte
1187 1717 1356 1758 fortuna
1381 1717 1432 1757 ad
1466 1732 1534 1757 me
1564 1717 1752 1758 delatum
1780 1717 1918 1758 fuerat
1940 1719 2171 1773 negotium,

217 1809 387 1839 strenue
420 1806 459 1837 et
488 1796 678 1836 sollerter
709 1805 931 1837 exsecutus
961 1812 1048 1837 esse
1081 1797 1250 1849 videor3
1282 1797 1335 1838 de
1367 1799 1504 1854 operis
1534 1799 1665 1854 ipsius
1696 1798 1894 1839 laudibus
1926 1799 2175 1852 meritisque

218 1878 388 1933 Koppio
419 1875 661 1931 quidquam
697 1877 948 1918 subtrahere
974 1879 1162 1934 religioni
1192 1879 1319 1931 duxi3
1359 1894 1472 1934 quae
1508 1880 1542 1920 si
1575 1879 1744 1919 interire
1778 1879 1896 1919 nolui
1927 1888 2177 1934 quantaque

219 1959 336 2013 potui
354 1967 550 1998 externae
570 1956 735 1997 formae
755 1960 1121 2001 commendatione
1144 1961 1354 2002 illustrare
1378 1960 1534 2009 studui,
1556 1959 1651 2000 satis
1675 1959 1857 2011 habebo,
1879 1960 1912 2000 si
1938 1970 1977 2001 et
2002 1975 2025 2001 a
2049 1960 2113 2001 Te
2137 1969 2176 2000 et

222 2040 472 2094 quicunque
508 2047 726 2093 praeterea
753 2039 994 2081 immortale
1024 2041 1136 2082 illius
1166 2057 1322 2083 nomen
1351 2042 1460 2095 justa
1496 2040 1805 2080 existimatione
1840 2049 2176 2095 prosequuntur,

222 2120 381 2176 pietatis
406 2134 475 2159 me
497 2118 633 2159 officio
655 2120 897 2162 satisfecisse
920 2138 1061 2178 neque
1085 2133 1326 2165 extremum
1357 2122 1456 2162 tanti
1486 2121 1639 2175 ingenii
1659 2120 1984 2162 monumentum
2009 2121 2178 2176 indigne

224 2199 520 2240 dehonestasse
544 2198 778 2252 judicatum
805 2201 945 2243 fuerit.
992 2204 1122 2256 Vale,
1154 2205 1234 2246 Vir
1256 2202 1558 2252 Illustrissime,
1585 2201 1783 2255 mihique
1809 2200 1956 2241 favere
1980 2215 2119 2256 perge.

395 2279 551 2333 Scripsi
580 2279 802 2336 Marburgi
839 2283 929 2337 ipso
968 2283 1035 2324 die
1065 2286 1223 2341 Koppii
1258 2285 1403 2325 mortis
1441 2280 1730 2323 anniversario
1760 2285 1839 2321 VII.
1867 2279 2044 2321 Kalend.
2074 2280 2176 2336 Apr.

231 2362 529 2398 mcccxxxv.

325 2459 359 2502 *)
387 2460 493 2502 Quam
526 2458 608 2489 enim
638 2457 682 2489 ibi
712 2460 935 2502 etymologiam
966 2465 1116 2507 proponit
1150 2465 1314 2497 stellarum
1345 2477 1362 2495 a
1395 2465 1527 2501 stando,
1564 2469 1593 2495 et
1633 2464 1732 2506 ipsam
1763 2463 1918 2495 varronis
1949 2474 2020 2495 esse
2052 2462 2176 2506 Popinn

235 2521 279 2563 (p.
301 2520 373 2552 205
401 2519 448 2550 ed.
473 2519 559 2562 Bip.)
585 2531 624 2549 cx
648 2519 843 2553 cassiodoro
871 2524 1041 2556 annotavit.
