2310 2860
688 203 887 246 Martiani
919 202 1118 260 Capellae
1148 202 1218 244 lib.
1245 201 1299 245 V.
1331 204 1361 256 ᾗ.
1385 202 1485 245 558.

1976 208 2063 251 461

118 312 220 354 vivii
254 311 373 353 locus
408 311 547 353 subito
581 311 826 362 corruisset,
861 326 938 352 nec
973 320 1140 367 possent
1170 310 1402 367 propinqui
1433 310 1605 352 obtritos
1636 312 1939 366 internoscere,
1979 314 2067 357 dis-

115 393 409 434 cumbentium
436 392 627 433 ordinem
661 392 923 446 nominaque
947 394 1155 435 memoria
1178 392 1425 434 recordante
1457 394 1677 449 suggessit,
1708 410 1795 450 quo
1828 394 2070 436 admonitus

112 473 315 514 intellexit
353 473 547 514 ordinem
588 489 698 524 esse,
752 473 826 528 qui
864 472 1097 514 memoriae
1134 483 1357 529 praccepta
1400 474 1620 515 conferret.

1678 474 1718 516 Is
1755 491 1856 517 vero
1891 476 1934 517 in
1968 476 2070 518 loeis

112 553 345 596 illustribus
378 555 648 597 meditandus
679 564 759 606 est,
802 555 845 594 in
877 554 1035 608 quibus
1066 553 1224 608 species
1258 567 1406 594 rerum
1440 554 1833 609 sententiarumque
1867 556 2071 612 imagines

112 634 382 677 collocandae
419 646 536 688 sunt,
588 636 718 677 veluti
755 634 1003 690 nuptiarum
1044 633 1228 674 velatam
1270 634 1471 676 flammeo
1518 635 1772 687 nubentem,
1822 647 1893 678 aut
1929 638 2073 686 homi-7

112 714 230 756 cidae
259 717 450 771 gladium
488 717 556 760 vel
589 732 709 758 arma
745 716 952 769 detineas3
1012 731 1119 771 quas
1158 717 1315 772 species
1344 717 1462 759 locus
1493 727 1699 773 tanquam
1729 718 1937 775 depositas
1978 735 2072 761 me-

111 798 274 839 moriae
305 799 466 841 reddat.

530 800 643 841 Nam
674 799 782 840 sicut
816 799 858 840 id
888 797 1005 854 quod
1037 799 1315 842 conscribitur
1353 816 1450 843 cera
1484 802 1721 843 continetur
1752 812 1792 843 et
1824 802 1972 853 literis,
2013 803 2071 842 sic

111 879 228 933 quod
268 882 501 922 memoriae
541 880 867 922 commendatur
907 881 949 922 in
991 881 1090 922 locis
1130 890 1336 935 tanquam
1372 881 1415 922 in
1451 897 1547 924 cera
1589 882 1830 938 paginaque
1861 883 2072 938 signatur,

109 960 364 1014 imaginibus
403 976 506 1002 vero
551 961 673 1016 quasi
710 961 839 1002 literis
874 976 1022 1002 rerum
1059 961 1294 1003 recordatio
1331 963 1578 1005 continetur.

108 1055 311 1097 magnam
350 1044 690 1084 exercitationem
736 1059 801 1084 res
847 1043 1129 1098 laboremque
1184 1045 1408 1098 conquirit.

1481 1045 1529 1085 In
1572 1059 1664 1099 qua
1705 1044 1812 1085 illud
1853 1045 2072 1087 observari

108 1131 375 1176 compertum
410 1132 470 1163 est
501 1123 654 1174 solere,
688 1133 734 1163 ut
761 1125 998 1165 scribamus
1028 1125 1127 1180 ipsi,
1159 1138 1270 1178 quae
1302 1124 1423 1166 facile
1457 1125 1660 1166 volumus
1685 1127 1887 1178 retiner03
1919 1127 2072 1168 deinde

107 1210 155 1242 ut
180 1203 214 1242 si
243 1201 432 1257 longiora
464 1203 622 1244 fuerint
654 1217 765 1258 quae
796 1213 894 1244 sunt
921 1204 1167 1256 ediscenda,
1206 1205 1341 1246 divisa
1376 1220 1453 1260 per
1484 1214 1622 1260 partes
1655 1205 1821 1246 facilius
1850 1206 2071 1248 inhaeres—

107 1292 228 1333 eunt3
258 1292 350 1324 tum
384 1298 598 1339 apponere
628 1294 746 1325 notas
776 1285 906 1326 rebus
935 1285 1111 1339 singulis
1143 1285 1354 1341 oportebit
1384 1285 1474 1336 his,
1507 1300 1614 1340 quas
1644 1285 1848 1326 volumus
1879 1288 2070 1328 maxime

106 1362 308 1414 retinere3
353 1377 430 1402 nec
470 1378 574 1403 voce
605 1378 759 1417 magna
796 1362 973 1416 legenda
1010 1374 1128 1415 sunt,
1179 1365 1253 1406 sed
1284 1380 1513 1406 murmure
1551 1366 1690 1421 potius
1727 1366 1995 1419 meditanda3
2030 1379 2069 1409 ct

105 1454 226 1486 nocte
248 1445 381 1499 magis
407 1459 541 1499 quam
570 1444 755 1485 interdiu
783 1446 996 1485 maturius
1024 1445 1199 1486 excitari
1229 1446 1484 1486 memoriam
1511 1446 1786 1487 manifestum
1813 1458 1895 1498 est,
1927 1463 2069 1502 quum

106 1535 146 1566 et
182 1526 265 1566 late
303 1524 518 1566 silentium
555 1525 696 1579 juvat,
742 1539 820 1564 nec
867 1524 978 1565 foras
1021 1540 1044 1566 a
1087 1527 1278 1568 sensibus
1324 1537 1500 1568 vocatur
1538 1527 1725 1568 intentio.

1783 1527 1859 1568 Est
1890 1528 2068 1583 quidem

105 1605 314 1646 memoria
357 1618 505 1646 rerum
554 1614 683 1659 atquc
729 1605 987 1658 verborum,
1041 1608 1114 1649 sed
1158 1624 1243 1649 non
1281 1624 1450 1663 semper
1498 1609 1722 1650 ediscenda
1765 1619 1864 1651 sunt
1908 1611 2066 1663 verba3

102 1687 182 1728 nisi
210 1686 394 1742 spatium
425 1684 657 1726 meditandi
679 1693 849 1740 tenipus
879 1686 1120 1738 indulserit,
1148 1696 1210 1728 sat
1241 1686 1318 1727 erit
1352 1686 1421 1727 cui
1445 1701 1511 1729 res
1546 1688 1657 1743 ipsas
1689 1688 1831 1730 animo
1861 1691 2062 1742 tenuisse,

104 1767 352 1822 praesertim
381 1768 415 1809 si
444 1767 549 1808 nihil
581 1767 671 1822 ejus
703 1781 885 1809 munere
915 1768 1099 1811 naturali
1128 1767 1384 1825 provenerit.

177 1952 272 1998 Iocis]
299 1953 350 1986 De
375 1954 426 1986 his
444 1954 511 1996 jam
533 1953 729 1987 Aristoteles
751 1956 829 1999 (top.
852 1956 892 1995 8,
921 1955 984 1995 12,
1011 1953 1060 1997 S),

102 2016 301 2060 multumque
329 2017 368 2048 iis
394 2018 543 2049 tribuisse
569 2023 694 2050 veteres
720 2030 760 2049 ex
783 2018 942 2050 Cicerone
964 2023 1059 2061 atque

104 2078 327 2122 Quinetiliano
346 2087 494 2125 appareti,
521 2087 553 2113 at
570 2081 675 2113 verius
695 2081 805 2125 utique
821 2081 931 2113 Julius
945 2081 1060 2113 Victor

104 2143 150 2187 (in
175 2149 241 2175 arte
265 2146 382 2176 rhetor.
399 2145 463 2183 25,
488 2157 517 2188 p.
537 2145 609 2176 259
637 2144 768 2187 Orell.):
790 2145 848 2176 »ad
874 2146 954 2176 lianc
979 2144 1059 2175 obti-

103 2205 239 2236 nendam
263 2206 393 2237 tradunt
418 2206 562 2249 plerique
587 2207 728 2238 locorum
753 2211 785 2237 et
814 2207 1059 2238 simulacrorum

104 2266 257 2308 quasdam
288 2267 545 2307 observationes,
589 2279 671 2310 quae
704 2267 780 2298 mihi
812 2279 876 2299 non
911 2268 1060 2299 videntur

104 2326 221 2359 hahere
250 2328 414 2367 effectum-7
439 2329 619 2360 exercenda
640 2334 689 2360 est
710 2329 879 2360 memoriau
900 2335 959 2361 eet.

178 2386 271 2432 eet-a]
298 2389 372 2419 Hoc
407 2400 447 2419 ex
477 2389 635 2422 Cicerone
664 2390 865 2434 depromtum
892 2391 949 2435 (de
979 2396 1057 2422 orat.

103 2450 145 2491 2,
168 2450 248 2493 86),
278 2450 333 2494 qui
356 2452 434 2483 haec
456 2452 596 2495 praecipi
618 2454 662 2484 ait
683 2454 740 2485 »iis
765 2454 820 2498 qui
839 2456 921 2487 lianc
935 2460 1058 2498 partem

103 2513 223 2555 ingenii
245 2518 428 2544 exerceant:
453 2514 536 2545 locos
558 2525 630 2546 esse
653 2516 825 2560 capiendos
849 2523 881 2549 et
903 2530 951 2558 ea,
975 2530 1057 2563 quae

103 2574 256 2608 memoria
278 2579 388 2606 tenere
415 2574 551 2614 vellent,
579 2577 754 2617 effingenda
779 2578 883 2611 animo
909 2585 1004 2624 atque
1021 2580 1056 2611 in

106 2639 155 2671 his
180 2640 256 2673 locis
278 2638 480 2678 collocanda3
502 2638 548 2670 sic
572 2638 639 2671 sore
664 2645 699 2672 ut
720 2641 862 2674 ordinem
885 2655 989 2674 rerum
1010 2643 1054 2685 ef'-

1108 1953 1199 1998 fiyies
1222 1958 1366 1992 notaret,
1399 1958 1494 1997 atque
1519 1958 1555 1985 ut
1580 1954 1656 1985 Iocis
1677 1965 1737 1997 pro
1763 1965 1854 1996 cera,
1885 1954 2066 1986 simulam-is

1108 2027 1167 2058 pro
1192 2016 1292 2046 literis
1318 2020 1510 2048 uteremum
1550 2015 1658 2046 Probe
1683 2015 1780 2057 igitur
1805 2015 2067 2058 distinguendum

1110 2084 1160 2110 est
1184 2078 1268 2110 inter
1297 2079 1381 2110 locos
1414 2083 1447 2110 et
1478 2080 1634 2122 imagines
1664 2079 1731 2110 sive
1756 2080 1949 2118 sinmlaera,
1979 2084 2015 2110 ut
2036 2085 2070 2111 et

1110 2140 1317 2184 Spaldiugius
1334 2140 1456 2172 monuit
1471 2140 1524 2184 (ad
1539 2140 1671 2183 Quinct.
1688 2142 1745 2181 11,
1769 2141 1804 2180 2,
1831 2142 1896 2182 213
1920 2154 1950 2184 p.
1968 2141 2067 2185 507).

1183 2203 1366 2249 ediscenda]
1390 2204 1494 2245 Lege:
1516 2203 1680 2246 »longiora
1702 2205 1836 2244 suerint,
1861 2204 1926 2236 siut
1947 2205 2067 2247 dispes-

1109 2269 1237 2300 eenda.«
1257 2268 1385 2300 Voueu.
1411 2268 1517 2311 (spec.
1541 2268 1609 2299 erit.
1631 2281 1662 2312 p.
1682 2267 1750 2311 85)
1764 2286 1812 2291 -—
1828 2268 1935 2300 Causa
1961 2279 2067 2298 emen-

1108 2329 1204 2361 dandi
1225 2329 1395 2372 disparuit,
1428 2334 1597 2372 postquam
1622 2341 1662 2360 ex
1684 2329 1896 2361 anterioribus
1919 2327 2063 2359 editioni-

1107 2393 1170 2425 bus
1194 2392 1422 2436 codicibusque
1451 2392 1531 2424 meis
1556 2393 1683 2425 restitui
1710 2404 1811 2440 quae,
1847 2391 1933 2435 quod
1958 2390 2064 2423 Grotii

1107 2454 1227 2487 incuria
1255 2454 1425 2486 exciderat.

1183 2517 1237 2548 συί
1250 2528 1302 2547 res
1320 2514 1418 2560 ipsas]
1447 2515 1511 2548 Cm·
1526 2515 1559 2547 id
1578 2522 1628 2548 est
1649 2517 1753 2548 alicui.
1765 2514 1924 2547 Gno'r.—
1941 2514 2063 2554 Recte3

1105 2578 1246 2622 itemque
1269 2583 1355 2609 reete
1382 2589 1435 2609 res
1460 2579 1547 2621 ipsas
1575 2577 1639 2620 legi
1661 2577 1760 2618 jussit
1780 2588 1840 2621 pro
1863 2578 1952 2619 ipsa,
1976 2576 2062 2620 quod

1107 2654 1124 2674 e
1146 2640 1394 2674 Darmstattensi
1418 2641 1528 2675 codice
1545 2641 1613 2684 jam
1636 2638 1767 2674 correxi.

1655 963 1738 1004 Sed
1774 973 1820 1005 ut
1857 963 2070 1016 diximus,
2098 960 2191 1004 559
