2310 2860
696 109 893 150 Martiani
924 109 1123 165 Capellae
1153 109 1224 151 lib.
1259 111 1338 151 IX.
1371 113 1401 162 §-
1426 112 1525 153 956.

134 218 231 269 tria,
265 220 509 269 ἐναρμόνιον,
557 219 719 268 χρῶμα,
769 219 959 257 διάτονον.

139 297 219 337 hus
254 298 395 353 spatiis
426 306 464 337 et
492 296 805 351 angustioribus
849 307 1089 352 separatur,
1138 297 1334 338 diatonon
1381 315 1505 351 vero,
1550 300 1663 353 quod
1704 301 1809 341 tonis
1841 301 2083 355 copiosuin3

135 376 334 428 chroma,
366 376 480 431 quod
505 376 743 417 hemitoniis
775 377 1066 431 compmiitur3
1097 378 1204 418 sicut
1234 379 1346 418 enim
1373 379 1485 433 quod
1520 380 1626 421 inter
1653 381 1798 421 album
1825 382 2084 437 nigrumque

133 468 211 509 est,
250 459 364 500 color
399 458 572 510 dicitur,
610 458 666 499 ita
695 458 777 498 hoc
807 458 1005 508 chroma,
1037 458 1138 512 quia
1168 458 1274 499 inter
1305 468 1542 514 utrumque
1574 470 1650 511 est,
1681 462 1938 502 nominatur.

136 541 358 581 armonion
398 539 593 594 quidem,
643 553 780 594 quum
821 539 1158 580 immutabilibus
1198 539 1308 580 sonis
1348 540 1549 594 cingitur,
1600 540 1877 582 modulationi
1919 542 2086 583 obediet

132 621 174 661 in
215 635 395 661 acumen
437 635 512 675 per
551 619 682 660 diesin
731 628 770 658 et
811 618 941 658 diesin
991 628 1030 659 et
1069 618 1240 659 ditonon
1283 619 1636 674 incompositum3
1684 621 1726 661 in
1765 637 1938 676 gravem
1981 638 2084 664 vero

131 716 284 741 sonum
314 717 335 741 e
361 702 570 741 contrario
598 699 829 740 modulatio
861 709 944 740 tota
969 699 1242 739 subn'iittitur.

1307 698 1495 740 Chronla
1531 709 1668 740 autem
1695 700 1776 740 hoc
1799 701 1926 741 modo
1952 702 2085 743 melos

133 783 301 837 accipit:
342 797 417 837 per
456 781 736 821 hemitonium
781 789 820 820 et
862 780 1142 820 hemitonium
1184 788 1223 819 et
1257 778 1335 819 tria
1372 778 1622 830 hemitonia,
1666 793 1776 834 quae
1807 781 2084 837 incomposita

134 864 407 919 provenient,
438 863 479 902 in
510 877 685 917 gravem
719 876 820 902 vero
852 876 907 901 ex
938 861 1105 902 diverso
1134 869 1335 901 recurret.

1394 860 1449 901 At
1479 875 1581 901 vero
1612 860 1830 903 diatonum
1855 863 1952 918 ipsis
1983 878 2083 903 con-

135 954 296 986 tentum
329 944 438 984 sonis
464 943 505 983 in
538 957 719 983 acumen
754 941 931 996 quidem
964 943 1018 983 ita
1041 943 1215 997 accipiet
1235 942 1593 994 modulationem,
1625 952 1672 983 ut
1701 958 1776 998 per
1800 943 2084 985 hemitonium

133 1034 171 1066 et
200 1034 348 1064 tonum
383 1033 421 1064 et
455 1033 604 1064 tonum
647 1022 826 1064 modum
865 1026 1075 1077 integrum
1119 1023 1349 1078 compleat,
1395 1033 1434 1064 at
1462 1039 1566 1064 vero
1601 1025 1841 1079 graviorem
1874 1041 1950 1081 per
1981 1041 2083 1067 con-

131 1105 309 1146 trarium
343 1102 536 1143 ordinem
564 1112 856 1159 persequetur.

128 1218 282 1260 phronem
304 1216 409 1260 (epist.
434 1217 470 1255 l,
508 1217 570 1256 183
598 1228 629 1259 p.
649 1215 697 1246 89
720 1214 859 1257 Rei-gt),
885 1215 1085 1247 Macrobium

130 1282 177 1324 (in
199 1291 299 1311 somn.
321 1279 409 1322 Seip.
433 1280 473 1317 2,
501 1280 560 1321 4),
593 1284 624 1310 et
648 1278 776 1310 omniuo
799 1279 998 1310 Boeekhium
1026 1280 1084 1322 (de

130 1348 219 1375 metr.
241 1342 337 1375 Pind.
361 1355 389 1385 p.
407 1342 503 1383 207).

204 1405 352 1448 pluribus
369 1401 494 1446 spatiis]
515 1403 669 1433 Pluribus
688 1403 771 1434 valet
790 1403 1084 1447 naajoribus.Gn0’r.

132 1487 178 1492 -—-—
192 1469 366 1512 Perperam
386 1466 530 1498 Grotius.
558 1466 715 1509 Respexit
728 1466 903 1497 Martianus
921 1466 961 1497 ad
974 1477 1085 1497 vocem

130 1525 292 1564 πυκνόν.
311 1529 452 1561 ΜΕιΒοΜ.
468 1547 515 1552 -
539 1527 624 1559 Vide
646 1527 792 1570 superius
821 1526 863 1571 (ἓ.
879 1527 975 1570 9:50).
1001 1528 1084 1558 Har-

130 1594 234 1625 monia
259 1593 360 1632 enim,
396 1598 431 1623 ut
455 1591 595 1624 Viti-mii
620 1591 725 1622 verbis
751 1597 836 1630 utar,
868 1591 1084 1622 tetrachordo-

129 1667 197 1686 rum
216 1659 248 1686 et
273 1660 366 1685 tonos
388 1658 419 1685 et
441 1647 544 1684 dieses
570 1652 665 1683 habet
682 1652 789 1691 binas,
814 1664 910 1695 quum
931 1651 1085 1683 chromati

129 1717 192 1748 ‹luo
217 1715 390 1747 hemitonia
414 1715 447 1745 in
482 1713 592 1745 ordine
619 1713 810 1757 composita,
842 1713 970 1744 tertium
990 1713 1084 1744 trium

127 1777 371 1810 hemitoniorum
398 1776 439 1807 sit
469 1775 692 1815 intervallum,
727 1774 847 1806 diatoni
884 1780 989 1806 autem
1019 1775 1083 1806 duo

130 1841 194 1873 sint
216 1840 391 1873 continuati
420 1839 505 1878 toni,
537 1839 666 1869 tertium
689 1838 897 1869 hemitonium
923 1838 1011 1869 finiat
1037 1843 1082 1868 te-

129 1904 289 1936 trachordi
313 1902 572 1944 magnitudinem.

203 1968 288 2000 color
315 1964 450 2010 dicitur]
476 1963 562 1997 Vide
588 1964 734 2008 superius
752 1962 794 2008 (ἓ.
811 1963 908 2007 942).
941 1963 1082 1996 Omnino

128 2031 283 2076 quidquid
320 2035 465 2062 ornatum
502 2033 536 2059 et
573 2027 725 2059 variatum
762 2033 848 2058 esset
882 2027 915 2058 in
946 2027 1082 2068 musica,

129 2093 273 2141 χρῶμα
301 2093 536 2138 appellabatur,
572 2097 607 2123 ut
640 2091 834 2123 Philochoro
869 2091 954 2134 apud
982 2090 1082 2122 Athe-

129 2168 241 2188 naeum
256 2156 334 2200 (14,
359 2168 389 2198 p.
403 2154 505 2197 G5S):
528 2148 723 2199 χρώματά
745 2164 786 2186 τε
808 2149 957 2199 εὔχροα
980 2150 1082 2198 πρῶ-

130 2227 200 2256 τος
217 2213 426 2262 ἐκιθάρισα
441 2227 632 2258 quamquam
653 2215 738 2245 hune
754 2214 907 2257 loquendi
924 2225 1017 2245 usum
1033 2225 1081 2245 re-

130 2277 298 2324 prehendit
317 2278 411 2308 Plato
434 2278 487 2320 (de
510 2276 635 2318 legibus
656 2276 695 2316 2,
722 2288 754 2318 p.
769 2274 866 2318 635).

204 2351 262 2382 pez·
287 2336 408 2381 diesin]
434 2336 529 2369 Adde
552 2343 583 2369 et
610 2338 713 2369 diesin
735 2343 766 2368 et
792 2337 934 2369 ditonon.
966 2336 1082 2367 Editus

130 2400 239 2433 mutile
256 2405 288 2431 et
301 2400 487 2442 depravate:
503 2410 578 2441 »per
595 2398 697 2431 diesin
714 2403 745 2430 et
758 2398 1084 2430 diatononssMEmonr.

131 2482 179 2488 -—-
208 2462 407 2504 Corrigenda
434 2462 512 2494 haec
542 2466 632 2492 erant
662 2474 703 2493 ex
731 2462 819 2494 hisce
845 2461 1014 2493 Aristidis:
1040 2459 1081 2507 »ἡ

132 2526 173 2564 δὲ
203 2523 367 2573 ἁρμονία
400 2521 465 2562 ἐπὶ
498 2522 569 2569 μὲν
598 2521 643 2560 τὸ
676 2522 775 2571 βαρύ
801 2523 899 2562 κατὰ
927 2524 1083 2563 δίτονον

1136 1213 1200 1250 καὶ
1232 1215 1350 1251 δίεσιν
1386 1215 1449 1252 καὶ
1476 1217 1613 1261 δίεσιν,
1643 1217 1708 1254 ἐπὶ
1736 1217 1777 1253 δὲ
1808 1215 1854 1253 τὸ
1887 1216 1959 1260 ὀξὺ
1981 1218 2086 1254 ἐναν·

1136 1278 1246 1323 τίως,
1275 1277 1373 1314 κατὰ
1399 1280 1518 1316 δίεσιν
1545 1279 1609 1316 καὶ
1629 1280 1749 1316 δίεσιν
1774 1279 1838 1316 καὶ
1857 1280 2041 1316 δίτονον.α

1209 1343 1426 1388 submittitur]
1454 1345 1562 1385 Vulgo
1583 1347 1739 1384 smnstur,
1766 1346 1822 1376 sed
1852 1344 2019 1376 rectiorem
2041 1344 2086 1376 le-

1137 1405 1273 1436 ctionem
1299 1406 1454 1449 praebent
1487 1408 1614 1438 eodiees
1647 1413 1679 1438 et
1707 1408 1881 1440 Grotianus
1908 1413 1939 1438 et
1963 1407 2087 1439 Meibo-

1136 1468 1259 1498 mianus
1278 1472 1410 1511 uterque
1435 1473 1465 1499 et
1482 1469 1883 1508 nostriReiehenauensis‚
1908 1469 2086 1499 Darmstat-

1136 1529 1246 1569 tensis,
1268 1530 1471 1561 Monacensis
1490 1530 1556 1572 (C).
1583 1530 1645 1561 Est
1666 1536 1770 1562 autem
1787 1530 1872 1562 idem
1888 1530 1974 1574 quod
1989 1529 2085 1573 paulo

1135 1591 1267 1621 insci-ins
1296 1590 1336 1634 (ξ.
1352 1590 1439 1633 958)
1463 1591 1578 1633 deficit.

1211 1655 1246 1684 in
1269 1652 1418 1697 yrunem]
1446 1655 1631 1694 [egendum
1660 1666 1776 1686 censeo
1800 1654 1849 1685 »in
1874 1654 2077 1696 gravitatem«

1135 1714 1184 1746 vel
1202 1714 1246 1746 nin
1264 1715 1582 1755 grave.«]v⁵lx::non.—-
1598 1716 1777 1760 Quousque
1792 1716 1932 1747 tandem!
1960 1716 2084 1759 Repete

1134 1789 1265 1815 suumn,
1293 1782 1328 1807 ut
1350 1777 1445 1820 paulo
1469 1777 1625 1819 superius.
1654 1777 1804 1809 Ceterum
1828 1789 1885 1820 pro
1902 1789 1943 1808 ex
1959 1777 2086 1808 diverso

1134 1850 1242 1879 margo
1260 1837 1413 1868 Grotiana
1429 1850 1488 1880 per
1507 1838 1685 1877 diuersum,
1711 1844 1837 1882 praeter
1852 1838 2085 1870 necessitatem.

1209 1897 1298 1942 ipsis]
1325 1899 1412 1940 Lege
1439 1911 1509 1931 eum
1536 1904 1624 1942 patre
1655 1901 1682 1930 is
1706 1901 1790 1942 ipsis.
1810 1899 1972 1931 Gnor.--
1996 1899 2083 1931 Num

1133 1964 1173 1994 iis
1197 1964 1272 2005 ipsis
1294 1962 1416 1993 voluit?
1443 1961 1510 1994 Sed
1532 1963 1621 1994 nulla
1638 1963 1810 1994 mutatione
1837 1974 1983 2004 egemus3
2012 1973 2082 1994 sen-

1135 2035 1189 2055 sns
1213 2029 1277 2063 est,
1305 2023 1392 2054 sonis
1414 2035 1479 2055 non
1504 2023 1631 2055 variatis
1658 2024 1709 2055 vel
1730 2023 1838 2056 fractis
1859 2024 1916 2055 sed
1933 2023 2082 2055 naturali-

1133 2087 1193 2117 bus
1215 2085 1261 2116 uti
1278 2085 1440 2125 diatonon,
1469 2090 1505 2116 ut
1521 2085 1615 2116 etiam
1631 2085 1812 2118 Vitruvius:
1836 2085 1975 2117 »diatoni
1991 2096 2081 2116 vero«

1133 2149 1236 2192 inquit
1252 2149 1357 2192 »quod
1375 2149 1528 2180 naturalis
1548 2154 1613 2190 est,
1637 2148 1761 2181 facilior
1775 2154 1825 2181 est
1843 2148 2081 2181 intervallorum

1133 2213 1308 2244 distantiam

1207 2274 1352 2320 modum]
1380 2276 1632 2309 Modulationem
1656 2276 1825 2317 integram5
1856 2280 1892 2306 ut
1921 2272 2078 2306 indubita-

1134 2342 1200 2368 tum
1226 2337 1267 2368 sit
1289 2338 1479 2369 vocabulum
1506 2339 1617 2370 modus
1641 2350 1658 2368 a
1679 2336 1836 2369 Martiano
1854 2334 2000 2379 usurpari
2021 2345 2080 2378 pro

1133 2401 1324 2440 modulatio,
1353 2402 1439 2444 quod
1460 2407 1572 2433 notent
1595 2412 1721 2444 quoque
1747 2398 1971 2441 lexicographi.
1994 2397 2081 2430 Male

1133 2462 1185 2494 hie
1212 2462 1442 2506 explicaremus
1472 2452 1599 2495 modum
1629 2463 1789 2506 integrum
1815 2456 1909 2495 ὅλον
1933 2454 2080 2505 τρόπον

1133 2521 1160 2572 ἢ
1181 2521 1308 2562 τονόν.
1320 2526 1461 2563 ΜΕωοΜ.

1632 2587 1682 2621 94

2002 114 2092 155 ’743

1032 216 1325 257 Enarmonion
1367 217 1539 272 quidem
1575 217 1750 269 dicitur,
1791 217 1908 273 quod
1952 219 2087 273 pluri-
2121 220 2211 261 95ss

1996 462 2086 503 En-
2114 457 2201 500 957

2148 1103 2172 1115 m

916 1103 999 1143 Sed
1029 1118 1143 1143 nunc
1169 1104 1356 1144 maxime
1391 1103 1561 1144 diatono
1598 1104 1775 1145 utimur.
1813 1105 1895 1146 Sed
1926 1105 2087 1147 horum
2116 1103 2203 1145 908
