2310 2860
613 186 816 228 Martiam
847 184 1047 244 capenae
1076 158 1148 227 nb.
1173 185 1253 228 IX.
1283 188 1315 239 ς.
1343 187 1446 230 906.
1926 191 2015 233 705

53 295 221 337 Verum
244 309 428 350 sequens
459 294 643 336 heroum
679 293 869 350 praeclui
892 293 1040 334 enituit
1071 292 1349 334 admiratione
1380 303 1636 349 conventus;
1666 310 1768 338 nam
1794 297 2015 353 Orpheus,

50 377 291 432 Amphion,
322 378 542 432 Arionque
569 377 798 418 doctissimi
829 386 978 418 aurata
1003 389 1153 417 omnes
1180 375 1388 417 testudine
1421 388 1696 421 consonantes
1728 378 2013 424 flexanimum

49 458 208 513 pariter
246 459 416 502 edidere
446 469 715 501 concentum.

448 566 560 608 Nam
595 564 747 605 Thrax
777 579 865 620 quo
896 564 995 606 duri
1026 579 1231 620 rumpere
1264 581 1395 621 regna
1427 567 1544 608 erebi
2044 567 2132 608 907

449 648 638 701 Quoque
671 660 795 687 suam
827 647 985 687 meruit
1015 647 1248 689 immemor
1278 648 1547 704 Eurydicen,

449 727 549 777 Quo
580 735 705 767 cantu
735 725 930 782 stupidae
960 726 1119 780 tigridis
1151 728 1213 769 ira
1244 730 1351 780 ruit,

447 809 546 859 Quo
578 808 714 849 fertur
743 807 914 849 rabidas
945 808 1239 864 perdomuisse
1270 811 1403 863 feras,

445 891 545 941 Quo
576 890 680 932 vidit
710 890 862 946 rigidas
894 889 1118 946 glandibus
1150 893 1211 933 ire
1246 907 1390 934 comas

444 972 630 1012 Ismaros
662 980 701 1011 et
730 971 858 1012 silvas
891 987 1066 1013 currere
1097 982 1241 1014 monte
1274 987 1395 1024 suas,

443 1053 644 1094 Carmine
676 1067 762 1113 quo
795 1054 996 1108 Strymon
1030 1054 1235 1095 continuit
1264 1054 1436 1095 latices*

440 1135 495 1175 Et
525 1135 684 1175 Tanais
717 1135 849 1176 versis
876 1151 1001 1191 saepe
1034 1136 1207 1177 reflatus
1240 1136 1390 1190 aquis,

445 1215 545 1264 Quo
576 1215 755 1270 impune
787 1216 987 1257 accubuit
1017 1216 1191 1256 rictibus
1225 1229 1330 1270 agna
1365 1213 1481 1269 lupi,

441 1296 497 1338 Et
524 1296 646 1351 lepus
677 1296 834 1337 immiti
864 1298 1040 1339 contulit
1070 1314 1145 1340 ora
1179 1297 1295 1347 cani,

441 1378 534 1419 Hoc
565 1393 680 1418 nunc
710 1379 935 1433 permulsit
965 1379 1240 1432 insonuitque
1270 1377 1409 1427 melo,

437 1457 820 1514 Accumulansque
851 1460 981 1516 magis
1014 1460 1205 1501 carmina
1235 1473 1355 1499 sacra
1384 1456 1492 1499 Jovi.

435 1539 656 1596 Amphion
687 1541 821 1597 rigido
851 1542 895 1582 in
926 1556 1105 1597 corpore
1139 1539 1290 1580 mentis
1320 1538 1400 1579 iter

38 1686 142 1724 affert,
168 1682 224 1714 nbi
246 1679 329 1714 Pani
355 1686 387 1714 et
406 1681 532 1714 fistulae
551 1688 583 1714 et
602 1682 824 1731 πανὸηρὶου
852 1682 925 1728 (sie)
950 1682 999 1715 in-

37 1746 144 1779 ventio
170 1745 328 1777 tribuitur.

112 1821 188 1842 nam
217 1807 347 1853 Thrax]
374 1807 544 1852 OrplieuS‚
571 1808 610 1839 de
634 1820 698 1851 quo
722 1808 814 1851 plura
836 1808 996 1849 Virgilius

37 1875 165 1917 (georg.
191 1872 231 1912 4,
259 1871 332 1903 467
360 1869 485 1913 sequ),
525 1869 663 1901 Ovidius
689 1870 782 1913 (met.
812 1871 857 1901 10
886 1869 994 1914 init.)‚

37 1937 163 1970 Seneca
177 1934 323 1980 (Hercul.
343 1935 404 1965 fur.
421 1934 493 1965 539
509 1933 622 1976 sequ),
640 1933 791 1976 Hyginus
808 1933 881 1977 (fab.
897 1933 994 1977 164),

37 1999 107 2040 alii,
135 2010 208 2030 nam
230 1996 336 2029 falmia
356 1996 389 2027 in
413 1995 529 2036 vulgus
549 2000 624 2026 nota
647 2000 704 2026 est.

110 2060 277 2106 stupidae]
313 2059 537 2104 stupefactae,
572 2070 630 2102 per
661 2058 837 2102 prolepsin.
882 2058 932 2090 De
962 2057 994 2090 vi

35 2125 182 2158 carminis
193 2124 328 2168 Orphiei
341 2123 374 2155 in
388 2123 470 2154 seras
485 2133 602 2165 resque
617 2120 772 2152 inanimus
786 2121 857 2152 vide
870 2121 993 2164 Quinc-

33 2187 180 2219 tilianum
201 2188 254 2230 (1,
281 2186 356 2229 10):
379 2185 498 2228 »Quod
522 2184 620 2215 rudes
641 2196 769 2228 quoque
791 2189 823 2215 et
849 2189 991 2226 agrestes

34 2251 158 2285 animos
187 2249 394 2282 admiratione
427 2249 583 2282 mulceret
608 2249 776 2293 Orpheus,
812 2251 878 2280 non
907 2249 991 2280 feras

34 2314 131 2347 modo
152 2312 210 2345 sed
232 2323 309 2343 saxa
326 2312 421 2343 etiam
443 2312 604 2356 silvasque
626 2312 767 2352 duxisse,
794 2312 991 2356 posteritatis

34 2375 205 2409 memoriae
226 2374 375 2406 traditum
399 2379 483 2414 estu,
509 2386 656 2419 quosque
674 2375 807 2407 landant
821 2375 991 2408 Mitseher-

33 2438 149 2470 lichins
173 2437 227 2482 (ad
251 2437 368 2469 Horat.
394 2447 487 2468 carm.
514 2437 551 2476 1,
581 2437 643 2477 12,
673 2436 709 2480 7)
733 2442 766 2468 et
781 2438 990 2471 Marklandus

33 2501 88 2546 (ad
110 2499 196 2533 Max.
223 2498 300 2542 Tyr.
317 2499 377 2538 57,
399 2499 441 2539 (33
468 2498 508 2532 T.
526 2497 575 2538 ll,
601 2511 630 2542 p.
645 2498 719 2531 210
744 2501 881 2544 Reisk).

109 2565 237 2606 impune
259 2558 425 2605 accubuit]
461 2558 566 2593 Simili
592 2560 667 2593 lusu
689 2561 815 2598 Seneca
839 2562 988 2608 (Hercul.

33 2624 106 2658 Oct.
132 2625 240 2669 1038)
268 2624 307 2657 de
330 2624 479 2668 Orpheo:

1130 1681 1321 1728 »Juxtaque
1342 1679 1539 1723 impavidum
1553 1691 1652 1726 pecus

1095 1741 1187 1776 Sedit
1209 1744 1427 1775 Illamnaricus
1446 1743 1494 1776 leo
1501 1765 1514 1782 ,

1095 1807 1166 1839 IVee
1188 1808 1300 1838 damae
1322 1792 1491 1850 trepidant,
1504 1807 1616 1850 lupos,

1094 1871 1139 1902 Et
1161 1883 1293 1914 serpens
1314 1872 1454 1902 latebras
1477 1870 1585 1916 fuyit,

1100 1935 1190 1967 Tune
1217 1936 1313 1967 oblim
1338 1937 1484 1968 veneni.«

1118 1998 1223 2041 riyido
1248 1999 1283 2029 in
1308 1996 1458 2042 corpore]
1492 1996 1531 2029 Id
1554 2001 1618 2028 est:
1648 1997 1834 2031 »suscitavit
1859 2007 2002 2033 mortuos

1044 2059 1201 2090 suavitate
1220 2058 1301 2092 amvi
1324 2059 1500 2091 earminis.«
1516 2048 1722 2092 Vucifflss—
1737 2060 1843 2093 Valde
1865 2064 2003 2094 absin-{iu

1042 2122 1121 2154 haec
1155 2127 1204 2153 est
1238 2121 1469 2167 interpretatio.
1509 2123 1664 2168 Rigidum
1692 2136 1806 2168 eorpus
1839 2127 1922 2157 enim
1952 2127 2002 2158 hie

1042 2188 1118 2218 saxi
1146 2186 1198 2217 vel
1233 2188 1324 2230 rupis
1359 2192 1423 2227 est,
1466 2186 1518 2219 cui
1553 2187 1690 2219 animam
1719 2194 1814 2221 cantu
1848 2189 2000 2221 indidisse

1041 2247 1208 2292 Amphion
1239 2248 1378 2290 tingitur.
1418 2247 1642 2293 Apollodorus
1668 2250 1721 2293 (5,
1749 2251 1789 2290 5,
1817 2251 1868 2294 5)·
1892 2250 2005 2285 »ἐπ’αὲ

1041 2307 1377 2358 κολουθηόάντων
1403 2310 1451 2358 τῇ
1477 2311 1684 2359 Αμφίονος
1711 2308 1810 2359 λύρᾳ
1838 2312 1920 2347 τῶν
1944 2312 1996 2348 λί-

1041 2375 1161 2409 eam«
1194 2374 1350 2406 Horatius
1375 2374 1494 2418 (od.5,
1529 2376 1590 2415 11,
1623 2373 1677 2419 2):

1097 2437 1221 2468 »Movit
1244 2436 1408 2480 Αἰιέρῖιὶοη
1430 2437 1551 2481 lapides
1574 2436 1747 2470 canendam

1040 2498 1165 2532 Seneca
1185 2497 1315 2542 (oedip.
1334 2497 1437 2542 612)2

1096 2560 1183 2604 »Qui
1202 2572 1285 2592 saxa
1308 2561 1395 2593 dulei
1418 2562 1521 2593 traxit
1540 2560 1703 2604 Amphion
1720 2569 1827 2592 sona«

1039 2624 1135 2658 Adde
1166 2624 1353 2669 Euripidem
1381 2625 1570 2669 (phoeniss.
1600 2623 1672 2657 116
1698 2625 1769 2658 eu'm
1793 2622 1994 2668 scholiasta),

2044 1544 2133 1584 ima
