2310 2860
803 150 1004 192 Martiani
1043 150 1242 207 Capellae
1280 151 1350 192 lib.
1377 151 1408 192 I.
1446 152 1540 204 §.4

188 271 283 305 quam
297 259 432 305 seriptis.
460 260 668 304 Quapropter
681 270 776 303 supra
793 260 953 300 contendi,
971 271 1036 292 non
1051 271 1146 303 posse

188 325 248 356 hoc
259 336 381 356 comma
394 324 588 368 interpungi,
598 324 863 368 quemadmodum
873 323 1014 361 Goezius
1024 329 1055 355 et
1063 324 1145 356 Gro-

187 386 250 418 tius
268 387 442 428 jusserant.
468 387 558 418 Nulli
575 387 660 419 enim
678 388 749 419 usui
768 387 1022 419 antecedentium
1041 399 1145 419 emen-

187 449 273 482 datio
293 456 359 490 est,
391 450 418 481 si
440 462 476 481 ea
493 449 630 481 admissa
648 450 833 482 obscuriora
855 448 1042 490 redduntur,
1064 463 1145 494 quae

187 518 377 557 sequuntur.
419 512 529 545 Verba
556 513 684 557 quidem
712 513 825 545 melius
856 514 1078 551 cohaererent,
1119 513 1147 545 si

185 573 363 608 Saturnum
385 574 424 606 al)
443 586 541 606 uxore
564 575 760 619 pei-mulsum
782 586 853 606 esse
870 575 1049 607 Martianus
1071 575 1144 606 seri-

184 636 322 680 psisset3
365 641 398 667 at
420 647 496 668 vero
517 648 583 668 non
608 635 751 680 scripsit:
776 647 873 680 quare
893 636 1076 679 interpretis
1100 637 1144 667 os-

186 697 292 730 ficium
310 703 370 737 est,
393 698 489 730 verba
511 697 643 742 scripta,
671 698 777 742 quoad
801 698 871 730 fieri
893 703 1017 742 potest,
1050 698 1144 729 inler-

185 759 311 802 pretari.
344 759 493 800 Intelligo
509 759 607 800 igitur
630 760 895 793 »moestsssimum
912 760 1044 792 deorum
1063 760 1144 791 seui·

186 833 292 854 orem«
328 823 554 865 permulcendo
581 835 713 856 uxorem
743 824 848 857 minus
877 824 947 857 fieri
976 829 1143 856 moestum.

186 882 361 928 Quumque
385 886 446 916 hoe
473 890 596 917 tantum
626 886 720 918 modo
751 887 887 919 obscura
913 886 967 918 illa
993 886 1145 930 explicari

184 945 328 988 possint,
355 945 484 977 omnino
506 958 627 978 comma
652 959 669 979 3
687 948 792 979 verbis
822 949 998 991 »similique
1015 960 1143 991 persua-

185 1005 274 1037 sione
297 1007 477 1038 transduci«
503 1009 712 1051 repetendum
729 1015 787 1040 est.
820 1009 1070 1041 moestissimum
1087 1010 1140 1040 de-

183 1066 280 1109 nique
303 1067 393 1098 illum
412 1068 569 1100 seniorem
590 1069 722 1101 deorum
742 1082 813 1102 esse
832 1070 1008 1103 Saturnum
1028 1083 1045 1102 e
1065 1070 1139 1102 Ser-

183 1126 225 1157 vii
257 1126 314 1170 (6,
335 1129 426 1173 525)
461 1134 549 1172 patet
579 1131 701 1161 verbis:
741 1131 829 1174 »Ops
856 1138 939 1163 terra
968 1138 1032 1172 est,
1061 1144 1140 1164 uxor

182 1189 334 1230 Saturni,
361 1203 459 1235 quam
481 1192 599 1225 Graeci
622 1194 747 1225 Rheam
772 1200 913 1226 vocant.-

258 1291 517 1337 moeslissimum]
547 1293 655 1334 Hujus
672 1294 806 1326 Saturni
827 1295 879 1325 dei
896 1295 1033 1334 effigiem
1050 1307 1139 1338 prae-

184 1353 262 1384 bent
286 1360 490 1384 monumenta
513 1355 577 1396 (ap.
595 1353 709 1384 Montf.
726 1353 752 1385 Ι,
775 1366 806 1396 p.
826 1355 881 1385 19.
896 1355 1024 1387 Passer.
1041 1357 1074 1388 in
1090 1357 1138 1388 lu-

185 1428 270 1448 eern.
302 1416 327 1447 1.
355 1417 377 1447 9
399 1427 487 1458 sequ.
507 1414 635 1446 Stosch.
664 1415 745 1446 dact.
773 1416 837 1446 tab.
867 1417 921 1447 14.
952 1419 1006 1448 15.
1030 1418 1140 1461 Ruspe

183 1479 246 1511 tab.
273 1478 329 1508 14.
355 1476 457 1520 Spon.
482 1477 642 1508 rechereh.
668 1478 726 1508 69.
759 1478 876 1520 Cuper.
903 1480 1007 1521 apoth.
1043 1480 1140 1511 Hom.

184 1539 243 1572 44.
268 1538 385 1571 Graev.
408 1538 490 1569 thes.
518 1536 585 1568 XII
607 1550 637 1581 p.
659 1538 763 1570 1045.
791 1538 853 1569 tab.
882 1540 914 1570 8.
939 1544 971 1569 et
991 1539 1140 1572 Museum

183 1602 244 1634 Pio
254 1620 265 1626 ·
275 1601 379 1634 Clem.
402 1600 461 1633 W.
484 1599 560 1644 59).

258 1687 453 1735 Aryionam]
470 1687 756 1733 AnAnqertmam,
776 1690 868 1732 eujus
884 1691 1028 1722 meminit
1035 1691 1140 1723 Varro

185 1757 217 1783 et
232 1752 374 1784 Festus?
401 1763 441 1783 311
458 1751 565 1795 potius
574 1751 787 1795 Aqeroniam,
808 1753 900 1794 cujus
917 1752 1143 1794 Augustinus?

186 1814 305 1848 Glossa
336 1820 446 1846 vetus:
479 1813 684 1856 »Angeronia
711 1812 735 1861 ἡ
771 1812 868 1854 θεὸς
895 1814 1022 1861 βουλῇ
1028 1828 1046 1855 ς
1078 1813 1142 1850 καὶ

187 1875 368 1922 namuh«,
397 1876 418 1908 l.
441 1876 614 1918 Ageronia.
663 1876 750 1909 Sane
781 1875 947 1908 Arnobius
970 1878 1143 1910 Juturnam

186 1939 264 1971 Jani
283 1951 415 1971 uxorem
433 1940 525 1980 facit,
556 1951 622 1971 non
641 1938 848 1981 Anger-onam
868 1940 920 1972 vel
937 1939 1142 1983 Ageroniam.

187 2003 291 2036 Gnor.
307 2020 357 2031 —-
372 2003 480 2035 Locus
500 2003 586 2034 haud
602 2002 697 2035 dubie
716 2010 766 2035 est
783 2005 975 2045 mendosus,
1000 2017 1060 2038 nee
1075 2005 1141 2050 pla-

186 2072 237 2098 θεῖ
254 2067 466 2111 Anqeronam
492 2067 605 2111 reponi
626 2080 698 2100 eum
719 2067 788 2100 viro
810 2080 935 2110 magno.
952 2069 1066 2101 Hms.
1089 2069 1142 2115 (ad

187 2127 283 2160 ovid.
294 2134 367 2160 met.
385 2129 442 2169 14,
465 2129 548 2161 554.
565 2141 595 2172 p.
610 2129 683 2161 962
700 2129 833 2174 Buram).
850 2149 897 2157 —-
922 2131 1049 2163 Nomen
1064 2131 1141 2163 alias

187 2191 264 2224 mihi
279 2204 345 2224 non
358 2197 408 2224 est
423 2193 552 2234 lectum,
576 2205 636 2225 nec
652 2193 763 2225 dubito
776 2195 964 2227 mendosum
981 2208 1061 2228 esse.
1078 2196 1139 2228 Ca-

188 2245 302 2299 stigavi
324 2262 408 2288 certe
433 2256 569 2301 plurima
588 2269 630 2288 ex
651 2259 780 2302 inqem‘o
808 2258 891 2303 (ll),
917 2265 949 2291 et
969 2260 997 2291 si
1014 2265 1140 2292 vacaret

189 2319 313 2362 singula
329 2321 526 2361 examinare,
552 2321 640 2352 nulla
664 2327 750 2353 esset
763 2321 900 2366 plagella
911 2347 920 2364 ,
942 2323 975 2355 in
992 2336 1054 2368 qua
1074 2336 1139 2356 non

190 2394 313 2415 errores
349 2396 478 2428 possem
509 2385 657 2418 exhibere
688 2386 885 2419 commissos.
943 2388 1054 2419 Ilm-s.
1094 2388 1139 2433 (in

190 2445 300 2477 Burm.
315 2446 385 2490 syll.
402 2448 493 2491 epist.
509 2447 567 2480 ῙΠ.
584 2448 778 2494 Ρ.460).-
795 2449 900 2481 Bond.
917 2456 949 2481 ot
961 2451 1139 2483 Vulcanius

191 2508 370 2552 Aryionam
383 2532 395 2547 ‚
436 2509 635 2551 Bongarsius
667 2512 840 2555 Arqonam.

900 2512 1028 2544 »Feriae
1067 2518 1140 2543 sunt

192 2570 346 2613 (Macrob.
366 2576 483 2603 saturn.
509 2573 542 2611 1,
567 2572 625 2616 10)
642 2574 731 2605 divae
744 2573 965 2617 Angeroniae,
997 2576 1047 2608 eui
1061 2588 1139 2620 pon·

2092 155 2148 197 19

1197 260 1297 292 tifiees
1320 259 1351 291 in
1369 260 1486 292 sacello
1497 260 1655 305 Volupiae
1672 273 1796 295 sacrum
1811 262 1941 303 faciunt,
1961 276 2055 308 quam
2067 264 2150 297 Ver-

1197 321 1262 353 rius
1285 321 1420 360 Flaccus
1450 322 1675 365 Augei-oneum
1705 325 1766 363 diei
1797 326 1858 365 ait,
1895 326 1980 370 quod
2014 338 2150 370 angores

1197 397 1232 417 ac
1242 385 1417 416 animorum
1433 386 1677 418 sollicitudinem
1687 389 1853 431 propitiata
1866 390 2032 433 depellat.«
2049 390 2149 423 Gorz-

1197 467 1242 473 —
1255 448 1306 481 Cf.
1324 455 1528 480 monumenta
1543 450 1656 482 Monts.
1676 457 1738 482 ant.
1753 452 1834 496 expl.
1854 454 1871 484 1
1892 466 1921 496 p.
1936 454 2019 485 559.
2032 453 2149 484 Causei

1196 522 1275 541 mus.
1290 510 1332 542 Π.
1358 512 1416 542 55.
1443 511 1534 554 Cayl.
1552 512 1671 544 reeeuil
1696 512 1738 544 Π.
1763 514 1819 545 79.
1845 514 1904 546 ΠΙ.
1932 515 1990 545 44.
2018 515 2075 546 IV.
2093 516 2149 546 72.

1197 572 1327 604 01301ἱί
1343 574 1422 603 thes.
1439 572 1496 604 IV.
1511 574 1617 605 1785.
1646 573 1712 606 Sed
1730 575 1913 619 neutiquam
1927 576 2150 618 ΛιιφηὌηίαιη

1196 634 1228 665 in
1245 639 1367 665 textum
1383 635 1524 678 recipere
1543 635 1678 667 debebat
1695 636 1857 677 Goezius,
1884 644 1915 668 et
1943 638 1988 669 sic
2007 638 2149 679 aenigma

1194 694 1227 727 in
1245 695 1430 737 aenigmatis
1444 696 1550 728 locum
1564 696 1768 728 substituere.
1793 698 1896 737 Nemo
1910 699 1995 730 enim
2008 705 2150 730 veterum

1195 769 1335 801 unquam
1357 757 1434 790 Jani
1460 764 1514 789 aut
1543 770 1675 790 uxorem
1701 764 1755 790 aut
1782 759 1912 791 amicam
1939 761 2019 791 dixit
2041 760 2150 802 Ange·

1194 822 1327 863 roniam,
1355 823 1542 866 praesertim
1564 834 1662 867 quum
1680 822 1802 867 Opem,
1835 822 2151 870 Saturni-conjugem

1194 887 1289 917 modo
1318 887 1529 918 nominaverit
1553 894 1672 919 noster.
1720 887 1849 919 Heinsii
1871 887 1965 919 etiam
1990 887 2150 919 temeritas

1194 950 1245 981 hie
1265 950 1370 982 elucet
1395 952 1627 995 corrumpentis
1655 963 1780 995 semper
1805 952 1870 982 sere
1896 963 1913 982 e
1936 951 2004 982 sola
2025 951 2149 993 conjec-

1193 1019 1265 1044 tura
1289 1014 1471 1058 scriptores.
1517 1015 1604 1046 Nihil
1633 1015 1717 1046 enim
1735 1015 1921 1046 mutandum
1940 1021 2025 1055 erat,
2053 1015 2150 1058 siqui-

1192 1076 1265 1107 dem
1289 1076 1433 1118 Argiona
1459 1084 1507 1109 est
1531 1079 1637 1117 «Iuno,
1670 1091 1751 1122 quae
1776 1078 1849 1109 inde
1877 1078 1916 1109 ab
1942 1078 2078 1109 Homeri
2100 1089 2149 1109 ae-

1191 1146 1256 1171 tate
1285 1139 1335 1183 (ll.
1354 1141 1397 1180 4,
1423 1140 1459 1184 8)
1483 1153 1659 1182 cognomen
1687 1147 1779 1172 nacta
1801 1146 1868 1172 erat
1885 1139 1958 1185 τῆς
1983 1137 2151 1186 Ἀργείης

1191 1201 1361 1245 (Herodot.
1382 1203 1413 1241 1,
1434 1203 1492 1234 51.
1509 1203 1543 1241 6,
1563 1203 1620 1233 81.
1637 1201 1755 1233 Strabo
1775 1204 1807 1232 5.
1825 1214 1854 1244 p.
1871 1202 1956 1233 215.
1973 1202 2006 1232 9.
2020 1202 2150 1245 p.415.

1192 1261 1374 1293 casaubon.
1394 1262 1646 1292 .1an11»li‹=l·.vit.
1663 1262 1796 1304 Pythag.
1815 1263 1859 1292 14
1877 1263 1897 1292 s.
1917 1275 1947 1305 p.
1956 1262 2027 1307 49).
2053 1264 2150 1306 Aryi-

1189 1332 1265 1352 vam
1293 1321 1456 1365 appellant
1483 1320 1599 1352 Cicero
1620 1320 1672 1365 (N.
1688 1322 1728 1352 D.
1748 1323 1764 1352 1
1777 1344 1786 1360 ,
1819 1322 1866 1353 29
1893 1321 1927 1366 f.)
1946 1328 1978 1353 et
1994 1323 2150 1364 Virgilius

1190 1381 1288 1429 (Aen.
1309 1383 1351 1421 5,
1383 1380 1479 1425 547).
1513 1381 1644 1414 Gentile
1664 1388 1768 1413 autem
1779 1383 1927 1426 Aryicma
1946 1395 2004 1427 pro
2028 1385 2151 1426 vulgari

1190 1442 1316 1484 Argia,
1353 1442 1419 1473 sive
1442 1442 1587 1484 Argiva,
1620 1444 1797 1474 Martianus
1822 1456 1838 1475 e
1864 1445 1989 1477 Graeco
2018 1441 2150 1492 Ἀργει-

1193 1498 1272 1546 ώνη
1306 1501 1347 1545 (v.
1372 1501 1553 1533 Antimach.
1578 1514 1627 1546 ap.
1644 1502 1756 1546 steph.
1773 1504 1910 1547 Byzant.
1929 1518 1960 1548 p.
1981 1506 2066 1550 102)
2082 1519 2148 1538 mu-

1190 1568 1299 1595 tuatus
1317 1569 1375 1595 cst.
1400 1564 1447 1595 At
1462 1566 1571 1607 plures
1585 1566 1693 1597 forsan
1704 1566 1939 1608 ignoraverint,
1967 1569 2044 1611 quid
2061 1569 2148 1602 Jano

1193 1639 1264 1658 cum
1281 1626 1412 1658 Junone
1439 1627 1535 1658 suerit
1559 1629 1754 1659 commune?
1785 1629 1862 1661 Istis
1887 1632 1966 1663 haee
1987 1631 2084 1673 igitur
2099 1645 2146 1665 re-

1194 1702 1345 1722 vocamus
1360 1691 1394 1722 in
1410 1691 1611 1723 memoriam:
1628 1691 1752 1724 Junoni
1770 1698 1855 1725 certe
1872 1693 2012 1736 cujusvis
2029 1696 2148 1728 mensis

1194 1753 1319 1786 initium
1349 1766 1474 1787 sacrum
1498 1761 1566 1787 erat
1586 1756 1793 1800 (Laurentius
1812 1755 1894 1800 Lyd.
1918 1759 1961 1797 5,
1994 1759 2025 1789 7.
2051 1771 2081 1803 p.
2099 1761 2147 1792 98

1193 1817 1325 1864 Roeth.)
1349 1820 1525 1851 seeundum
1546 1820 1627 1852 illud
1644 1820 1755 1852 Ovidii
1778 1820 1862 1866 (fast.
1883 1821 1916 1861 1,
1941 1820 2019 1866 55)=

1251 1919 1427 1951 „Vindicat
1447 1920 1613 1953 Ausmaias
1638 1920 1781 1953 «Iunonis
1806 1933 1886 1953 cura
1903 1920 2091 1954 calendas.-

1194 2004 1284 2048 Quin
1311 2006 1475 2051 Junonem
1504 2006 1598 2039 etiam
1625 2007 1716 2051 quasi
1740 2006 1904 2040 Janonem
1930 2008 2046 2041 dietam
2074 2020 2144 2040 esse

1191 2067 1327 2110 legimus
1345 2069 1471 2114 (Isidor.
1487 2075 1581 2113 etym.
1598 2071 1633 2110 8,
1655 2071 1712 2110 11,
1731 2071 1779 2102 69
1793 2069 1913 2115 Arev.).
1945 2070 2051 2103 «Ianus
2068 2082 2143 2102 vero

1190 2131 1326 2163 Junonii
1350 2132 1539 2174 cognomine
1564 2133 1738 2174 gaudebat,
1766 2134 1840 2177 quia
1870 2139 1951 2166 teste
1979 2134 2142 2167 Maerobio

1191 2195 1334 2240 (Saturn.
1361 2197 1376 2227 1
1389 2220 1398 2237 ,
1431 2197 1454 2228 9
1473 2202 1505 2228 ct
1524 2195 1584 2241 15)
1602 2209 1667 2228 11011
1686 2196 1790 2228 solum
1806 2197 1972 2241 «Ianuarii,
2003 2198 2060 2229 sed
2077 2208 2140 2228 om-

1190 2259 1277 2291 nium
1300 2259 1457 2292 mensium
1473 2260 1637 2302 ingressus
1656 2260 1793 2292 tenebat.
1833 2261 1940 2293 Facile
1960 2261 2055 2302 igitur
2070 2271 2139 2303 per-

1191 2323 1333 2367 spicitur,
1357 2336 1420 2368 quo
1435 2329 1529 2368 pacto
1546 2330 1657 2356 noster
1675 2325 1780 2357 dicere
1798 2325 1938 2368 potuerit
1949 2324 2025 2355 Jani
2037 2323 2138 2354 June-

1190 2399 1263 2418 nem
1289 2399 1360 2419 esse
1387 2388 1541 2420 amicam.'
1568 2387 1615 2420 At
1641 2400 1717 2420 vero
1748 2400 1787 2420 ne
1818 2388 1863 2419 sie
1893 2388 2021 2431 quidem
2043 2384 2137 2416 dixit:

1191 2449 1247 2480 sed
1273 2449 1408 2481 »Janum
1426 2449 1572 2481 miratum
1590 2462 1661 2481 esse
1679 2455 1812 2493 utraque
1830 2449 1907 2480 faeie
1926 2447 2136 2489 Argionam«,

1190 2513 1276 2556 quod
1301 2513 1385 2544 idem
1409 2519 1458 2545 est
1481 2519 1576 2557 atque
1601 2513 1635 2545 in
1659 2524 1852 2556 unoquoque
1880 2522 1972 2542 anno.
2016 2511 2137 2544 Confer

1190 2575 1359 2609 Aurelium
1381 2577 1546 2610 Victorem
1569 2577 1622 2621 (de
1642 2576 1718 2616 orig.
1738 2580 1821 2616 gent.
1851 2587 1880 2618 p.
1895 2575 1918 2606 6
1936 2573 2031 2618 Rip).

1679 2639 1700 2669 5
1718 2635 1741 2661 *
