2310 2860
111 1282 199 1325 522

235 195 327 235 448
800 192 1000 234 Martiani
1039 192 1238 249 Capellae
1260 192 1346 235 lib.
1369 193 1424 235 V,
1463 196 1496 247 §.
1519 194 1620 238 521.

235 302 277 343 in
309 299 391 340 fine
430 308 659 354 ponantur,
698 308 746 340 ut
774 300 808 340 si
839 300 934 354 quis
966 299 1096 341 dicat:
1130 314 1322 356 pugnare
1351 301 1530 353 juvenes
1560 317 1640 356 pro
1671 303 1918 357 parentibus
1946 306 2042 347 suis.
2102 305 2184 348 Ca-

235 378 427 421 vendum
462 379 587 419 etiam
613 394 666 420 ne
696 380 969 434 pyrrhichius
994 389 1087 436 post
1115 379 1417 435 pyrrhichium
1441 379 1585 421 veniat
1608 389 1647 421 et
1677 391 1863 436 quatuor
1892 383 2042 424 breves
2073 384 2185 435 fiant,

233 467 281 500 ut
309 459 345 499 Si
375 458 470 514 quis
500 457 629 500 dicat:
668 458 832 514 perdidi
871 460 983 501 bona
1015 474 1111 500 mea
1122 475 1133 511 3
1182 469 1254 500 aut
1298 469 1390 516 post
1422 460 1722 516 pyrrhichium
1752 462 1976 503 trochaeus
2006 465 2185 519 sponde-

229 552 357 589 usve,
404 547 450 579 ut
489 538 524 579 si
560 539 696 580 dicas:
730 541 1008 595 conqueritur
1047 556 1126 582 sua
1163 540 1274 592 fata,
1335 551 1423 582 aut:
1456 542 1639 597 imputat
1674 543 1755 584 sibi
1785 543 1974 590 demens.
2031 546 2114 586 Sed
2147 558 2186 589 et

232 618 460 661 trochaeus
500 627 539 659 et
576 619 767 670 iambus,
815 620 884 660 vel
928 635 1006 676 pro
1058 622 1202 663 iambo
1245 631 1338 678 post
1381 622 1633 665 trochaeum
1676 624 1969 680 pyrrhichius,
2024 626 2185 669 malam

233 700 472 742 clausulam
514 700 687 742 faciunt.
764 702 893 743 Hunc
945 704 1057 745 enim
1110 704 1240 746 finem
1285 705 1455 759 elegiaci
1506 706 1759 761 pentametri
1804 706 1985 762 turpiter
2035 706 2186 750 reddit.

234 780 355 831 Quid
387 782 501 822 enim
534 782 724 834 interest,
768 792 915 824 utrum
947 783 1078 826 dicas:
1109 788 1254 829 omnia
1282 802 1438 843 nempe
1469 788 1608 841 vides,
1659 803 1711 830 an
1741 804 1845 830 vero
1884 788 2017 829 dicas:
2052 789 2189 844 aspice

232 861 344 905 facta
376 864 500 905 mea?
552 865 663 904 Bono
695 874 836 905 autem
869 875 1088 920 ponuntur
1122 868 1187 908 vel
1218 867 1304 909 duo
1335 868 1526 910 trochaei
1556 869 1624 911 vel
1655 869 1879 912 trochaeus
1909 878 1949 910 et
1977 867 2190 924 spondeus

233 943 278 985 in
316 943 399 985 fine
440 943 677 995 clausulae,
724 952 773 984 ut
812 944 846 984 si
877 945 973 999 quis
1003 945 1135 987 dicat:
1167 947 1274 989 haec
1312 957 1371 989 est
1410 948 1628 991 bonorum
1667 949 1827 992 civium
1865 963 2022 1006 magna
2065 964 2190 1004 cura,

235 1033 325 1065 aut:
360 1023 465 1066 haec
502 1034 620 1076 sunt,
659 1039 770 1082 quae
801 1026 982 1068 maximi
1012 1027 1221 1084 principes
1251 1027 1342 1070 sola
1371 1038 1533 1072 curant.

965 1186 1044 1228 DE
1076 1187 1470 1233 TRISYLLABIS.

402 1288 655 1345 Trisyllabis
685 1290 921 1334 clausulam
952 1293 1276 1334 terminantibus
1305 1293 1376 1335 lex
1412 1303 1491 1345 est,
1521 1294 1556 1334 si
1585 1292 1714 1335 modo
1745 1307 1842 1335 eam
1871 1292 1975 1334 velis
2006 1291 2188 1332 molliter

231 1367 390 1421 fluere,
427 1380 475 1411 ut
502 1371 702 1412 trochaeo
734 1374 1012 1427 praecedente
1047 1374 1283 1429 penultimo
1316 1374 1523 1415 molossus
1553 1373 1867 1428 subsequatur,
1899 1372 1987 1412 sive
2019 1371 2190 1426 longam

232 1450 388 1492 habeat
428 1452 705 1494 novissimam
737 1454 948 1508 syllabam
993 1456 1082 1497 sive
1126 1456 1303 1497 brevem
1340 1456 1434 1510 jure
1475 1453 1675 1505 metrico,
1719 1462 1767 1493 ut
1807 1451 1915 1493 illud
1945 1461 2006 1493 est
2034 1450 2190 1493 Tullii:

234 1546 381 1581 „mare
419 1531 753 1584 fluctuantibus,¹
795 1535 909 1576 littus
936 1537 1116 1589 ejectis.“
1172 1538 1241 1579 Fit
1272 1547 1414 1578 autem
1451 1536 1634 1591 pessima
1676 1534 1889 1586 clausula,
1933 1535 1966 1575 si
1997 1549 2075 1590 pro
2104 1542 2192 1575 tro-

235 1610 366 1652 chaeo
391 1612 626 1666 penultimo
651 1613 890 1668 spondeum
914 1617 1243 1670 praelocaveris,
1276 1627 1322 1657 ut
1352 1618 1385 1657 si
1416 1616 1547 1657 dicas:
1574 1630 1694 1657 mare
1726 1616 2033 1657 fluctuantibus
2063 1629 2192 1671 rupes

236 1690 396 1743 ejectis3
438 1692 539 1732 item
578 1694 785 1749 pessima,
823 1694 857 1735 si
895 1710 972 1750 pro
1010 1696 1210 1737 trochaeo
1243 1696 1546 1751 pyrrhichium
1577 1696 1870 1752 praemiseris,
1915 1705 1964 1736 ut
1991 1696 2027 1736 si
2057 1696 2192 1737 dicas:

235 1785 356 1811 mare
387 1771 690 1814 fluctuantibus
722 1774 809 1829 apis
842 1774 992 1829 ejectis.
1052 1775 1159 1816 Item
1183 1775 1333 1816 vitiosa
1363 1784 1422 1816 est
1451 1775 1684 1827 conclusio,
1715 1775 1749 1815 si
1778 1774 1998 1816 novissimi
2023 1774 2195 1816 molossi

238 1851 377 1906 prima
415 1852 580 1906 syllaba
624 1853 764 1895 brevis
807 1854 898 1907 fiat,
944 1856 1144 1911 quamvis
1182 1856 1383 1896 trochaeo
1422 1856 1499 1897 rite
1537 1857 1794 1911 praemiss03
1839 1865 1941 1897 tunc
1971 1856 2085 1897 enim
2115 1856 2194 1898 he-

238 1931 405 1971 roicum
436 1946 605 1975 comma
641 1935 848 1987 nascitur,
893 1946 939 1978 ut
971 1938 1005 1978 si
1044 1938 1138 1991 quis
1177 1937 1305 1978 dicat:
1340 1938 1453 1978 littus
1493 1937 1650 1978 amicis.
1708 1937 1817 1978 Item
1853 1937 1966 1979 bona
2004 1938 2194 1981 clausula

241 2011 306 2063 fit,
348 2012 382 2052 si
421 2027 498 2067 pro
537 2015 766 2056 novissimo
810 2017 993 2058 molosso
1031 2018 1192 2059 ionicus
1236 2019 1378 2060 minor
1415 2027 1599 2073 ponatur
1637 2027 1729 2073 post
1767 2017 2040 2068 trochaeum,
2083 2026 2131 2058 ut
2158 2017 2192 2057 si

241 2119 358 2151 dixeris
395 2132 476 2164 quae
497 2120 664 2154 Ciceronis
687 2125 902 2167 palchen-ima
921 2126 1037 2159 dicitur
1061 2127 1094 2158 in
1115 2127 1190 2169 jure
1320 2123 1429 2169 Tullii]
1457 2125 1522 2156 Pro
1546 2125 1667 2156 Roscio
1688 2124 1843 2156 Amerino
1868 2125 1948 2168 (calb
1965 2123 2035 2165 26)·

240 2181 387 2213 Romano
411 2181 445 2225 (l.
468 2182 502 2213 2.
522 2181 550 2226 §.
566 2184 614 2215 4ss
638 2184 677 2215 de
703 2185 744 2216 Ο.
758 2185 804 2228 ὖ).
1316 2184 1402 2230 apis]
1428 2186 1529 2217 Nihili
1547 2198 1610 2218 vox
1631 2186 1671 2217 ad
1686 2197 1826 2224 sensum,
1849 2184 1933 2215 unde
1956 2185 2073 2216 factum
2091 2189 2142 2216 est
2161 2191 2195 2216 nt

311 2241 411 2288 fiant]
438 2242 494 2275 Sic
517 2255 574 2287 pro
592 2243 750 2278 Grotiano
768 2246 870 2290 faeiat
891 2247 1022 2293 reposui
1041 2259 1059 2280 e
1080 2248 1191 2281 codice
1242 2252 1275 2279 et
1290 2252 1383 2279 vetus
1406 2247 1460 2278 ille
1486 2248 1573 2287 sons,
1600 2247 1684 2278 unde
1699 2247 1732 2277 in
1755 2245 1896 2286 margine
1919 2244 2053 2277 Grotius
2078 2245 2194 2288 hausit,

241 2306 428 2339 Monacensi
448 2305 513 2349 (C).
1242 2315 1275 2341 et
1294 2308 1421 2340 codices
1446 2306 1728 2347 Darmstattoosis,
1756 2306 2047 2348 Roiohcnouensis,
2075 2312 2108 2339 et
2123 2307 2193 2340 Μο-

316 2368 392 2414 duo]
421 2369 582 2401 Omissam
610 2381 627 2401 a
655 2370 770 2403 Grotio
802 2374 882 2406 hanc
913 2385 1023 2406 vocem
1047 2374 1193 2418 supplevi
1241 2371 1388 2403 nacensis
1407 2371 1463 2415 (C)
1480 2383 1564 2414 apex
1580 2370 1704 2411 legaut3
1731 2369 1788 2400 sed
1804 2370 1962 2401 sententia
1978 2370 2195 2414 pyrrhichium

243 2442 259 2462 e
282 2431 530 2463 Darmstattensi
554 2431 664 2464 codice
699 2438 730 2464 et
755 2435 964 2467 anterioribus
989 2436 1192 2467 editionibus.
1241 2433 1376 2474 flagitat,
1401 2444 1506 2475 neque
1524 2431 1698 2475 quidquam
1721 2436 1887 2474 praeterea
1904 2431 2044 2463 voluisse
2066 2432 2193 2465 Martia-

315 2496 525 2538 praecedenle
552 2495 739 2541 penultimo]
776 2497 815 2529 In
842 2499 935 2530 editis
968 2505 1035 2531 erat
1057 2501 1193 2543 penulti-
1243 2505 1303 2527 nus
1331 2493 1475 2533 Videtur,
1510 2492 1573 2524 ”5⁵1
1605 2498 1640 2524 ¹¹¹⁸·
1671 2492 1892 2537 qualecunque
1921 2493 2112 2525 VOCabUhlm
2137 2493 2193 2525 du·

242 2569 346 2597 mam,-
373 2558 430 2590 sed
452 2559 532 2590 illud
548 2559 753 2594 Monacensis
779 2561 879 2594 codex
900 2561 955 2606 (C)
975 2563 1137 2608 praebuit,
1163 2567 1196 2595 et
1246 2569 1334 2590 arum
1349 2556 1494 2590 brevium
1508 2556 1701 2603 syllabarum
1717 2557 1751 2591 in
1767 2555 1976 2603 penultimum
1993 2556 2100 2590 locum
2119 2555 2193 2590 suh·

244 2630 358 2651 sensus
383 2620 571 2662 efflagitavit.
1247 2622 1401 2655 stitueret.
