2310 2860
741 163 941 207 Martiani
979 163 1179 221 Capellae
1216 164 1287 206 lib.
1312 164 1367 207 V.
1407 166 1440 217 §.
1476 166 1573 208 517.

186 272 485 328 petulantiam,

544 271 650 314 dum
689 271 807 314 dicit:
839 272 1065 324 „successit
1102 272 1176 313 tibi
1213 272 1373 313 Lucius
1417 271 1656 315 Metellus.“

2053 173 2146 216 445

1724 275 1804 317 Hic
1834 285 1975 319 tamen
2009 281 2074 321 vir
2107 292 2146 323 et

186 352 310 408 longo
347 368 476 409 opere
515 363 554 395 et
590 353 682 410 ipsa
717 353 784 394 sui
824 354 1040 407 majestate
1079 350 1333 392 defenditur.
1393 351 1593 395 Ceterum
1625 355 1668 396 in
1701 355 1899 399 clausulis
1932 360 2143 402 vitiosissi-

183 449 307 476 mum
352 435 577 491 reperitur.

644 432 1088 476 Animadvertendum
1123 441 1294 485 autem,
1342 449 1395 474 ne
1444 449 1582 489 quum
1631 436 1949 482 similitudinem
1992 457 2142 483 versus

183 517 433 573 effugimus,
478 517 636 558 bonam
685 516 920 558 clausulam
960 525 1246 565 transeamus,
1293 523 1340 555 ut
1369 515 1402 554 si
1434 515 1579 557 timeas
1610 516 1749 559 dicere
1795 523 2138 576 „strepitumque

181 599 451 654 plagarum‘ss
495 613 634 653 quum
675 598 746 654 pla
775 597 898 651 longa
930 596 980 636 sit
1012 604 1050 636 et
1081 595 1238 636 bonam
1271 593 1506 636 clausulam
1539 596 1695 638 fecerit.
1754 599 1990 642 Vitandum
2023 604 2149 644 etiam
2180 604 2264 644 51¹2:

181 681 225 722 in
265 680 416 722 eodem
455 680 548 721 loco
596 678 900 734 cacemphaton
943 677 1011 718 vel
1055 677 1368 733 interloositione
1406 677 1475 718 vel
1516 681 1847 722 commutatione
1893 685 2142 725 verborum.

180 760 408 802 Inhonesta
451 761 565 802 enim
602 758 800 814 exempla
842 767 941 799 sunt
977 767 1024 798 ut
1064 758 1231 812 „arrige
1274 772 1397 798 aures
1442 759 1708 815 Pamphile“,

181 841 352 896 virginis
384 842 496 894 ira“;
540 841 583 881 in
620 839 684 881 his
721 839 834 880 enim
864 838 1064 881 sordescit
1095 839 1240 880 oratio.

181 922 422 978 asperrimis
461 921 588 962 literis
628 920 671 961 in
709 933 847 960 unum
887 921 1259 972 concurrentibus,

1769 771 1898 818 atque
1938 775 2142 820 „ereptae

1302 839 1475 880 Vitandi
1505 840 1630 882 etiam
1662 841 1791 893 freni,
1834 844 1909 898 qui
1948 844 2054 886 fiunt
2085 861 2141 888 ex

1320 930 1369 962 ut
1403 931 1462 963 est
1500 922 1606 964 illud
1646 923 1833 965 Terentii
1873 925 1915 966 in
1949 926 2142 982 Hecyra:

177 1004 353 1059 „perpol
400 1017 533 1058 quam
571 1016 729 1057 paucos
769 1003 986 1057 repperias
1025 1002 1319 1045 meretricibus
1353 1003 1497 1044 fideles
1529 1004 1700 1046 evenire
1736 1014 1944 1049 amatores
1977 1008 2144 1062 Syra?“

177 1092 217 1123 et
246 1083 299 1124 ab
330 1082 479 1123 iisdem
509 1082 638 1122 literis
673 1081 934 1137 incipientia,
982 1092 1027 1123 ut
1057 1092 1137 1124 est:
1179 1099 1291 1135 „non
1331 1084 1413 1126 suit
1442 1084 1553 1126 istud
1582 1085 1793 1140 judicium
1823 1086 1969 1141 judicii
2004 1089 2143 1130 simile

244 1214 423 1262 Phalaecii]
441 1216 581 1248 Restitui
599 1216 769 1259 genuinam
788 1216 947 1249 scribendi
964 1217 1133 1260 rationem,

175 1291 273 1324 quum
296 1281 474 1312 anteriores
499 1281 657 1312 editiones
683 1281 866 1320 Plnaleulii,
890 1281 1024 1314 Grotius
1047 1283 1134 1314 Pha-

175 1344 270 1375 leucii
302 1344 501 1377 exhiberent.
541 1345 763 1375 Petulantium
793 1350 899 1375 autem
928 1344 1020 1385 dicit,
1059 1346 1133 1389 quia

173 1405 432 1448 hendecasyllabi
443 1405 632 1448 plerumque
649 1405 884 1447 epigrammatis
897 1405 1024 1436 lascivis
1035 1412 1131 1449 atque

172 1467 296 1502 frivolis
319 1466 552 1510 componendis
584 1465 817 1506 inserviebant-2.
851 1465 936 1497 unde
959 1466 1131 1508 Quinctili-

173 1540 252 1560 anus
283 1529 342 1572 (Ι,
373 1529 414 1567 8,
443 1527 485 1570 6)
516 1528 711 1559 amovendos
742 1539 799 1559 eos
825 1539 843 1559 a
872 1527 981 1571 pueris
1010 1533 1130 1560 censet.

170 1590 266 1622 Adde
297 1589 439 1621 Plinium
466 1588 652 1621 Secundum
678 1588 790 1632 (epist.
814 1589 855 1629 4,
886 1589 950 1629 14,
977 1588 1039 1631 4)ε
1065 1601 1131 1630 „ex

170 1652 287 1696 quibus
312 1656 418 1683 tamen
446 1651 473 1683 si
505 1650 663 1682 nonnulla
691 1650 750 1681 tibi
783 1650 881 1695 paulo
914 1650 1130 1694 petulantiora

169 1715 378 1756 videbuntur,
405 1715 465 1746 erit
490 1714 678 1746 eruditionis
702 1719 775 1746 tuae
801 1714 957 1756 cogitare,
986 1726 1128 1747 summos

170 1779 244 1811 illos
262 1785 294 1811 et
312 1779 517 1821 gravissimos
535 1779 633 1820 viros,
658 1778 713 1822 qui
733 1778 808 1810 talia
829 1777 1038 1822 scripserunt,
1062 1776 1128 1810 non

169 1843 266 1876 modo
289 1844 418 1876 lascivia
443 1855 566 1884 rerum,
601 1843 658 1874 sed
680 1854 721 1875 ne
747 1842 854 1875 verbis
877 1842 1006 1885 quIdem
1032 1842 1127 1874 nudis

171 1906 392 1939 abstinuissem
426 1905 494 1938 Sed
511 1911 624 1938 nostro
641 1906 715 1937 loco
737 1905 777 1937 de
798 1910 899 1937 meh-o
920 1910 1044 1937 tantum
1061 1917 1126 1937 ser·

168 1979 297 2000 monem
320 1978 391 1999 esse
416 1978 547 1999 monere
573 1966 626 1998 va
648 1978 730 2010 opus
753 1971 812 1998 est.

239 2027 428 2073 playarum]
455 2028 612 2060 Nimirum
641 2028 738 2071 playa
767 2039 826 2071 pro
855 2026 1038 2060 discrimine
1063 2027 1126 2070 sig-

167 2090 358 2123 nificationis
387 2090 596 2134 penultimam
623 2094 690 2120 tum
714 2089 862 2133 producit
886 2094 952 2121 tum
976 2089 1125 2134 corripit3

170 2155 227 2186 sed
256 2165 295 2186 eo
320 2154 393 2187 loeo
417 2166 512 2198 quem
536 2154 714 2186 Martianus
741 2153 861 2194 innuit,
890 2154 987 2196 longa
1012 2154 1125 2198 penul-

167 2217 244 2250 tima
266 2230 324 2262 pro
351 2218 477 2251 Graeco
501 2214 634 2263 πληγὴ
659 2223 832 2261 usurpatur
851 2218 957 2261 (Vei-r.
976 2220 1015 2259 5,
1045 2218 1125 2261 62);

168 2278 226 2310 ubi
260 2291 345 2311 nune
379 2280 508 2322 quidem
542 2279 674 2321 legitur:
700 2279 808 2310 »nulla
844 2291 907 2310 vox
939 2279 1000 2311 alia
1036 2279 1123 2311 illius

168 2341 277 2373 miseri
303 2341 386 2372 inter
410 2342 553 2374 dolorem
577 2345 797 2390 crepitumque
819 2343 990 2386 plagarum
1016 2343 1122 2374 audie-

168 2403 298 2443 batur«,
326 2402 520 2435 Mattianum
539 2409 646 2437 tamen
671 2404 831 2447 corrigere
854 2416 897 2437 ex
919 2405 1038 2437 nostris
1056 2404 1122 2437 edi-

168 2464 311 2497 tionibus
331 2464 483 2496 dubitavi.

243 2525 488 2572 cacemplmton]
516 2526 572 2560 Sie
601 2528 713 2571 scripsi
734 2540 752 2562 e
774 2529 884 2562 codice
906 2530 1063 2563 Grotiano
1089 2535 1122 2563 et

169 2589 312 2633 vestigiis
330 2589 603 2623 Reichenaucnsis
629 2594 661 2622 et
681 2590 963 2634 Darmstattensis,
990 2593 1046 2637 qui
1072 2604 1122 2626 ca-

1184 1219 1363 1262 cenphaton
1395 1218 1530 1258 habent,
1563 1230 1623 1263 pro
1654 1219 1782 1261 vulgata
1817 1221 2029 1263 cacophaton,
2066 1220 2144 1253 lieet

1182 1283 1244 1314 hoe
1263 1282 1356 1314 etiam
1378 1282 1410 1313 in
1436 1293 1496 1313 usu
1518 1282 1618 1314 fuisse
1643 1288 1779 1314 testetur
1796 1283 1936 1315 Vossius
1954 1283 2042 1328 (inst.
2063 1290 2143 1317 orat.

1182 1345 1223 1384 4,
1247 1344 1287 1384 2,
1308 1344 1355 1387 4).
1395 1344 1445 1376 De
1476 1355 1510 1375 re
1541 1343 1611 1387 ipsa
1635 1344 1707 1376 vide
1729 1344 1921 1378 Ciceronem
1945 1346 1998 1390 (ad
2025 1347 2141 1378 divers.

1183 1408 1222 1445 9,
1247 1406 1324 1449 22),
1355 1407 1609 1449 Quinctilianum
1627 1408 1680 1451 (8,
1704 1410 1744 1448 5,
1767 1409 1833 1449 44,
1859 1422 1890 1452 p.
1905 1410 1977 1441 245
2002 1409 2141 1454 Spald.),

1182 1466 1330 1498 Servium
1357 1467 1417 1511 (ad
1445 1467 1532 1501 Aen.
1560 1468 1600 1507 2,
1635 1468 1712 1510 27),
1753 1469 1838 1500 unde
1867 1470 2028 1511 intelliges
2059 1471 2142 1503 illud

1181 1529 1408 1571 cacemphaton
1443 1528 1563 1559 dictum
1598 1539 1689 1569 esse,
1721 1528 1749 1560 si
1779 1529 1830 1561 vel
1863 1529 1932 1573 ipsa
1967 1532 2063 1563 verba
2087 1531 2141 1564 vel

1181 1591 1253 1622 soni
1278 1603 1389 1623 eorum
1414 1591 1448 1622 in
1472 1592 1668 1623 obscoenum
1697 1604 1827 1624 sensum
1853 1593 2038 1638 detorqueri
2061 1607 2137 1639 pos-

1180 1660 1268 1694 sent,
1300 1660 1336 1685 ut
1368 1654 1402 1685 in
1431 1665 1469 1685 eo
1496 1655 1582 1697 quod
1613 1666 1630 1686 e
1658 1655 1811 1687 Terentio
1834 1657 1941 1688 attulit
1962 1657 2081 1701 (Andr.
2104 1660 2139 1699 5,

1178 1718 1218 1758 4,
1243 1717 1306 1761 51)
1328 1719 1472 1761 arrz‘qere
1499 1718 1540 1749 ad
1567 1729 1663 1749 aures
1686 1718 1840 1760 relatum,
1872 1721 1959 1763 quod
1990 1722 2068 1753 alias
2099 1723 2139 1754 de

1178 1781 1316 1811 membro
1338 1780 1428 1811 virili
1444 1778 1576 1819 dieitur,
1603 1783 1635 1810 et
1658 1778 1692 1810 in
1713 1779 1814 1812 altero
1838 1783 1985 1826 exemplo
2012 1790 2139 1827 ereptae

1177 1843 1333 1886 virginis,
1365 1841 1452 1885 quod
1475 1846 1604 1883 ereptae
1628 1842 1825 1885 virginitatis
1849 1843 2021 1876 admonere
2047 1851 2138 1889 pote·

1177 1911 1241 1946 rat,
1266 1905 1344 1937 lieet
1369 1904 1454 1949 apud
1475 1903 1648 1946 Virgilium
1666 1903 1762 1949 (Aen.
1778 1905 1818 1946 2,
1844 1907 1932 1950 415)
1961 1906 2022 1940 alio
2042 1920 2140 1940 sensu

1177 1966 1297 1998 dictum
1318 1966 1374 1997 sit:

1234 2029 1339 2058 »Tum
1368 2028 1482 2059 Danai
1506 2028 1628 2071 qemitu
1651 2033 1748 2075 atque
1775 2033 1902 2074 ereptae
1925 2030 2058 2074 virginis
2091 2031 2139 2064 ira

1237 2091 1385 2139 Undique
1409 2091 1533 2122 collecti
1553 2091 1743 2123 invadunlm

1177 2153 1234 2186 Sic
1266 2154 1351 2187 enim
1385 2160 1417 2186 et
1445 2155 1530 2198 apud
1561 2160 1690 2199 poetam
1720 2161 1753 2187 et
1778 2155 1812 2188 in
1841 2157 2002 2201 prioribus
2034 2160 2136 2191 nostri

1177 2216 1369 2248 editionibus
1385 2216 1518 2258 legitur3
1545 2217 1679 2249 Grotius
1696 2218 1857 2262 quomodo
1876 2220 2011 2252 ediderit
2027 2228 2135 2265 erepta

1176 2279 1296 2312 nescio.
1322 2280 1590 2312 Darmstattensis
1612 2293 1740 2324 quoque
1759 2282 1862 2314 codex
1879 2283 1974 2314 hahet
1989 2289 2134 2326 ereptae;

1174 2342 1450 2375 Rcielienauensis
1478 2344 1575 2387 paulo
1610 2344 1702 2376 aliter
1735 2350 1787 2376 »ut
1821 2349 1871 2376 est
1901 2349 1996 2388 atque
2027 2353 2134 2389 erepte

1175 2403 1323 2446 virginis«
1353 2410 1413 2437 cet.

1247 2466 1423 2513 repperias]
1451 2467 1509 2501 sie
1536 2480 1554 2501 e
1574 2468 1683 2502 codice
1711 2468 1968 2501 Reichenauensi
1995 2469 2132 2515 ipsoque

1173 2531 1324 2563 Terentio
1349 2532 1452 2576 (Hee.
1481 2533 1518 2574 1,
1551 2534 1588 2574 1,
1614 2533 1651 2575 2)
1675 2533 1817 2573 restitui,
1852 2532 1948 2574 vulgo
1973 2537 2129 2577 reperias,

1172 2595 1275 2629 codex
1298 2595 1505 2632 Monacensis
1526 2596 1609 2630 male
1633 2597 1781 2639 reperies.
