2310 2860
782 191 982 233 Martiani
1014 191 1213 247 Capellae
1243 191 1315 232 lib.
1337 191 1391 233 V.
1429 193 1461 242 ᾗ.
1481 190 1581 231 522.

217 299 351 340 dicas:
383 313 502 340 mare
537 298 841 340 fluctuantibus
880 299 992 339 littus
1031 298 1210 353 agitanti.

2080 193 2173 235 1149

1267 297 1350 338 Sed
1388 298 1429 338 in
1469 298 1550 339 hac
1584 297 1775 339 clausula
1806 297 2072 350 cavendum,
2116 315 2169 341 ne

218 396 294 436 pro
319 380 518 421 trochaeo
541 381 775 436 penultimo
801 380 1012 436 spondeus
1038 390 1243 437 ponatur3
1273 395 1374 421 nam
1401 390 1502 421 tunc
1531 381 1563 420 si
1594 380 1768 421 solveris
1793 381 1958 422 tertiam
1983 380 2169 431 molossi,

215 462 257 503 in
290 463 439 504 vitium
472 462 607 513 cadis,
654 463 781 518 quale
819 463 961 503 incidit
996 462 1165 512 Cicero,

1224 475 1364 515 quum
1394 461 1510 501 dicit:
1542 462 1603 512 „si
1636 470 1674 501 te
1704 462 1834 502 semel
1867 463 1918 504 ad
1951 477 2066 503 meas
2097 476 2169 504 ca-

215 558 310 599 psas
351 544 605 586 admisero.“
663 545 706 585 Si
738 553 880 586 autem
915 544 1150 599 penultimo
1179 543 1376 584 trochaeo
1409 541 1594 582 mediam
1627 542 1796 583 molossi
1826 544 2021 595 solveris,
2068 544 2168 599 pul-

216 623 364 666 chram
396 624 633 666 clausulam
665 624 836 673 feceris,
867 632 914 663 ut
943 623 976 663 si
1008 623 1141 664 dicas:
1167 623 1280 664 littus
1310 621 1537 673 Aemiliac3
1569 622 1667 662 item
1702 622 1898 663 trochaeo
1926 621 2165 678 penultimo

214 703 394 758 pulchre
425 705 549 745 etiam
586 705 704 745 tertia
734 703 904 744 molossi
935 703 1181 755 resolvitur,

1243 714 1291 745 ut
1320 703 1353 743 si
1384 702 1517 743 dieas:
1550 702 1663 743 littus
1695 703 1932 757 aequabile.
1991 703 2099 744 Item
2130 701 2165 741 si

213 783 400 824 trochaei
446 784 669 840 penultimi
706 783 880 838 longam
926 783 1123 834 solveris,
1173 794 1211 825 et
1250 785 1437 841 primam
1483 784 1654 826 molossi
1698 784 1856 835 ultimi,
1909 782 1955 825 fit
1997 784 2162 839 elegans

215 864 426 917 clausula,
465 875 512 907 ut
542 875 620 907 est:
647 879 770 907 curas
801 879 947 921 regere
983 865 1242 907 animorum.

1003 1024 1082 1066 DE
1123 1023 1373 1067 FIGURIS.

378 1131 690 1172 Sententiarum
741 1140 881 1171 autem
934 1130 1096 1186 figurae
1142 1129 1224 1170 hae
1274 1140 1388 1171 sunt:
1426 1130 1568 1172 Ironia
1613 1138 1673 1170 est
1711 1129 1944 1179 simulatio,
1995 1129 2038 1168 in
2077 1141 2165 1183 qua
2193 1125 2283 1167 525

209 1210 324 1252 aliud.
359 1212 499 1254 verbis
538 1211 842 1267 significamus,
889 1211 1006 1253 aliud
1044 1226 1090 1252 re
1120 1211 1210 1267 ipsa
1241 1212 1466 1262 sentimus,
1518 1220 1564 1251 ut
1595 1220 1654 1251 est
1684 1211 1943 1266 principium
1979 1224 2056 1265 pro
2088 1209 2163 1249 Li—

207 1291 342 1345 gario:
373 1292 580 1342 „Novum
616 1293 779 1334 crimen
818 1291 894 1333 Cai
938 1291 1137 1334 Caesar.“
1196 1291 1429 1346 Paralepsis
1468 1300 1528 1332 cst
1558 1292 1821 1347 praeteritio,
1867 1304 2006 1346 quum
2039 1290 2162 1345 quasi

282 1429 393 1478 quale]
420 1430 470 1463 Ita
497 1431 625 1475 plurimi
650 1431 776 1464 codices
803 1430 966 1474 (Oudend.
981 1431 1020 1462 ad
1038 1430 1159 1475 Appul.

207 1493 234 1527 I.
256 1507 287 1538 p.
308 1495 415 1537 714),
442 1495 475 1525 in
501 1495 617 1537 quibus
636 1500 668 1526 et
687 1495 961 1526 Reichcnauensis
990 1499 1055 1534 est,
1094 1506 1159 1526 11011

213 1560 266 1589 »in
288 1558 400 1601 quale«
422 1564 456 1589 ut
477 1558 610 1590 Grotius
633 1559 741 1590 edidit.
769 1559 917 1591 omissae
936 1565 1007 1590 ante
1028 1558 1159 1589 relativa

204 1620 450 1663 praepositionis
477 1632 535 1652 nec
561 1620 646 1663 apud
670 1619 812 1652 Graecos
846 1633 905 1652 nec
931 1620 1015 1663 apud
1040 1621 1157 1651 Roma-

204 1693 264 1713 nos
294 1681 439 1726 exempla
465 1681 598 1722 desunt3
636 1682 745 1713 confer
775 1682 870 1713 modo
899 1682 1089 1714 Ciceronem
1117 1680 1157 1712 3ἶί

204 1742 348 1775 Atticum
371 1743 426 1788 (5,
452 1744 515 1784 19,
539 1742 589 1786 2):
615 1755 683 1775 nme
707 1749 779 1774 tuae
804 1743 915 1775 literae
939 1755 1102 1787 nunquam
1123 1742 1157 1774 in

203 1812 323 1838 tantam
356 1819 444 1852 spem
479 1808 697 1847 adduxerunt,
732 1814 888 1855 quantam
917 1807 1088 1848 aliorum«,
1124 1812 1157 1839 et

205 1870 245 1902 ad
262 1871 306 1914 Q.
320 1871 448 1903 fratrem
466 1872 498 1916 (1
509 1894 519 1911 ,
539 1872 581 1912 4,
601 1871 654 1915 4):
670 1872 834 1915 »quoniam
849 1872 881 1902 in
898 1877 1020 1902 tantum
1034 1871 1156 1902 luctum

203 1937 236 1963 et
259 1932 402 1964 laborem
426 1933 575 1964 detrusus
601 1944 652 1972 es,
683 1939 839 1979 quantum
863 1944 955 1963 nemo
978 1943 1155 1975 unquam«;

202 1992 328 2025 Livium
354 1993 438 2038 (10,
465 1993 548 2036 51)=
576 1993 701 2025 »socios
727 1994 805 2025 belli
831 1994 865 2025 in
889 1994 1000 2025 eadem
1027 1994 1155 2025 fortuna

201 2055 366 2096 videbant,
396 2067 461 2102 qua
484 2054 547 2099 ipsi
573 2060 680 2086 erant«
702 2060 761 2086 cet.

276 2117 401 2162 Cicero]
428 2119 467 2150 In
489 2118 682 2149 divinatione
704 2118 737 2150 in
759 2117 935 2150 Caecilium
955 2117 1040 2162 (15).

275 2183 314 2214 de
332 2180 459 2227 fiquris]
486 2182 580 2213 Hanc
598 2182 835 2226 inscriptionem
856 2194 873 2214 e
894 2182 1002 2215 codice
1019 2181 1153 2214 Reiche-

202 2245 335 2277 nauensi
356 2245 512 2286 desumsi,
536 2258 634 2289 quum
652 2246 747 2287 vulgo
764 2246 860 2278 verba
877 2246 1043 2289 sequentia
1061 2258 1151 2277 »sen-

202 2306 371 2338 tentiarum
393 2312 498 2338 autem
520 2307 638 2349 figurae
660 2309 719 2339 hae
741 2313 831 2338 sunt«
856 2319 914 2351 pro
937 2307 1029 2338 titulo
1046 2307 1151 2351 posita

201 2374 327 2410 essent,
354 2381 434 2412 quae
460 2381 478 2401 a
499 2371 756 2403 Reichenauensi
781 2383 914 2416 prorsus
938 2372 1063 2403 absunt.

275 2431 525 2477 sententiarum]
556 2434 804 2476 Distinguuntur
830 2436 869 2467 ab
885 2436 1086 2473 *elocutionis
1113 2434 1147 2465 fi·

202 2494 304 2536 guris,
334 2494 373 2525 de
402 2493 519 2537 quibus
548 2494 628 2526 iufra
648 2495 828 2541 (.§526)‚
860 2498 980 2542 pariter
1007 2503 1041 2528 ut
1066 2496 1150 2540 apud

201 2557 345 2590 Graecos
365 2554 552 2602 σχήματα
571 2556 715 2599 λέξεως
729 2558 793 2595 καὶ
815 2560 1001 2601 &tamiag-
1028 2561 1150 2594 Confer

202 2618 457 2662 Quinctilianum
477 2617 535 2663 (9,
559 2619 596 2661 1,
624 2620 670 2653 14
697 2621 821 2666 sequ.),
853 2622 1007 2668 Aquilam
1030 2623 1147 2655 Roma-

1209 1443 1285 1462 num
1304 1431 1349 1474 (p.
1370 1432 1439 1463 145
1466 1431 1625 1473 nulium,
1659 1436 1691 1462 ct
1714 1442 1795 1474 quos
1817 1431 1927 1462 laudat
1943 1431 1981 1463 C.
2006 1430 2058 1461 Fr.
2077 1430 2160 1460 ller-

1209 1505 1343 1525 mannus
1369 1493 1427 1537 (ad
1452 1494 1530 1524 Luc.
1558 1494 1597 1524 de
1620 1493 1693 1525 hist.
1716 1505 1775 1525 scr.
1800 1506 1831 1536 p.
1845 1493 1941 1536 275).
1967 1491 2159 1525 Accuratius

1209 1557 1303 1588 etiam
1327 1557 1492 1598 distinguit
1517 1557 1636 1588 Curius
1660 1557 1909 1588 Fortunatianus
1935 1556 1979 1600 (p.
1998 1558 2043 1588 75
2061 1556 2159 1597 Ρίῑ11.)

1209 1617 1370 1662 λέξεως,
1409 1615 1547 1663 λόγου,
1573 1618 1770 1660 διανοίας,
1798 1631 1878 1662 quas
1912 1618 2036 1650 differre
2064 1618 2160 1650 docet

1215 1683 1320 1726 »quod
1349 1679 1495 1722 λέξεως
1523 1681 1556 1712 in
1589 1682 1722 1723 singulis
1754 1682 1859 1713 verbis
1887 1682 1981 1721 fiunt⁷
2010 1687 2046 1712 ut
2070 1682 2159 1713 nuda

1206 1756 1312 1788 qenu,
1339 1755 1417 1787 quas
1441 1755 1504 1774 uno
1527 1743 1655 1775 nomine
1677 1739 1898 1788 ἐξαλλαγὰς
1918 1754 2089 1787 possumus
2112 1742 2156 1774 ‹li-

1207 1820 1295 1840 cere:
1311 1803 1432 1852 λόγου
1448 1818 1522 1838 vero
1540 1807 1573 1838 in
1593 1807 1783 1839 elocutionis
1801 1806 2048 1851 compositione,
2076 1818 2158 1850 quae

1205 1869 1351 1913 pluribus
1383 1868 1485 1899 modis
1520 1869 1614 1910 flunt,
1651 1875 1686 1901 ut
1716 1865 1987 1916 πολυπτώτῳ,
2015 1868 2155 1904 ἐπανα-

1207 1929 1322 1978 φορᾷ,
1366 1929 1617 1978 αντιότροφῇ,
1659 1929 1946 1977 παρονομαόὶᾳτ
1980 1928 2156 1969 διανοίας

1205 1998 1311 2024 autem
1340 1992 1373 2024 in
1398 1993 1559 2032 sensibus,
1589 1988 1923 2039 προθεράπευόις,
1951 1988 2154 2037 ἦθοποιῖᾰ,

1204 2052 1454 2102 ἀποστροφῆς
1481 2056 1597 2099 quibus
1626 2057 1736 2097 etiam,
1766 2056 1832 2087 sive
1857 2055 2069 2087 elocutionem
2088 2067 2154 2086 mu-

1203 2119 1319 2150 taveris
1350 2124 1403 2149 aut
1432 2118 1600 2149 verborum
1636 2118 1779 2149 ordinem
1809 2116 1993 2157 inverteris,
2025 2116 2153 2148 eaedem

1202 2186 1308 2212 tamen
1332 2181 1451 2222 figurae
1478 2186 1681 2223 permanent,
1708 2191 1817 2211 verum
1846 2184 1981 2222 utraque
2008 2175 2151 2219 λέξεως

1202 2249 1234 2275 et
1263 2237 1385 2287 λόγου
1409 2253 1474 2273 non
1497 2242 1568 2273 itm

1275 2303 1398 2349 ironia]
1426 2305 1547 2337 Confer
1569 2306 1654 2337 hune
1679 2304 1862 2346 similesque
1885 2302 1992 2341 locos,
2016 2301 2043 2331 si
2059 2300 2148 2340 libet,

1200 2365 1411 2410 cumAquila,
1428 2378 1468 2397 ex
1482 2379 1545 2410 quo
1557 2368 1635 2398 haec
1647 2377 1747 2409 paene
1763 2364 1866 2396 omnia
1879 2363 2030 2395 desumta.
2045 2361 2150 2393 Gno‘r.

1275 2430 1336 2463 Gai
1357 2428 1491 2475 Caesar]
1519 2430 1575 2463 Sic
1593 2442 1610 2462 e
1630 2429 1792 2461 codicibus
1809 2427 1887 2458 meis
1904 2424 2027 2469 scripsi,
2049 2436 2148 2469 quum

1199 2492 1294 2534 vulgo
1318 2492 1495 2523 breviatum
1516 2498 1617 2523 esset:
1642 2491 1678 2524 C.
1704 2490 1834 2523 Caesar.

1274 2553 1465 2600 puralepsz's]
1493 2555 1631 2588 Codices
1652 2551 1856 2587 Monacensis
1872 2550 1938 2593 (C)
1959 2555 1991 2581 et
2011 2550 2145 2582 Reiehe-

1198 2618 1349 2651 nauensis
1369 2618 1577 2661 paralempsis
1594 2616 1727 2653 habent,
1758 2618 1852 2657 atque
1872 2611 1916 2644 ita
1938 2611 2032 2644 etiam
2049 2623 2144 2656 quae-

1697 2675 1743 2706 57
