2310 2860
719 148 919 191 Martiani
951 148 1151 206 Capellae
1180 149 1253 192 lib.
1273 148 1350 193 VI.
1389 151 1421 203 ᾗ.
1443 149 1544 192 705.
2028 152 2115 195 567

154 266 267 300 recto
290 270 421 298 cursu
453 256 504 298 ad
529 271 574 298 os
596 257 773 298 Maeotis
798 257 934 298 tricies
965 266 1005 298 et
1027 266 1089 298 ter
1117 257 1261 312 viginti
1287 267 1447 314 septem
1474 257 1606 299 millia
1630 258 1860 315 quingenta
1890 273 2112 313 passuum.

153 338 394 380 Universus
436 346 576 379 autem
617 337 816 378 circuitus
849 336 902 377 ab
941 335 1092 377 eodem
1133 337 1308 379 exordio
1349 353 1425 394 per
1463 338 1578 379 sinus
1617 338 1748 380 dictos
1787 341 1896 382 intra
1927 341 2115 382 Maeotin

152 420 296 462 laeum
343 430 512 461 centum
556 419 864 475 quinquaginta
902 428 1086 473 septem,
1135 433 1233 459 cum
1278 419 1369 474 ipsa
1419 434 1521 460 vero
1554 419 1764 462 Maeotide
1806 422 1957 462 centies
1988 422 2114 463 octies

153 500 216 542 bis
249 510 473 556 nongenta.
530 500 732 555 Europae
766 498 894 539 solius
919 513 1119 540 mensura
1151 499 1329 555 octogies
1362 500 1424 540 bis
1456 510 1664 554 nongenta
1698 511 1895 556 quatuor.
1940 503 2114 544 Africae

154 580 370 636 longitudo
402 580 537 621 tricies
568 580 718 635 septies
745 588 952 634 nongenta
986 587 1194 633 quatuor,
1225 580 1402 621 latitudo
1434 581 1475 621 in
1509 581 1789 635 Cyrenaicam
1825 583 1915 637 ejus
1947 593 2113 639 partem

152 672 367 718 nongenta
391 672 430 703 et
460 662 630 713 dccem3
661 661 785 702 Asiae
812 676 914 702 vero
945 660 1162 715 longitudo
1186 661 1374 715 sexagies
1407 671 1467 702 ter
1498 663 1756 718 septingenta
1789 665 2113 720 quinquaginta,

152 745 328 787 latitudo
365 745 416 787 ab
451 744 698 799 Aethiopico
725 743 833 784 mari
865 741 917 783 ad
942 742 1246 783 Alexandriam
1279 743 1399 797 juxta
1430 743 1579 784 Nilum
1612 745 1733 785 sitam
1767 761 1842 801 per
1866 747 2044 788 Meroen
2076 757 2116 788 et

153 828 339 883 Syenem
373 827 510 868 decies
541 827 665 867 octies
706 825 850 881 viginti
882 825 1076 880 quinque
1122 824 1268 865 millia.
1329 824 1530 879 Exposita
1563 834 1623 866 est
1653 834 1812 878 terrae,
1856 841 1988 881 quani
2025 828 2114 883 ipsa

152 909 396 965 peragravi,
449 921 780 964 aequorumque
822 920 1045 958 1nensura3
1095 919 1211 946 nuuc
1249 904 1303 947 ad
1344 905 1442 947 artis
1474 915 1722 962 praecepta,
1766 915 1812 948 ut
1840 907 2005 962 jussum
2040 917 2113 959 est,

152 992 387 1034 veniemus.
1501 981 1510 991 ⁵

550 1071 752 1120 Dixerat,
792 1079 833 1111 at
862 1069 1022 1124 Paphie
1054 1069 1182 1124 paulo
1215 1068 1465 1110 contractior
1496 1083 1569 1109 ore
2149 1067 2235 1109 70⁴

664 1150 789 1191 Mora
820 1150 1041 1190 intricante
1072 1149 1275 1201 laeditur,

547 1233 748 1288 Nixaque
783 1247 888 1273 mox
920 1232 1092 1273 famulis
1125 1233 1358 1274 marcentia
1392 1241 1508 1287 terga
1536 1231 1733 1285 reclinat,

662 1313 796 1368 Magis
827 1313 945 1368 quod
976 1313 1083 1354 lassa
1119 1313 1354 1369 pulchrior.

549 1393 629 1434 Hic
658 1393 826 1434 dudum
858 1409 999 1435 roseas
1030 1394 1138 1434 inter
1169 1392 1355 1433 resoluta
1384 1392 1547 1447 puellas

662 1472 874 1529 Voluptas
905 1474 1043 1529 inquit
1073 1474 1220 1515 anxia:

547 1553 675 1595 Unde
706 1554 812 1595 haee
846 1564 931 1595 tam
965 1555 1083 1597 duris
1114 1553 1288 1595 immitis
1320 1553 1477 1594 rustica
1506 1554 1712 1595 membriS

659 1636 823 1690 Percgit
852 1636 965 1676 orbis
997 1635 1233 1685 circulum,

545 1717 599 1758 Et
629 1726 763 1758 tantos
799 1726 982 1769 montes,
1020 1715 1202 1767 fluvios,
1233 1714 1362 1767 freta,
1393 1714 1579 1770 compita
1614 1728 1790 1756 currens

659 1797 815 1838 Delere
853 1797 967 1838 venit
999 1795 1166 1837 taedia?

546 1879 667 1921 Hanc
698 1894 773 1933 ego
809 1878 1062 1920 crediderim
1094 1877 1219 1919 sentis
1254 1877 1491 1933 spinescere
1522 1876 1750 1929 membris,

662 1960 818 2014 Neque
849 1959 960 2000 hirta
992 1973 1119 2000 crura
1150 1958 1333 2012 vellere3

222 2085 358 2134 Paphie]
386 2087 443 2121 Sie
462 2087 529 2130 jam
548 2087 682 2121 Grotius
702 2088 905 2121 scribendum
925 2088 1102 2130 intellexit5
1154 2089 1226 2121 Nisi
1248 2090 1329 2121 forte
1358 2089 1458 2121 telare
1486 2088 1578 2121 malis
1603 2089 1727 2132 legere,
1764 2101 1823 2134 pro
1847 2090 1975 2131 eodem,
2004 2102 2111 2136 quem—

148 2152 242 2195 vulgo
268 2154 413 2197 Paphiae
435 2153 552 2197 inepte.
1155 2154 1326 2186 admodum
1339 2154 1499 2196 protelare
1514 2153 1660 2194 dicimus,
1687 2149 1768 2189 ἀπὸ
1788 2153 1859 2189 τοῦ
1880 2151 2051 2201 τηλόθεν
2066 2154 2116 2186 vel

222 2217 323 2258 ntayis
343 2213 440 2262 quod]
468 2215 556 2257 Lege
585 2227 658 2261 queo.
685 2213 909 2247 Conferendus
935 2214 987 2246 hie
1011 2214 1102 2247 locus
1154 2214 1287 2261 τηλοῦ.
1313 2215 1398 2248 Vide
1415 2215 1548 2247 Festum
1567 2215 1600 2247 in
1618 2227 1696 2247 voce
1721 2216 1842 2250 Telum.
1857 2216 2014 2248 GnoT.—
2032 2215 2113 2248 Sen-

148 2275 304 2315 camillo,
325 2275 381 2319 qni
393 2276 474 2307 infra
490 2281 552 2307 est:
571 2277 721 2320 »ipsaque
736 2276 931 2308 relabentem
946 2276 1102 2308 lassitudo
1156 2289 1212 2309 sus
1241 2277 1293 2310 liic
1327 2289 1400 2308 esse
1434 2277 1576 2318 videtur,
1609 2277 1825 2310 Geometriam
1861 2278 1961 2310 taedii
1989 2278 2117 2310 delendi

147 2338 446 2373 dec11e1·at.«Gno'r.
461 2358 509 2363 ——
547 2340 622 2372 Non
658 2340 758 2383 magis
791 2342 850 2373 liae
884 2340 1105 2373 emendatione
1157 2353 1255 2374 causa
1276 2346 1324 2371 tot
1347 2345 1447 2372 terras
1471 2340 1677 2384 percurrisse.

148 2413 229 2445 opus
250 2406 310 2442 est,
335 2413 430 2444 quam
451 2400 589 2433 lectione
607 2402 647 2434 ad
665 2402 839 2446 marginem
860 2404 898 2435 ab
917 2404 1030 2436 eodem
1050 2403 1104 2435 ad·
1228 2403 1358 2449 vellere]
1370 2404 1555 2448 Opprobrat
1570 2404 1774 2437 Geometriac
1788 2404 2008 2446 rusticitatem,
2027 2404 2113 2438 ideo-

100 2497 103 2499 ,
148 2463 265 2507 Beripta
287 2464 378 2506 lapsa
397 2474 456 2507 pro
482 2462 577 2495 lassa.
1157 2479 1219 2512 que
1252 2466 1328 2499 dicit
1359 2478 1428 2498 eam
1457 2466 1581 2498 hirsuto
1608 2479 1679 2498 esse
1707 2478 1856 2509 corpore,
1887 2478 1992 2509 neque
2026 2467 2114 2499 illam

222 2525 347 2572 delere]
383 2526 422 2559 Si
456 2526 648 2560 Glossarum
673 2528 891 2572 expositiones
915 2540 1104 2573 sequamur,
1152 2531 1366 2564 membrorum
1397 2531 1602 2574 asperitatem
1637 2530 1806 2572 deponere.
1849 2527 2006 2562 solebant
2029 2532 2113 2562 enim

150 2589 321 2633 legendum
343 2596 428 2624 esset
445 2589 591 2633 differre5
615 2599 781 2638 exponunt
802 2593 884 2626 enim
902 2595 1102 2638 prolonqare.
1153 2594 1297 2627 homines
1326 2591 1527 2625 delicatiores
1548 2603 1639 2625 crura
1661 2590 1784 2633 aliaque
1809 2591 1950 2634 corporis
1974 2591 2044 2625 loca
2066 2594 2111 2637 pi-
