2310 2860
225 206 316 247 696

219 310 503 366 praesidiique
535 308 718 364 indigam
754 309 795 349 in
838 309 1002 350 cultum
1043 308 1140 349 fecit
1184 306 1417 363 procedere
1460 308 1690 350 nationem.

793 201 996 244 Martiani
1029 201 1232 258 Capellae
1261 200 1333 241 lib.
1356 200 1437 242 IX.
1467 203 1498 253 ς).
1524 201 1624 244 895.

1763 308 1887 350 Hanc
1929 312 2055 366 igitur
2092 311 2183 353 sive

220 391 488 446 trigeminam
525 390 731 430 feminam
773 390 862 431 sive
901 400 984 431 tres
1025 389 1068 430 in
1099 389 1227 430 unius
1258 388 1441 429 nominis
1473 389 1736 430 vocabulum
1773 390 2058 445 conspirantes
2091 392 2186 447 quis

220 473 262 512 in
296 472 463 512 coelum
498 471 712 512 venientes
752 465 1060 512 inexaminatas
1092 479 1262 512 attentet
1293 470 1545 526 explodere,
1599 485 1739 526 quum
1770 486 1847 527 per
1879 487 1948 513 eas
1982 472 2024 511 in
2054 480 2186 514 terras

216 632 475 683 luminibus,
523 647 635 688 quae
675 633 907 689 epistolaris
951 644 1025 675 tua
1064 643 1104 675 et
1134 634 1244 676 dicta
1284 644 1344 675 est
1383 644 1421 675 et
1460 635 1651 690 probata.

100 544 187 585 896
217 549 301 592 nos
323 562 486 592 certum
513 553 563 592 sit
586 552 821 593 demeare?
854 553 950 593 Post
980 552 1056 593 has
1084 567 1187 594 vero
1213 552 1391 592 adstabit
1412 551 1565 592 decens
1589 552 1661 593 illa
1684 552 1855 594 sidereis
1875 553 2186 608 fulguransque

1712 634 1826 675 Huic
1866 649 1954 675 sem
1962 649 2037 690 per
2067 643 2186 690 pater

219 720 312 751 tuas
342 713 538 753 assereris
570 713 796 754 credidisse
824 715 1049 756 manubias
1076 729 1125 756 ac
1154 715 1352 756 trisulcae
1376 716 1484 757 lucis
1517 716 1777 757 commisisse
1808 715 2041 770 fulgorem,
2073 728 2185 769 quae

216 791 328 841 vias,
379 793 570 847 vestigia,
622 794 877 846 adventum,
923 796 1148 851 exitusque
1181 797 1401 852 ignivagae
1443 796 1779 838 denunciationis
1818 797 2014 852 agnoscit.
2074 796 2187 837 Huic

215 872 343 926 igitur
368 872 552 915 feminae
584 876 847 930 colloquium
881 877 1162 934 denegamus,
1196 892 1271 932 per
1303 891 1436 931 quam
1463 877 1699 919 edictorum
1730 888 1906 920 tuorum
1941 877 2183 919 admonitus

217 955 471 995 mortalibus
502 957 794 999 innotescunt?

855 959 944 1000 Cur
975 959 1100 1014 igitur
1133 966 1251 1013 pater
1283 959 1443 1014 optime
1474 961 1704 1001 remoraris
1736 970 1776 1001 et
1805 960 2084 1001 intromittere
2118 973 2187 1000 eas

93 1027 181 1069 397
215 1035 355 1077 alacer
399 1046 437 1077 et
468 1039 681 1092 probare?
726 1041 959 1095 Postquam
996 1040 1102 1081 haec
1141 1039 1317 1081 Latoius
1358 1040 1487 1092 dixit,
1531 1041 1696 1097 Jupiter
1730 1041 1995 1082 Harmonien
2026 1040 2188 1090 venire,

216 1130 352 1171 quam
388 1128 630 1172 suggestum
663 1129 723 1160 est
753 1120 1078 1161 Mercurialium
1118 1111 1250 1161 solam
1289 1135 1531 1175 superesse,
1575 1122 1813 1176 praecepit,
1860 1130 2048 1174 tuncque
2087 1119 2187 1160 alias

217 1197 260 1238 in
293 1197 486 1238 ordinem
515 1201 762 1240 continuari.

215 1280 527 1334 ingressuram,
572 1281 731 1335 inquit,
780 1297 882 1322 mox
932 1281 1138 1322 feminam
1185 1297 1357 1336 possum

824 1201 903 1241 Hic
926 1202 1052 1241 Luna
1082 1201 1166 1253 jam
1196 1201 1363 1255 gemina
1397 1201 1556 1241 emensi
1587 1200 1669 1240 diei
1691 1200 1883 1256 portione
1908 1199 2186 1240 commonita:

1418 1280 1644 1334 explorare
1694 1280 1944 1331 vobiscum3
1994 1289 2186 1320 ceterum

216 1361 532 1416 propinquante
583 1377 761 1417 vespera
802 1361 1078 1416 confiniisque
1126 1363 1259 1402 noetis
1305 1360 1664 1414 consequentibus
1719 1368 1913 1414 tempora
1966 1359 2186 1414 impartire

214 1457 298 1482 non
348 1457 544 1497 possum3
594 1443 754 1498 quippe
795 1444 1038 1484 Plaustrum
1080 1444 1186 1484 mihi

215 1521 338 1562 itiner
380 1522 680 1574 subeundum,
723 1538 800 1564 nee
840 1533 1080 1565 ceterarum
1123 1539 1191 1564 me

216 1629 387 1660 winationis
401 1642 533 1672 genera:
557 1632 608 1662 »in
629 1632 723 1671 extis,
743 1632 775 1664 in
794 1633 916 1673 avibus,
938 1634 970 1665 in
986 1633 1177 1675 fulguribus,

216 1692 249 1724 in
268 1694 414 1732 ostentis,
435 1694 467 1725 in
485 1695 598 1734 stellis,
620 1695 652 1726 in
669 1695 894 1727 §emulantium
913 1696 1000 1735 visis,
1019 1697 1052 1727 in
1073 1697 1179 1727 furen-

216 1754 295 1784 tium
317 1755 487 1795 vocibus«,
511 1756 614 1787 facilis
636 1756 820 1797 conjectura
836 1762 937 1797 esset,
958 1770 1056 1801 quum
1071 1757 1178 1789 Gene-

217 1817 333 1848 thliaee
358 1817 397 1848 ad
419 1818 540 1858 stellas,
564 1818 748 1862 Syinbolice
767 1820 806 1851 ad
832 1826 968 1861 ostenta,
989 1820 1178 1852 Oeonistice

219 1881 259 1911 ad
282 1892 355 1910 aves
380 1887 518 1923 spectet,
549 1882 709 1923 fulgurum
730 1889 834 1915 autem
856 1884 1076 1928 interpretatio
1104 1896 1179 1916 mox

221 1947 391 1985 sequatur,
414 1943 535 1986 reliqua
553 1943 609 1974 tria
624 1946 684 1975 hoe
703 1945 832 1985 trigario
848 1946 1094 1989 comprehendi3
1122 1946 1179 1977 sed

220 2017 318 2049 qiuim
346 2006 416 2049 ipso
445 2006 602 2038 Cicerone
631 2013 760 2039 auctore
794 2009 852 2052 (l,
882 2010 923 2052 G)
950 2021 987 2041 ea
1015 2010 1178 2050 divinatio,

220 2080 302 2111 quae
325 2081 382 2111 per
404 2069 527 2101 somnia
549 2076 581 2101 et
603 2071 749 2102 vaticinia
773 2071 842 2111 flat,
867 2084 931 2104 non
952 2073 1028 2103 artis
1054 2073 1095 2104 sit
1122 2074 1179 2105 sed

220 2137 368 2171 naturae,
398 2133 491 2163 unius
516 2134 738 2177 haruspicinae
758 2146 874 2175 genera
892 2136 951 2167 tria
972 2136 1180 2178 intelligenda

220 2198 325 2232 erunt,
346 2194 507 2236 quaejam
522 2193 707 2238 Aeschylus
726 2196 758 2239 (l.
777 2196 798 2227 l.
815 2197 887 2229 495
900 2197 1003 2241 sequ.)
1019 2197 1178 2230 distinxit:

269 2253 528 2301 Σπκῖιὲγχνων
551 2270 593 2292 τε
611 2255 790 2304 λειότητα
815 2257 878 2294 καὶ
901 2258 1047 2306 χροιὰν
1065 2259 1154 2296 τίνα

264 2315 419 2362 Ἕχονῌ
440 2314 489 2352 ἄν
510 2319 565 2364 εἴη
594 2318 749 2362 δαίμοσι
773 2318 872 2366 πρὸς
895 2319 1061 2367 ἡδονήν,

269 2379 408 2424 Χολῆς
434 2379 553 2419 λοβοῦ
584 2391 624 2414 τε
651 2380 832 2426 ποικίλην
855 2380 1090 2430 εὐμορφίαν·

270 2439 417 2486 Πνὶῦὄῃ
441 2452 482 2475 τε
508 2440 614 2474 κῶλα
637 2440 896 2487 ὔυγκαλυπτιὶ
915 2442 978 2478 καὶ
1004 2441 1155 2490 μακρὰν

271 2499 413 2550 Ὀσφύν
444 2501 633 2550 πυρώσας
653 2505 942 2552 δυστέκμαρτον
960 2508 1012 2547 εἰς
1029 2507 1181 2554 τέχνην

265 2561 419 2599 ἸΩόχωῦιι
436 2562 635 2611 θνητούς·
664 2563 729 2600 καὶ
754 2565 950 2614 φλογωπὰ
974 2565 1127 2613 σήματα

271 2624 555 2672 Ἐξωμμιέτωσα
580 2626 753 2676 πρόςθεν
776 2627 856 2665 ὅντ’
882 2628 1095 2677 ἐπάργεμαι

1227 1444 1492 1497 Taurusque
1541 1456 1589 1482 ac
1631 1440 1877 1482 mundanae
1915 1440 2186 1482 discursionis

1231 1523 1471 1566 auscultare
1512 1522 1762 1562 commentis
1804 1521 2000 1577 stelligeri
2039 1531 2185 1577 raptus

1229 1635 1326 1677 idque
1351 1634 1446 1664 etiam
1465 1632 1616 1665 Martiani
1639 1632 1745 1664 verbis
1767 1637 2017 1663 consentaneum
2036 1631 2110 1672 erit,
2132 1631 2188 1675 qui

1229 1703 1295 1728 tres
1317 1697 1350 1727 in
1380 1696 1474 1727 unius
1500 1696 1654 1736 nominis,
1682 1708 1796 1739 nempe
1821 1693 2067 1741 ἱεροόκοπὶας
2095 1706 2188 1727 voca-

1229 1758 1340 1789 bulum
1365 1757 1548 1800 conspirare
1576 1757 1628 1788 ait.

1304 1823 1339 1852 in
1363 1819 1496 1865 cultum]
1523 1819 1579 1852 Sic
1606 1820 1732 1852 codices
1758 1820 2050 1861 Reielienauensis,
2075 1821 2187 1853 Barm-

1231 1885 1411 1924 stattensis,
1448 1890 1480 1915 et
1504 1884 1711 1916 Monacensis
1735 1883 1817 1927 (C);
1854 1883 1989 1915 Grotius
2017 1886 2188 1925 incultam,

1230 1958 1293 1990 qua
1324 1946 1355 1977 in
1386 1945 1525 1977 lectione
1556 1945 1756 1976 desideratur
1786 1944 1974 1986 significatio
2002 1946 2090 1988 ejus,
2123 1958 2188 1992 quo

1230 2008 1317 2039 natio
1341 2007 1545 2050 processerit.
1582 2003 1734 2038 Ceterum
1752 2006 1820 2048 jam
1845 2006 2024 2039 Vulcanius
2046 2013 2188 2041 nostram

1230 2069 1401 2101 lectionem
1420 2068 1540 2107 habuit,
1559 2080 1654 2111 quam
1672 2067 1825 2111 explicat:
1845 2068 2011 2101 »videlieet
2027 2070 2186 2103 deorum«

1305 2131 1495 2177 nuanubias]
1523 2132 1648 2164 Seneca
1679 2132 1817 2176 (quaest.
1842 2137 1905 2163 nat.
1927 2133 1967 2171 2,
1991 2132 2069 2175 41)ε
2093 2133 2187 2166 »Ful-

1230 2194 1315 2226 mina
1337 2194 1448 2226 dieunt
1465 2206 1481 2225 a
1497 2193 1580 2225 Jove
1598 2193 1679 2224 mitti
1697 2199 1729 2224 et
1748 2198 1814 2224 tres
1832 2192 1878 2223 illi
1893 2194 2062 2225 ”manubias
2077 2194 2182 2227 daun«

1230 2258 1315 2291 Vide
1336 2257 1510 2289 Mullerum
1537 2257 1678 2301 (Etrusc.
1694 2256 1742 2296 Π,
1772 2268 1801 2298 p.
1821 2255 1914 2298 163).

1306 2319 1501 2364 continuari]
1531 2319 1709 2352 Salmasius
1728 2318 1781 2361 (ad
1805 2318 1910 2353 Solin.
1935 2332 1965 2363 p.
1978 2318 2065 2363 249)
2086 2319 2186 2353 libros

1231 2386 1394 2417 οοηίἰηανί
1427 2383 1576 2415 exhihere
1616 2382 1675 2421 ait,
1721 2382 1777 2413 sed
1815 2382 1886 2413 vide
1920 2382 2187 2428 Oudendorpium

1230 2446 1284 2491 (ad
1307 2445 1374 2477 Cic.
1400 2445 1439 2476 (le
1465 2445 1584 2475 invent.
1609 2456 1638 2486 p.
1656 2444 1729 2475 660
1755 2442 1896 2488 Gracv.).

1303 2506 1416 2553 itiner]
1464 2507 1636 2538 Laberius:
1678 2506 1828 2538 »rimatur
1863 2508 1961 2539 itiner
1997 2508 2180 2541 transitum«

1232 2570 1396 2603 GnoT.—
1412 2568 1497 2601 Vide
1522 2568 1710 2612 Scioppium
1730 2568 1776 2612 (in
1800 2580 1929 2610 gramm.
1949 2569 2065 2613 philos.
2087 2582 2118 2614 p.
2136 2571 2184 2603 65

1229 2631 1341 2671 Herz.)
1360 2636 1392 2663 et
1412 2630 1673 2663 Ruddimannum
1696 2630 1782 2674 (inst.
1808 2641 1852 2671 gr.
1871 2630 1942 2661 Lat.
1962 2631 1999 2663 T.
2013 2631 2047 2672 Ι,
2067 2643 2099 2675 p.
2113 2631 2184 2675 65).
