2310 2860
137 343 220 384 185
255 339 502 381 habebatur.

256 150 345 193 2²32

828 143 1026 187 Martiani
1065 142 1265 198 Capellae
1301 141 1372 182 lib.
1402 140 1455 182 II.
1496 143 1527 192 §.
1551 140 1644 182 182.

256 259 407 299 horare
444 255 678 305 circulum,
720 254 879 309 quippe
910 250 1102 307 sescuplo
1138 248 1392 304 fatigabatur
1423 261 1623 298 ascensu,
1665 248 1740 302 qui
1772 256 1897 288 tonus
1931 262 1978 288 ac.
2009 247 2211 289 dimidius

569 337 634 378 Ibi
678 336 898 392 quandam
946 334 1114 383 navim,
1165 332 1290 373 totins
1334 340 1512 372 naturae
1558 343 1734 370 cursum
1775 329 1943 370 diversa
1985 329 2212 385 cupiditate

259 419 574 471 moderantem,
615 429 866 461 cunctarum
900 418 1177 460 flammarum
1219 412 1484 468 congestione
1518 411 1828 467 plenissimam,
1867 410 1997 451 beatis
2027 410 2214 451 circum-

256 510 392 541 actam
434 502 649 543 mercibus
693 500 969 556 conspicatur.

267 643 430 674 »maximis
459 644 626 674 conatibus
653 644 800 687 sescuplo
829 643 940 674 itinere
967 642 1085 673 evehia«
1111 639 1212 670 Boso-

257 720 319 738 var.
333 707 405 739 lect.
420 709 576 750 p..’58)—
590 707 707 740 Melior
723 714 806 739 certe
825 708 902 738 haec
918 705 1014 737 lectio
1034 710 1093 746 est,
1118 715 1214 748 quam

256 771 340 812 apud
364 769 513 802 Grotium
540 771 685 802 laborare
715 776 747 802 et
774 770 887 801 deinde
915 769 1074 812 fitliyctbnt
1103 779 1213 798 ascen-

255 844 345 870 snm;
377 832 434 863 sed
463 844 520 876 pro
548 834 667 864 cir-eum
696 845 713 863 e.
741 832 927 863 monacensi
949 831 1008 875 (G)
1035 836 1067 862 et
1095 829 1212 862 Canta-

257 893 409 936 brigiensi
433 895 586 927 circulum
612 894 706 926 etiarn
724 894 861 938 reposui.

334 977 429 1003 tonus
455 984 492 1003 ac
510 970 673 1016 dimidius]
701 971 888 1013 Legendnm
914 975 1004 1014 puto:
1031 969 1143 1000 Tonus
1168 967 1213 999 di-

258 1033 383 1065 midius.
406 1034 573 1077 Hyginus:
607 1033 685 1066 »Sol
707 1033 797 1065 abest
820 1033 858 1064 ab
874 1033 1024 1076 Hespero
1045 1030 1213 1062 medietate

257 1097 353 1128 tout«
386 1097 552 1129 Gn0T.—
589 1097 781 1129 Dormitavit
816 1096 967 1135 Grotius,
1011 1107 1114 1138 neque
1148 1099 1216 1125 crat

260 1159 346 1202 quod
383 1159 525 1191 Goezius
567 1161 627 1191 hoc
661 1159 784 1191 somnio
823 1163 945 1190 textum
988 1161 1214 1199 corrumperet.

260 1221 418 1265 Sequitur
450 1227 561 1253 noster
595 1221 736 1253 Plinium
767 1226 799 1252 et
828 1220 1058 1260 Censorinum,
1083 1229 1219 1262 qnorum

258 1283 313 1314 ille
339 1283 424 1324 (hist.
451 1289 513 1314 nat.
542 1284 580 1323 2,
614 1284 670 1315 20.
705 1295 729 1314 s.
751 1282 818 1326 22)
842 1283 1078 1326 »Pythagoras«
1112 1280 1217 1324 inquit

267 1359 323 1378 »ex
347 1348 466 1379 musica
491 1348 612 1379 ratione
639 1348 778 1392 appellat
803 1354 930 1387 tonum,
958 1351 1111 1390 qnantum
1134 1344 1217 1376 absit

260 1422 277 1440 :1
300 1416 382 1441 terra
404 1410 514 1449 Luna3
545 1410 583 1441 ab
611 1422 648 1442 ea
672 1411 712 1442 ad
735 1409 930 1443 Mercurium
960 1408 1053 1452 spatii
1076 1407 1146 1449 ejus
1170 1406 1216 1437 di-

259 1471 389 1503 midium
412 1477 443 1503 et
475 1472 513 1503 ab
544 1484 582 1504 eo
612 1472 653 1504 ad
683 1472 843 1504 Venerem
866 1472 931 1503 sere
958 1470 1164 1510 tantundem-3.
1200 1481 1217 1500 a

258 1546 320 1577 qua
339 1535 377 1565 ad
392 1534 497 1566 Solem
512 1536 748 1581 sesqffiplqu
775 1535 856 1566 alter
881 1540 986 1565 autem
1008 1533 1062 1577 (de
1087 1532 1137 1563 die
1155 1536 1218 1564 nat.

260 1611 287 1629 c.
319 1600 377 1639 15)
412 1599 502 1630 »hine
535 1599 574 1629 ad
608 1595 849 1645 Φώόῳορον,
885 1609 967 1641 quae
996 1602 1046 1628 est
1082 1596 1219 1627 Veneris

261 1660 372 1697 stella,
404 1660 468 1690 fere
501 1660 704 1700 tantundem,
732 1660 765 1690 id
789 1664 854 1699 est,
887 1658 975 1690 aliud
999 1653 1217 1703 ἡμιτόνιοντ

263 1722 334 1751 inde
364 1733 459 1764 porro
491 1722 530 1752 ad
553 1722 659 1754 Solem
688 1726 736 1752 ter
758 1726 899 1761 tantum,
936 1719 1028 1763 quasi
1051 1725 1162 1751 tonum
1188 1723 1219 1749 et

263 1784 450 1820 «limidimm
476 1784 582 1827 itaque
599 1783 687 1815 Solis
712 1789 832 1814 astrum
852 1783 964 1813 abesse
985 1794 1002 1813 a
1023 1787 1106 1812 terra
1123 1787 1218 1812 tonos

262 1853 327 1876 tres
353 1858 388 1877 ae
411 1845 590 1885 dimidium,
616 1845 703 1889 quod
726 1850 857 1876 §ocatur
879 1841 943 1878 διὰ
965 1842 1112 1878 πέντεα(
1143 1841 1218 1874 Alia

263 1915 369 1941 tamen
383 1910 462 1940 ratio
479 1916 527 1941 est
541 1909 706 1941 Plutarchi
723 1909 775 1952 (de
793 1908 913 1939 animae
932 1920 1034 1952 procr.
1053 1920 1083 1953 p.
1097 1906 1218 1949 1028),

268 1974 327 2005 alia
351 1974 482 2005 aliorum
511 1974 553 2017 (v.
577 1974 737 2018 palaeogr.
755 1973 819 2013 ΠΙ,
847 1971 985 2017 §.285).

340 2062 384 2092 ibi
411 2059 592 2107 quandam]
621 2060 821 2098 Lectionem,
866 2072 961 2104 quam
984 2072 1000 2091 c
1027 2059 1216 2102 Guelferby-

266 2131 341 2157 tano
364 2124 471 2157 codice
500 2125 638 2168 prodidit
665 2125 812 2164 Cortius,
834 2124 950 2168 recepi.
978 2124 1111 2156 Grotius
1134 2123 1218 2155 enim

269 2187 410 2218 ediderat
438 2188 600 2226 cursibus,
620 2193 817 2234 cunctaque,
842 2193 936 2231 atque
961 2192 993 2218 et
1013 2192 1084 2218 ante
1106 2187 1219 2224 beatis,

269 2261 350 2292 quae
376 2248 490 2292 copula
510 2261 526 2279 a
550 2249 751 2287 Britannico,
781 2249 1053 2291 Cantabrigiensi‚
1083 2248 1217 2279 Reiche-

269 2311 417 2350 nauensi,
445 2316 476 2341 et
501 2310 744 2341 Darmstattensi
771 2310 868 2342 abest.

337 2396 566 2443 moderantem]
584 2396 783 2429 Jamhliehus
799 2398 850 2442 (de
867 2405 958 2442 myst.
977 2400 1008 2430 7.
1030 2399 1061 2429 2.
1081 2411 1111 2442 p.
1127 2397 1224 2440 151);

278 2463 359 2495 »Ubi
388 2463 419 2494 in
444 2462 596 2506 symbolis
629 2463 706 2494 deus
740 2468 889 2506 tanquam
917 2466 1009 2494 navis
1031 2470 1135 2495 rector
1161 2467 1221 2501 est,

271 2527 302 2558 id
332 2527 470 2558 ostendit
494 2532 684 2571 potestatem
709 2526 820 2557 mundi
839 2527 1102 2569 qubernatrieem.
1130 2525 1224 2558 Sicut

273 2592 354 2621 enim
391 2591 582 2632 gubernator
609 2589 698 2622 navis
727 2589 830 2621 adstat
853 2589 957 2621 clauo.
990 2591 1101 2622 eodem
1132 2588 1226 2621 modo

1032 497 1112 538 Cui
1148 503 1301 537 nautae
1336 502 1496 549 septem
1536 492 1729 548 germani
1775 493 1929 548 suique
1970 493 2075 547 juris
2113 507 2215 534 con-

1266 641 1297 666 et
1322 634 1379 667 Sol
1403 635 1515 666 mnndi
1537 636 1634 666 totius
1656 640 1815 666 temonem
1841 635 1948 677 regit.«
1993 635 2216 668 Conserendus

1266 700 1326 730 hoe
1363 698 1435 730 loco
1471 698 1600 730 omnino
1629 697 1825 742 Apollonius
1855 698 2005 742 Tyaneus
2036 705 2085 731 est
2116 699 2218 743 (apud

1265 762 1416 793 Philostr.
1439 763 1481 802 5,
1516 764 1573 795 11.
1611 775 1640 807 p.
1672 763 1741 795 145
1770 763 1789 794 f.
1823 762 1919 806 Mor.)
1947 768 1980 794 et
2005 763 2136 795 inferior
2162 762 2217 807 (ad

1266 823 1295 868 ἓ.
1317 823 1401 866 186)
1427 829 1512 855 nota.

1339 893 1459 931 septem
1477 885 1635 932 germani]
1664 885 1796 931 Septem
1822 888 1936 920 fratres
1959 888 1992 920 in
2017 899 2112 932 prora
2129 888 2218 920 navis

1267 951 1416 983 sedentes
1433 951 1611 993 significant
1631 952 1848 983 hebdomadae
1867 952 1944 984 dies.
1965 952 2034 983 Leo
2050 957 2219 991 aestatem-3

1267 1015 1461 1047 Crocodilus
1486 1015 1631 1047 hiemem.
1652 1015 1754 1047 Vrbe.
1775 1034 1820 1039 -—
1851 1015 1983 1059 Septem
2003 1015 2220 1047 hebdomadae

1267 1079 1334 1110 dics
1361 1078 1479 1109 indicat
1504 1079 1637 1121 mystice
1663 1084 1697 1109 ut
1722 1079 1813 1110 solet.
1848 1079 1970 1111 Nautas
1995 1085 2100 1110 autem
2128 1084 2220 1111 vocat

1268 1141 1341 1183 qnia
1371 1139 1464 1171 etiam
1490 1139 1562 1171 Soli
1598 1146 1630 1171 et
1662 1140 1774 1171 Lunae
1806 1139 1930 1182 navigia
1962 1140 2007 1171 uti
2036 1152 2146 1172 currus
2167 1140 2219 1171 tri-

1266 1203 1420 1236 buuntur.
1436 1201 1521 1233 Vide
1537 1202 1699 1233 Plutarch.
1721 1202 1760 1232 dc
1775 1202 1856 1244 plac.
1872 1202 1947 1245 phil.
1968 1202 2088 1248 Lib32,
2110 1214 2138 1235 c.
2163 1202 2220 1247 10,

1269 1266 1374 1298 GnoT.
1394 1283 1441 1289 —-
1457 1265 1495 1296 In
1522 1266 1583 1296 hoe
1599 1265 1765 1296 Plutarchi
1786 1265 1857 1296 loeo
1882 1265 1962 1296 illud
1980 1277 2046 1297 non
2067 1265 2220 1309 reperies,

1269 1328 1325 1359 sed
1350 1327 1383 1358 in
1408 1327 1674 1359 commentatione
1703 1327 1741 1358 de
1766 1326 1852 1357 Iside
1878 1327 1920 1369 (p.
1942 1327 2040 1370 564).
2082 1327 2132 1358 De
2163 1326 2223 1358 diis

1268 1390 1504 1434 Aegyptiorum
1530 1390 1563 1421 in
1596 1390 1729 1431 navigiis
1756 1390 1937 1422 constitutis
1974 1391 2120 1434 pluribus
2147 1390 2223 1422 olim

1270 1453 1320 1494 egi
1338 1453 1383 1496 (in
1410 1453 1569 1497 palaeogr.
1599 1453 1667 1484 crit.
1689 1452 1749 1484 111.
1773 1451 1801 1496 §.
1820 1452 1903 1484 258.
1926 1453 1984 1485 lv.
2005 1451 2035 1497 §.
2049 1452 2136 1495 695)
2152 1463 2223 1496 per-

1271 1515 1443 1557 multisque
1462 1514 1652 1555 imaginibus
1670 1525 1687 1545 e
1709 1514 1841 1555 gemmis
1863 1514 1990 1545 selectis
2008 1513 2222 1557 (111.§.507·

1269 1578 1328 1610 IV.
1359 1577 1387 1621 ξ.
1411 1578 1494 1609 609.
1520 1577 1605 1609 649.
1637 1578 1718 1609 770.
1741 1578 1826 1621 779)
1851 1589 1919 1609 rem
1939 1577 2104 1609 illustravi.
2127 1576 2225 1609 Errat

1271 1645 1377 1670 autem
1406 1651 1477 1670 cum
1504 1638 1664 1670 Vulcanio
1691 1638 1840 1679 Grotius,
1871 1639 2079 1671 hebdomadis
2103 1644 2224 1683 septem

1271 1703 1338 1734 dies
1370 1702 1562 1744 intelligens.
1602 1702 1688 1734 Istos
1720 1702 1803 1734 enim
1834 1703 2009 1734 Martianus
2041 1709 2125 1735 certe
2159 1714 2225 1734 non

1270 1767 1405 1798 dixisset
1435 1768 1531 1798 totins
1558 1773 1695 1798 naturae
1728 1779 1839 1798 navem
1868 1778 1997 1808 regcre3
2025 1767 2082 1798 scd
2108 1766 2226 1799 intelli-

1270 1829 1365 1871 gendi
1397 1828 1504 1872 potius
1545 1828 1604 1861 Sol
1635 1833 1667 1859 et
1692 1828 1785 1859 Luna
1816 1841 1887 1860 eum
1917 1828 2050 1872 reliquis
2084 1828 2225 1873 quinque

1269 1892 1415 1937 planetis.
1470 1892 1563 1935 Quae
1607 1897 1785 1936 sequuntur
1817 1893 1901 1936 apud
1944 1892 2093 1925 Grotium
2129 1893 2226 1925 verba

1276 1958 1443 2001 »genuani
1469 1962 1577 1988 tamen
1608 1958 1724 2004 suique
1761 1958 1960 1988 eonsfinilesa
1988 1955 2165 1989 emendavi.
2196 1955 2225 1987 E

1269 2019 1432 2051 Voss-iano
1456 2019 1538 2050 enim
1563 2018 1671 2050 codice
1694 2018 1821 2062 (Arntz.
1849 2019 1935 2050 misc.
1952 2031 1985 2062 p.
2002 2018 2089 2061 215)
2116 2029 2226 2049 vocem

1269 2083 1375 2115 addidi
1396 2083 1504 2126 juris,
1537 2083 1593 2114 sed
1618 2082 1808 2114 vocabulum
1830 2089 1960 2121 tamen,
1984 2081 2070 2125 quod
2096 2093 2114 2112 a
2139 2081 2223 2113 Can.

1269 2144 1455 2186 tabrigiensi
1478 2144 1584 2181 abest,
1612 2144 1761 2188 expunxi.
1794 2143 1962 2187 suijuris
1984 2143 2130 2186 planetas
2154 2154 2225 2174 esse

1270 2221 1309 2240 ex
1330 2220 1387 2238 suo
1419 2207 1532 2251 cuique
1572 2207 1698 2250 proprio
1727 2219 1821 2238 eursu
1849 2207 1936 2237 dixit.
1968 2206 2060 2238 Voce
2081 2208 2227 2251 yet-mani

1271 2276 1393 2309 autem,
1426 2282 1488 2313 qua
1514 2276 1545 2301 et
1567 2269 1661 2299 Plato
1686 2268 1795 2312 (Epin.
1818 2281 1847 2311 p.
1870 2269 1944 2300 586
1969 2266 2095 2312 Steph.)
2118 2268 2226 2313 plane·

1273 2339 1320 2364 tas
1341 2331 1508 2372 significat,
1535 2326 1733 2376 ἀδελφούς
1755 2341 1811 2361 cos
1835 2329 2011 2374 appellan57
2038 2329 2117 2362 nihil
2141 2329 2227 2361 aliud

1274 2408 1368 2441 qnam
1400 2395 1487 2426 illam
1525 2406 1635 2425 corum
1671 2393 1910 2426 similitudinem
1945 2394 2077 2426 innuere
2114 2393 2226 2433 voluit,

1274 2470 1337 2502 qna
1355 2461 1477 2500 septem
1500 2457 1558 2487 hac
1584 2455 1695 2487 stellae
1717 2467 1843 2500 semper
1874 2456 2065 2489 eontrarium
2096 2455 2226 2498 reliquis

1275 2521 1421 2554 omnibns
1443 2532 1569 2551 cursum
1586 2526 1783 2563 peragerent.
1802 2519 1897 2552 Adde
1916 2520 2058 2562 Hugium
2069 2519 2114 2565 (in
2128 2531 2174 2562 m)
2184 2519 2226 2550 th.

1277 2599 1306 2630 p.
1324 2585 1408 2617 254.
1435 2585 1517 2616 255.
1536 2584 1642 2624 ese).
