2310 2860
121 435 183 478 61
213 438 333 479 cahat
368 437 504 478 Fama
540 450 814 492 praeconans.

211 168 302 212 104

115 276 177 318 65
206 274 405 316 coelitum
438 272 783 315 convibrantibus
821 287 976 315 venere
1020 270 1242 312 sideribus.

813 164 1012 208 Martiani
1043 163 1242 222 Capellae
1271 163 1344 206 lib.
1363 163 1396 206 I.
1435 165 1465 216 §.
1488 165 1560 207 65.

1311 270 1438 311 Tunc
1467 271 1614 314 Janus‘
1634 273 1677 314 in
1713 273 1879 325 limine,
1925 273 2165 329 militesque

206 357 321 398 Jovis
353 364 447 397 ante
482 354 594 395 sores
633 355 767 410 regias
808 355 1102 405 constiterunt,
1140 353 1403 408 ingressuros
1444 355 1570 394 etiam
1603 364 1771 396 cunctos
1802 356 2054 396 nominatim
2086 370 2165 397 vo-

266 594 432 629 „Moerent
452 595 630 638 inrdiqetes,
655 600 687 627 et
713 597 742 627 si
763 607 842 643 quos
862 596 964 628 Roma
994 594 1112 638 recepit

258 659 328 690 Aut
349 657 436 688 dedit
456 658 525 700 ipsa
549 657 642 688 deos«
667 676 715 682 —-
731 675 779 680 —

212 718 319 763 (Adde
343 718 461 751 Minue.
482 717 623 750 Felicem
648 719 689 759 G,
716 717 761 761 2).
787 718 886 761 Quod
909 724 1014 749 autem
1034 716 1073 748 ad
1096 715 1164 748 Nu—

209 794 293 814 mam
316 782 438 822 attinet,
461 781 625 813 notissima
649 792 700 812 res
724 788 792 822 est,
816 781 947 813 deorum
966 781 1071 813 cultus
1093 780 1163 810 sun-

209 845 358 877 dameuta
383 845 422 876 ab
445 856 483 876 eo
501 845 586 885 jacta
604 844 703 875 fuisse
728 832 855 887 (Florus
880 846 919 885 1,
946 845 977 875 2.
1007 842 1162 886 Quinctil.

209 910 252 947 5,
280 909 318 947 7,
346 909 400 939 18.
418 920 448 952 p.
466 910 536 940 555
562 907 697 951 spata),
726 908 809 939 uude
827 907 1023 940 Prudentius
1040 906 1162 951 (perist.

207 972 249 1012 2,
280 970 386 1014 445)=
1065 972 1067 975 “

266 1032 360 1064 „Fiat
379 1032 483 1075 fidelis
505 1033 661 1065 Romulus

247 1082 303 1126 'Et
322 1094 390 1138 ipse
408 1095 480 1138 jam
501 1095 610 1126 credat
631 1094 754 1126 Numa«

209 1157 302 1202 quasi
334 1157 505 1189 maximum
537 1158 738 1189 Christianae
775 1157 938 1199 religionis
969 1156 1162 1200 triumphum

209 1221 303 1253 canit.
346 1219 512 1251 Arnobius
547 1221 642 1251 ctiam
669 1221 715 1264 (2.
747 1234 778 1264 p.
806 1221 867 1264 50)
908 1221 1046 1252 »Numae
1077 1220 1161 1262 regis

208 1281 488 1326 superstitionum«
517 1281 679 1321 meminit,
712 1293 817 1325 neque
842 1288 892 1314 est
917 1294 974 1315 eur
995 1284 1056 1315 hoe
1077 1282 1161 1315 Mar·

208 1343 287 1375 tiani
312 1343 385 1375 loeo
410 1348 594 1386 corruptum
618 1343 741 1374 Numae
766 1355 884 1376 nomen
908 1356 979 1376 csse
1007 1357 1079 1377 eum
1102 1344 1161 1376 Fa-

206 1407 307 1440 bricio
331 1406 378 1451 (in
401 1406 477 1438 bibl.
499 1407 569 1437 Lat.
595 1407 665 1447 ΠΙ,
689 1419 718 1450 p.
747 1407 820 1438 222
845 1407 937 1454 Eru.)
965 1418 1162 1440 censeamus.

283 1468 442 1513 coelitum]
469 1469 498 1500 Ε
523 1470 705 1501 Basileensi
739 1470 847 1504 codice
876 1472 922 1504 sie
947 1471 1080 1516 reposui
1105 1481 1163 1514 pro

206 1534 348 1566 coelitem
374 1532 407 1564 in
437 1532 550 1573 editis,
579 1533 722 1576 quamvis
747 1535 826 1575 hoc,
854 1534 941 1578 quod
965 1535 1062 1580 paulo
1089 1539 1164 1578 post

207 1595 350 1641 sequitur
378 1593 419 1639 (ξ.
441 1594 521 1638 64),
557 1595 654 1627 etiam
680 1595 744 1637 legi
767 1607 863 1640 posse
891 1597 944 1628 alii
969 1596 1163 1629 censuerint.

281 1654 557 1700 convibrantibus]
590 1656 640 1687 Ita
671 1668 729 1700 pro
759 1669 832 1688 cum
860 1659 1060 1689 vibrantibus
1098 1668 1164 1688 non

208 1718 313 1749 solum
343 1717 378 1748 in
410 1716 584 1749 Grotianae
626 1717 775 1750 editionis
818 1719 959 1761 margine
999 1724 1162 1759 notatum,

208 1781 265 1812 sed
285 1780 556 1823 Guelferbytanus
576 1781 672 1813 etiam
695 1783 799 1814 codex
818 1788 900 1815 teste
922 1783 1046 1823 Cortio,
1071 1794 1163 1826 prae-

206 1848 358 1886 tereaque
378 1841 564 1883 Ilugianus‘,
588 1843 805 1885 Basileensis,
826 1845 1051 1885 Britannicus,
1079 1843 1162 1876 Can-

207 1904 425 1945 tabrigieusis,
454 1909 486 1935 et
502 1903 703 1945 Bodlejanus
727 1906 848 1948 primus
872 1907 999 1938 liabent.
1037 1905 1163 1939 Sensus

207 1971 274 1997 cst:
299 1965 433 1997 »Sidera
461 1965 603 2007 recipcre
630 1978 701 1997 eum
725 1966 880 2009 applausu
908 1968 1026 1998 animas
1053 1978 1165 1997 eorum

208 2026 263 2070 qui
283 2025 408 2059 eoelum
429 2025 619 2057 meruerint«
646 2024 687 2071 (ξ.
706 2027 766 2066 94,
787 2027 882 2070 211).
908 2027 947 2058 In
964 2027 1058 2060 astris
1081 2026 1165 2057 enim

208 2087 252 2118 dii
273 2087 314 2131 (ξ.
336 2089 396 2128 95,
420 2087 440 2118 f.
457 2087 538 2130 97).
565 2086 659 2119 Unde
682 2087 802 2119 locutio
818 2088 977 2121 Martiano
1000 2087 1164 2119 familiaris

215 2149 432 2192 »propositum
454 2148 488 2179 in
515 2148 619 2180 sidera
644 2149 793 2180 tendere«
824 2148 865 2193 (ξ.
892 2149 953 2191 95)
978 2148 1043 2180 sive
1072 2160 1163 2193 »pro-

208 2209 348 2253 positum
369 2210 509 2240 sidereae
528 2210 727 2254 cupiditatis«
757 2209 797 2254 (§.
818 2210 889 2253 94).
907 2210 1062 2242 Mortales
1081 2211 1164 2242 enim

209 2270 291 2303 coeli
323 2271 509 2302 ascensione
544 2271 631 2313 digni
670 2271 754 2303 inter
791 2272 900 2304 stellas
930 2272 1164 2318 recipiebantur

209 2334 340 2378 (Hygin-
364 2334 425 2365 fab.
449 2335 531 2366 221.
557 2348 588 2379 p.
611 2335 680 2367 291
707 2336 858 2378 Munck)

287 2396 408 2442 limine]
435 2398 509 2429 Hoc
538 2410 630 2430 suum
659 2399 794 2431 officium
822 2400 992 2444 profitetur
1016 2400 1085 2445 ipse
1108 2400 1164 2433 Ja-

212 2473 274 2494 nus
309 2461 414 2493 verbis
442 2460 609 2493 »coelestis
638 2463 758 2504 janitor
783 2464 872 2495 aulae
905 2464 1013 2508 (Os-id.
1037 2466 1108 2496 fast.
1133 2465 1164 2503 1,

216 2525 299 2568 159)
325 2525 380 2569 qui
401 2525 513 2556 limina
535 2537 644 2560 servo«
669 2527 724 2568 (1,
751 2528 843 2571 175).
881 2527 930 2564 Ita
954 2534 985 2563 et
1010 2528 1165 2573 Virgilius

214 2588 309 2631 (Aen.
336 2590 368 2626 ’7,
398 2589 502 2631 olm:

879 436 934 477 At
966 436 1076 477 intra
1114 433 1410 476 consistorium
1440 433 1548 489 regis
1581 435 1796 489 quaedam
1826 435 2007 488 femina,
2050 449 2163 492 quae

1264 610 1313 616 -—
1332 609 1380 614 —-
1402 601 1480 623 »nec
1503 595 1610 622 custos
1635 590 1760 623 absistit
1783 590 1890 624 limine
1913 592 2044 624 'Ianum

1288 652 1405 699 Fama]
1437 655 1579 686 Prorsus
1608 654 1765 686 contraria
1792 654 1941 687 Valerius
1966 656 2102 688 Flaccus
2124 654 2164 687 de

1213 715 1310 748 Fama
1334 717 1412 747 haec
1435 715 1519 747 cauit
1539 716 1593 758 (2,
1618 715 1724 758 217):

1274 777 1399 820 »Quam
1427 783 1521 820 pater
1554 778 1752 819 omnipotens
1783 776 1882 820 [liqna
1907 782 2002 824 atque
2030 777 2165 822 indigna

1612 845 1780 872 canentem

1263 901 1540 948 Sparqentemque
1565 907 1668 933 metus
1693 901 1829 944 placidis
1861 901 2045 945 regionibus
2079 905 2166 934 arcet

1262 966 1454 997 Aether-iis«
1480 983 1527 987 —
1548 982 1595 988 -—

1212 1028 1322 1072 Atque
1348 1029 1402 1060 alii
1430 1028 1524 1059 ctiam
1547 1033 1661 1071 poetae
1693 1027 1862 1071 (Vh-gilius
1893 1028 1935 1068 4,
1965 1029 2046 1061 175.
2071 1026 2166 1060 Ovid.

1211 1098 1286 1124 met.
1305 1092 1363 1132 12,
1380 1091 1443 1135 45)
1466 1092 1500 1123 in
1518 1091 1631 1122 malam
1649 1097 1772 1135 partem
1788 1103 1856 1122 eam
1879 1091 2047 1135 accipiunt.
2068 1091 2165 1124 Clau-

1213 1154 1325 1185 dianus
1344 1153 1472 1196 quidem
1498 1152 1636 1196 (Stilieh.
1656 1151 1743 1194 248)
1766 1152 1850 1183 idem
1873 1152 1990 1185 Famae
2018 1153 2166 1194 officium,

1213 1215 1300 1260 quod
1320 1219 1431 1246 noster
1453 1213 1555 1253 canit,
1581 1213 1650 1254 ejus
1673 1218 1779 1244 tamen
1800 1225 1911 1245 versus
1938 1225 2004 1245 non
2029 1220 2065 1246 ut
2082 1214 2165 1246 Bur-

1212 1290 1359 1319 mannUS,
1379 1277 1435 1310 sed
1452 1279 1513 1309 hoc
1534 1277 1628 1308 modo
1644 1277 1733 1318 legas
1750 1277 1845 1308 velim
1865 1283 1960 1320 atque
1978 1277 2165 1319 distinguas:

1270 1343 1379 1374 »Ilaec
1399 1343 1474 1373 dum
1495 1342 1598 1373 Roma
1621 1340 1722 1383 refert
1729 1363 1740 1378 ,
1762 1341 1834 1383 jam
1854 1340 1959 1372 Fama
1982 1342 2167 1387 loquacibus

1594 1403 1661 1434 ales

1264 1470 1418 1501 Pervolat
1445 1479 1598 1500 oceanum
1622 1467 1766 1510 linquis,
1791 1473 1823 1499 et
1845 1468 1930 1500 mille
1956 1469 2070 1501 citatos

1265 1532 1436 1566 Bestiam-e
1456 1532 1549 1575 jubet
1569 1542 1733 1573 proceres«
1756 1549 1803 1553 ——
1825 1549 1872 1553 -—
1892 1548 1939 1554 --

1215 1594 1297 1626 male
1320 1594 1405 1624 euim
1427 1592 1475 1623 vir
1499 1591 1702 1622 doctissimus
1735 1591 1813 1622 »alis
1831 1591 2038 1633 loquacibus«
2057 1592 2166 1634 edidit,

1215 1656 1290 1687 licet
1313 1656 1379 1686 ales
1408 1652 1603 1692 Mercurius,
1636 1652 1703 1683 ales
1729 1650 1848 1692 Amor,
1882 1659 1940 1684 eet.
1965 1653 2093 1686 minime
2118 1655 2165 1687 in-

1216 1719 1315 1750 auditi
1339 1718 1419 1757 sint,
1449 1722 1481 1747 at
1508 1717 1577 1747 alas
1597 1716 1702 1747 dicere
1728 1715 1876 1762 loquaces
1897 1715 2075 1750 Claudiano
2094 1730 2168 1763 pro-

1215 1781 1298 1812 secto
1320 1779 1449 1819 indigna
1469 1778 1572 1818 figura
1595 1782 1670 1807 crat.

1278 1836 1492 1884 praeconans]
1504 1838 1639 1870 Glossa:
1661 1838 1846 1870 »Praecono
1867 1835 2074 1885 κηρύσσω,«
2098 1839 2167 1872 Uti-

1215 1907 1269 1933 tur
1287 1907 1318 1932 et
1343 1900 1524 1943 Cyprianus
1544 1899 1598 1930 lib.
1626 1899 1644 1930 1
1670 1899 1739 1930 adv.
1765 1899 1891 1931 Demet.
1916 1901 1963 1931 uti
1988 1901 2167 1939 mihibindi-

1216 1963 1300 1994 cium
1322 1961 1397 1993 feeit
1420 1959 1582 1992 Mem-sius
1611 1971 1710 1991 meus,
1748 1959 1856 1992 Gloss.
1885 1961 2020 1994 Isidori:
2050 1964 2167 1996 »Prae-

1217 2037 1318 2064 cono,
1350 2024 1494 2068 pransor,
1528 2023 1674 2067 loquum
1708 2022 1812 2056 Gnor.
1832 2043 1880 2050 —-
1916 2025 2066 2059 Finxisse
2089 2029 2168 2059 haee

1215 2087 1341 2119 videtur
1372 2085 1550 2118 Martianus
1578 2085 1618 2116 ad
1649 2087 1945 2118 nomenculatorum
1966 2088 2068 2119 officii.
2083 2087 2168 2127 simi-

1215 2148 1375 2187 tudinem,
1399 2159 1482 2190 quos
1503 2159 1700 2190 praeconum
1724 2147 1820 2178 etiam
1837 2147 1964 2179 nominc
1988 2135 2166 2193 appellatos

1216 2224 1287 2245 esse
1311 2210 1454 2255 lapidum
1486 2210 1571 2241 tituli
1599 2211 1716 2243 docent
1742 2210 1848 2254 (Grut.
1877 2211 1967 2251 626,
2001 2213 2041 2253 1,
2073 2214 2106 2245 5.
2132 2214 2166 2246 4.

1217 2276 1333 2315 1116,
1365 2273 1413 2317 6).
1437 2274 1593 2306 Conferre
1617 2278 1782 2317 practerea
1812 2285 1927 2317 operae
1952 2275 2090 2319 pretium
2106 2277 2168 2308 erit

1214 2336 1386 2371 Horatium
1400 2335 1505 2378 (epist.
1523 2336 1554 2375 1,
1573 2333 1676 2377 6.50)
1695 2339 1727 2365 et
1744 2333 1936 2366 Juvenalem
1954 2336 2025 2380 (sat.
2045 2338 2077 2378 1,
2089 2337 2166 2381 97):

1272 2398 1349 2430 »Ille
1369 2403 1475 2428 tumen
1491 2396 1608 2438 faciem
1622 2397 1714 2438 prius
1732 2397 1870 2439 inspicit,
1894 2403 1926 2429 et
1948 2399 2102 2442 trepidat,
2126 2411 2166 2432 ne

1263 2461 1455 2504 Suppositus
1481 2460 1613 2497 venias,
1646 2470 1684 2490 ac
1709 2458 1792 2501 falso
1816 2461 1945 2492 nomine
1972 2473 2094 2504 poscas.

1265 2524 1408 2567 Aynicus
1435 2523 1587 2564 accipies·-
1608 2521 1700 2564 jubet
1723 2532 1743 2552 a
1767 2533 1925 2565 praecone
1953 2525 2081 2556 vocari«
2106 2528 2164 2556 ee&

1216 2586 1314 2620 Plura
1334 2586 1420 2619 dabit
1437 2585 1566 2628 Pignor.
1587 2584 1639 2627 (de
1656 2596 1736 2619 serv.
1750 2597 1781 2632 p.
1796 2586 1867 2621 144
1886 2598 1974 2633 sequ.
1987 2588 2035 2621 ed.
2047 2586 2164 2630 1625).
