2310 2860
681 117 879 160 Martiani
916 116 1113 172 Capellae
1152 114 1222 157 lib.
1248 115 1300 157 V.
1338 115 1492 167 §.715st

1972 113 2065 157 409

120 239 245 271 vetur
273 243 375 269 vero
411 235 483 268 aut
512 226 653 281 ipsum
684 225 865 276 factum,
895 225 928 265 si
953 222 1005 265 ad
1036 222 1205 265 alterius
1231 221 1478 277 pertinuisse
1506 218 1658 261 dicitur
1682 228 1950 276 potestatem3
1992 228 2065 259 aut

120 323 268 359 causa,
298 308 329 348 si
362 307 532 348 alterius
563 306 662 348 vitio
692 305 795 359 quid
827 304 1022 345 accidisse
1051 302 1227 344 dicatur.
1287 300 1557 356 Comparatio
1589 309 1668 350 est,
1699 314 1830 354 quam
1863 313 2066 353 compen-
2095 294 2182 337 457

121 388 324 429 sationem
357 387 456 427 novi
488 401 511 426 a
540 385 841 441 posterioribus
873 384 1108 439 perhiberi,
1138 398 1222 424 non
1251 397 1386 436 quum
1419 382 1585 423 crimini
1616 380 1868 422 beneficium
1896 381 2066 421 alterius

121 467 320 520 temporis
361 467 634 521 subrogatur,
686 464 759 506 sed
799 477 937 517 quum
985 463 1144 505 sactum
1183 464 1279 514 jure
1320 462 1580 513 defenditur,
1629 471 1676 502 ut
1715 477 1766 502 ex
1813 477 1861 501 eo
1906 460 2067 515 aliquid

122 547 335 587 commodi
373 555 637 601 sequeretur.

700 545 811 586 Nam
845 544 878 583 si
908 544 1110 585 meritum
1153 542 1322 583 alterius
1364 543 1563 597 temporis
1596 542 1712 582 velut
1741 542 1783 582 in
1818 557 2067 598 compensa-

121 626 242 667 tionis
272 628 446 681 gratiam
475 635 758 675 memoratur,
790 623 843 665 ad
873 623 1187 679 deprecativam
1214 622 1352 677 potius
1377 621 1696 663 admovendum
1723 630 1782 662 est
1809 622 2070 675 qualitatem,

123 721 235 760 quae
266 707 420 749 veniali
459 707 596 761 specie
640 705 896 754 continetur3
936 702 1042 743 haec
1073 719 1174 745 vero
1212 704 1289 746 rite
1323 718 1366 743 se
1397 703 1541 744 fecisse
1573 703 1802 754 contendit,
1848 713 1894 744 ut
1927 702 2071 744 Verris

122 786 193 827 illa
233 787 469 841 responsio:
514 800 688 839 magno,

124 866 297 905 utilitate
341 865 543 906 beneficii,

752 783 913 837 inquit,
967 781 1169 824 decumas
1216 783 1407 834 vendidi,
1461 782 1577 837 quod
1622 782 1781 822 sactum
1830 788 2073 835 compensat

612 864 659 903 Iu
700 863 782 903 hae
821 863 981 917 quippe
1016 872 1134 917 parte
1169 863 1264 906 sacti
1296 863 1499 903 consessio
1539 871 1616 912 est,
1661 861 1733 901 sed
1766 861 2071 901 immanitatem

124 945 365 999 objectionis
400 944 586 986 excludit
620 943 808 997 allegatio
840 944 1134 997 promerendi3
1179 954 1218 986 at
1247 945 1287 985 in
1320 945 1388 985 illa
1423 944 1608 985 criminis
1635 943 1820 998 factique
1851 957 1937 983 una
1976 957 2075 982 con—

124 1025 246 1064 fessio
282 1035 360 1074 est,
403 1024 476 1065 sed
518 1033 590 1064 aut
619 1024 672 1063 ab
705 1023 846 1063 animo
876 1034 1121 1077 separatur,
1168 1034 1239 1064 aut
1280 1025 1529 1080 purgatione
1569 1032 1754 1064 cessante
1794 1022 1846 1063 ad
1876 1021 2078 1062 humani-

122 1104 213 1144 tatis
253 1102 494 1144 miserauda
536 1103 725 1157 respirat.

793 1103 962 1143 Verum
1001 1102 1082 1144 hae
1112 1104 1291 1156 qualitas
1324 1105 1497 1144 venialis
1532 1104 1573 1144 in
1608 1104 1706 1145 bina
1739 1112 1892 1145 asserta
1923 1103 2081 1144 discer-
2110 1096 2199 1139 458

121 1182 258 1233 nitur,
301 1182 343 1224 in
382 1182 677 1237 purgationem
708 1191 747 1223 et
776 1182 1133 1237 deprecationem.

1202 1185 1315 1225 Nam
1357 1184 1549 1240 purgatio
1589 1193 1669 1234 est,
1713 1197 1851 1238 quum
1892 1183 2080 1223 confesso

124 1261 308 1303 facinore
333 1261 526 1304 animum
555 1262 908 1318 voluntatemque
939 1279 1199 1320 purgamus,
1232 1266 1352 1319 cujus
1378 1265 1526 1306 modos
1549 1274 1632 1308 tres
1664 1279 1752 1305 esse
1782 1279 1869 1307 non
1898 1264 2082 1308 dubium

125 1353 201 1394 est,
251 1343 606 1397 imprudentiam,
656 1359 823 1396 casum,
870 1344 1173 1385 necessitatem.

1247 1344 1542 1399 Imprudentia
1591 1354 1670 1395 est,
1734 1358 1872 1398 quum
1917 1358 1940 1384 a
1985 1352 2082 1384 voto

124 1423 382 1479 scientiaque
414 1434 554 1466 nostra
587 1425 749 1481 aliquid
779 1425 1073 1475 dimovemus,
1104 1433 1169 1464 ut:
1201 1423 1377 1478 quidam
1409 1424 1452 1464 in
1483 1424 1678 1464 venando
1703 1424 1894 1477 jaculum
1923 1422 2085 1463 intorsit

125 1537 230 1573 gatam
265 1532 384 1563 mutavi
412 1544 430 1563 e
466 1533 575 1565 codice
611 1534 799 1566 monacensi
828 1533 884 1577 (C)
917 1531 1084 1565 scribendo

122 1594 223 1637 fuerit
245 1600 277 1626 et
303 1596 463 1638 plectatur
484 1607 542 1639 pro
569 1598 631 1627 erit
653 1602 684 1627 ct
704 1598 863 1639 ynmiatur
881 1595 915 1626 in
940 1594 1044 1629 oditis.

201 1657 502 1703 compensationem]
529 1658 586 1691 Sic
604 1659 726 1691 Marius
742 1658 928 1692 Victorinus
952 1658 994 1702 (p.
1012 1657 1083 1688 117

126 1720 238 1764 Pith.)=
265 1722 391 1754 »Primo
411 1723 506 1753 debet
525 1722 630 1754 dicere
650 1722 716 1765 feci
735 1723 793 1755 sed
809 1722 937 1765 profui,
961 1726 993 1752 et
1010 1731 1084 1765 pro-

125 1781 200 1812 bare
231 1781 304 1824 plus
338 1794 372 1816 se
401 1783 559 1825 profuisse
595 1795 689 1826 quam
728 1783 886 1823 obfuisse,
922 1794 1003 1825 quac
1034 1786 1085 1813 est

127 1843 264 1886 qualitas
283 1847 539 1887 compensativa,
568 1857 663 1888 quam
689 1846 760 1877 ideo
785 1846 900 1877 Cicero
922 1856 1083 1887 compara-

128 1907 247 1937 tionem
272 1912 383 1947 vocat,
407 1908 493 1949 quod
519 1913 719 1950 comparetur
743 1907 776 1938 id
798 1908 885 1950 quod
907 1907 940 1938 in
965 1907 1085 1939 crimen

127 1974 259 2000 vocatur
282 1969 322 2000 ad
344 1969 376 2000 id
398 1970 486 2012 quod
510 1981 543 1999 se
566 1981 640 2000 rens
661 1969 821 2012 profuisse
844 1969 955 1999 dieat.«
988 1969 1084 2001 Adde

128 2030 265 2061 cundem
294 2030 337 2073 (p.
361 2030 448 2072 212)
476 2035 507 2060 et
537 2029 716 2072 Sulpicium
740 2029 905 2061 Victorem
936 2030 978 2073 (p.
1000 2030 1086 2062 267.

127 2092 226 2136 268).
251 2092 371 2123 Noster
394 2093 584 2124 Ciceronem
607 2093 660 2136 (de
682 2093 800 2124 invent.
823 2093 860 2132 1,
888 2093 943 2124 11.
966 2092 1000 2132 2,
1022 2091 1085 2135 24)

130 2153 289 2196 sequitur,
326 2153 396 2196 qui:
423 2156 634 2199 »comparatio
660 2159 725 2193 est,
753 2153 873 2196 inquit,
903 2166 1001 2197 quum
1029 2153 1085 2185 ali-

129 2216 218 2259 quod
238 2216 370 2256 sactum,
398 2216 485 2259 quod
514 2228 571 2259 per
604 2228 637 2248 se
664 2217 769 2260 ipsum
794 2228 858 2247 non
883 2216 924 2247 sit
949 2216 1084 2260 proban-

130 2275 222 2315 dum,
246 2287 287 2306 cx
308 2287 346 2306 eo
371 2277 462 2317 cujus
487 2277 521 2308 id
544 2288 640 2309 causa
662 2278 779 2311 factum
803 2282 852 2309 est
872 2277 1079 2309 defenditui-.u

131 2338 255 2371 Graece
283 2334 505 2374 ἀντίστασιν
534 2340 596 2374 dici
628 2346 738 2374 auctor
769 2346 819 2372 est
846 2340 1085 2383 Quinctilianus

132 2402 179 2444 (7,
208 2402 249 2441 4,
281 2402 352 2443 12).

208 2464 330 2495 veniali
352 2462 468 2508 specie]
494 2464 544 2495 Ila
569 2465 630 2496 fuit
653 2466 687 2499 in
705 2466 778 2500 MS.
801 2466 904 2500 Gno'r.
919 2486 966 2492 -—
984 2468 1085 2509 Lege-

133 2528 227 2560 batur
247 2527 329 2559 cuim
350 2527 382 2559 in
398 2527 491 2560 editis
509 2529 653 2561 venialis.
680 2530 742 2564 Est
757 2536 862 2564 autem
881 2543 977 2577 quam
992 2543 1087 2576 supra

1132 1544 1205 1563 cum
1230 1532 1388 1563 Cicerone
1415 1532 1472 1575 (de
1499 1531 1615 1565 invent.
1642 1532 1681 1571 2,
1710 1531 1782 1574 51)
1809 1530 1888 1561 dixit
1912 1531 2083 1562 concessio-

1135 1607 1225 1635 nem,
1257 1595 1411 1638 cujusque
1437 1600 1544 1638 partes
1564 1606 1639 1626 mox
1664 1593 1705 1637 (ξ.
1723 1594 1810 1636 458)
1830 1593 1925 1624 latius
1951 1598 2084 1626 enarrat.

1141 1655 1330 1688 »venialem
1353 1661 1487 1687 statum«
1517 1655 1596 1686 dixit
1627 1660 1659 1685 et
1688 1654 1821 1686 Servius
1852 1655 1905 1697 (ad
1935 1653 2019 1685 Aen.
2043 1655 2085 1693 4,

1133 1719 1230 1762 525).
1255 1719 1306 1751 De
1326 1730 1360 1750 re
1380 1718 1451 1762 ipsa
1468 1718 1539 1751 vide
1558 1718 1745 1750 Platnerum
1763 1717 1810 1762 (in
1828 1717 1937 1749 libello
1957 1716 2085 1749 laudato

1134 1796 1164 1827 p.
1181 1783 1228 1815 29
1257 1783 1369 1826 sequ).

1211 1844 1344 1891 Verris]
1371 1844 1514 1888 Repetiit
1541 1857 1582 1877 ex
1611 1844 1768 1879 Cicerone
1795 1844 1870 1888 (aet.
1892 1843 2019 1876 Vei-rin.
2036 1841 2084 1881 Π,

1133 1910 1174 1948 5,
1204 1908 1273 1949 16).

1208 1971 1248 2001 ab
1271 1969 1397 2015 animo]
1431 1969 1569 2002 Animus
1604 1971 1655 2002 hie
1687 1970 1884 2002 voluntatem
1913 1969 2085 2011 signifieat,

1134 2038 1171 2064 ut
1197 2031 1282 2075 apud
1306 2032 1560 2074 Quinctilianum
1583 2032 1631 2075 (7,
1653 2032 1695 2071 4,
1721 2031 1792 2074 15);
1819 2043 1902 2062 »non
1922 2042 2083 2075 nunquam

1135 2094 1216 2126 male
1238 2092 1352 2136 fecisse
1376 2105 1436 2124 nos
1462 2094 1519 2124 sed
1539 2095 1619 2125 bono
1639 2095 1746 2124 animo
1768 2092 1929 2124 dicimus«

1212 2160 1277 2189 tres
1300 2152 1381 2198 esse]
1417 2155 1464 2185 Ita
1491 2159 1617 2196 praeter
1647 2154 1837 2186 Ciceronem
1869 2158 1961 2185 vetus
1991 2152 2084 2184 etiam

1136 2215 1325 2248 scholiastes
1356 2215 1395 2246 ad
1423 2214 1598 2248 orationem
1623 2226 1682 2259 pro
1706 2214 1835 2256 Ligario
1859 2214 1945 2259 (edit.
1969 2214 2084 2247 Graev.

1135 2276 1195 2308 ΠΙ.
1220 2276 1261 2315 2,
1295 2288 1326 2320 p.
1347 2276 1447 2320 150:
1472 2281 1593 2309 »status
1623 2276 1756 2308 venialis
1789 2288 1847 2320 per
1874 2288 1997 2313 casum,
2027 2285 2086 2317 per

1135 2337 1390 2381 imprudentiam,
1413 2342 1445 2368 et
1458 2349 1516 2381 per
1532 2337 1769 2370 necessitatem:
1786 2337 1870 2369 omni
1887 2337 1981 2378 igitur
1995 2339 2083 2378 parte

1136 2400 1311 2434 consistit,«
1341 2401 1492 2432 Ceterum
1513 2401 1631 2433 codicis
1652 2387 1855 2433 Monacensis
1873 2399 1928 2442 (C)
1949 2397 2083 2429 auctori-

1137 2472 1200 2499 tate
1216 2464 1319 2495 delevi
1335 2465 1386 2503 ia,
1409 2465 1495 2508 quod
1509 2471 1584 2509 post
1599 2466 1729 2496 dubium
1746 2469 1812 2496 erat
1829 2461 1912 2506 apud
1927 2460 2082 2493 Grotiuni.

1212 2531 1246 2557 ut
1271 2524 1418 2573 quidam]
1445 2526 1585 2558 Restitui
1610 2532 1645 2558 ut
1668 2537 1708 2557 cx
1730 2523 1890 2556 codicibus
1912 2521 2083 2557 Monacen-

1638 2588 1685 2619 52
