2310 2860
696 169 900 212 Martiani
938 170 1137 228 Capellae
1177 170 1248 213 lib.
1275 169 1328 212 II.
1369 172 1400 222 §.
1426 170 1522 211 100.

146 278 517 335 exsiliendumque
547 279 625 320 sibi
654 279 698 320 in
724 293 929 335 superam
962 278 1160 320 coelitum
1194 289 1365 322 sortem.
1413 282 1601 325 'Deinde
1632 285 1710 340 ipsi
1741 286 1986 329 sociandam
2026 303 2115 330 esse
2146 285 2232 328 100

2037 176 2122 218 141

146 359 360 416 Cyllenio,
416 376 550 417 quem
590 362 685 403 licet
726 362 834 403 miro
873 376 1045 418 semper
1083 363 1236 418 optarit
1274 362 1450 416 ardore,
1490 374 1633 407 tamen
1672 368 1746 408 vix
1777 382 1876 409 eum
1909 379 2003 424 post
2033 384 2116 411 un-

146 443 327 482 ctionem
360 442 656 498 palaestricam
686 451 1003 492 recurrentem,
1044 441 1149 482 dum
1182 441 1306 483 flores
1339 444 1429 500 ipsa
1459 445 1725 503 decerperet,
1772 450 1989 505 praelectis
2022 452 2119 507 qui-

143 520 329 563 busdam
360 522 630 564 herbusculis
655 523 895 579 conspicata
928 531 998 562 cst.
1031 521 1180 572 Quid?
1212 523 1329 577 quod
1362 534 1508 567 utrum
1541 528 1618 567 sibi
1651 528 1755 569 haec
1785 530 1984 586 nuptialis
2015 546 2119 572 con-

145 603 320 647 duceret
350 606 608 662 amplstudo,
641 606 766 647 anxia
795 603 1053 646 dubitabat?
1093 605 1207 646 Nam
1241 612 1351 645 certe
1381 604 1568 659 mythos,
1600 606 1785 660 poeticae
1817 607 1953 670 etiarn
1975 606 2120 648 diver-

143 685 272 727 sitatis
302 685 471 727 delicias
501 686 704 737 Milesias,
735 685 1018 740 historiasque
1049 686 1320 737 mortalium,
1358 695 1590 742 postquam
1619 702 1775 743 supera
1805 687 2119 739 conscenderit,

144 780 189 806 se
220 767 386 822 penitus
419 768 676 808 amissuram
714 781 800 808 non
839 780 955 807 cassa
985 765 1230 822 opinatione
1260 766 1532 808 formidabat.

146 858 266 891 catne
304 850 593 902 connubium,
639 859 768 906 atque
808 848 995 892 aetherei
1039 849 1205 891 verticis
1247 859 1430 905 pennata
1472 849 1673 905 rapiditas
1706 859 1803 905 apto
1833 850 1912 891 sibi
1944 850 2118 892 foedere

220 984 349 1031 optarit]
385 985 563 1018 Emendavi
593 984 785 1019 Grotianum
816 991 938 1028 opturet
973 997 990 1016 e
1024 984 1106 1016 libro

143 1046 416 1090 Norimbcrgensi,
438 1048 619 1089 Bodlejano
638 1047 753 1092 primo,
776 1048 928 1089 llugiano
947 1052 978 1078 ct
992 1048 1106 1078 Darin-

145 1109 292 1141 stattensi
314 1110 486 1141 codicibus.
522 1108 591 1142 Sed
613 1109 790 1140 anteriores
816 1109 973 1140 editiones
996 1108 1106 1140 melio-

143 1183 211 1205 rem
234 1174 317 1205 lianc
342 1173 514 1205 lectionem
533 1173 601 1215 jam
625 1173 846 1218 praebuerant.

215 1233 302 1279 eum]
329 1235 543 1278 Neutiquam,
575 1241 612 1266 ut
634 1235 667 1266 in
685 1235 796 1275 edilis,
829 1247 924 1274 cum,
952 1235 1009 1266 sed
1035 1246 1108 1267 eum

145 1307 257 1326 omnes
279 1297 346 1327 sere
373 1296 500 1328 codices
526 1301 590 1327 tam
615 1296 743 1336 Grotii,
774 1309 869 1340 qnam
894 1297 1107 1329 Monacenses

145 1357 204 1400 (C.
221 1357 261 1388 l).
281 1357 321 1388 E.
340 1356 420 1399 G.),
450 1358 735 1398 Darmstatteusis,
760 1358 980 1398 Basileensis,
1008 1359 1107 1390 Dres-

146 1421 267 1460 deusis,
292 1419 474 1463 llugianus5
504 1419 729 1460 Britannicus,
752 1420 954 1462 Bodlejnnus
973 1422 1107 1464 primus,

147 1484 443 1525 cantabrigiensis,
473 1483 590 1526 aliique
621 1484 661 1515 ad
687 1484 860 1525 marginem
885 1484 958 1516 libri
980 1484 1106 1517 Norim-

146 1547 323 1589 bergensis,
346 1552 378 1578 et
398 1546 431 1578 in
452 1546 538 1578 notis
557 1558 575 1578 a
591 1546 791 1590 Appulejum
814 1547 852 1591 (Ι.
869 1560 900 1591 p.
916 1548 989 1579 219
1007 1547 1107 1591 oud.)

145 1610 275 1643 laudati.
313 1610 429 1642 Nonne
456 1610 553 1651 igitur
577 1610 728 1641 miremur
748 1610 941 1642 novissimos
966 1611 1107 1643 editores

145 1675 379 1707 WValthax-dum
400 1680 432 1706 et
452 1674 611 1707 Goezium
633 1673 761 1707 dedisse
795 1686 885 1713 cum,
912 1674 990 1718 quin
1012 1675 1107 1707 etiam

146 1739 268 1786 qaum!

218 1796 456 1844 palaestricam]
484 1798 611 1831 Unctus
632 1804 666 1831 et
692 1798 799 1831 nudus
830 1798 956 1842 placuit
981 1798 1107 1832 seilicet

147 1861 358 1903 Pliilologiae.
398 1860 536 1893 Ovidius
559 1860 693 1905 (heroid.
720 1862 784 1901 16,
811 1861 916 1903 lam:

206 1922 316 1955 »More
338 1927 413 1955 tuae
431 1924 538 1966 flentis
565 1922 666 1954 nitida
693 1922 770 1953 dum
794 1922 881 1953 nuda
901 1922 1066 1964 palaestra

196 1986 299 2018 Ludis
326 1990 358 2018 et
387 1997 420 2018 es
446 1985 544 2017 „uass
566 1984 690 2028 femina
715 1986 820 2017 mixta
841 1986 950 2017 viris.-

146 2047 292 2080 Praefuit
312 2047 396 2079 enim
416 2047 596 2091 palaestrae
621 2058 685 2079 una
707 2058 780 2079 cum
810 2046 954 2079 nercule
981 2045 1108 2079 Mercu-

146 2111 212 2144 rius
241 2112 294 2156 (el'.
311 2112 426 2143 Horat.
454 2111 505 2143 od.
535 2112 574 2151 1,
602 2111 660 2152 10,
677 2111 700 2143 4
725 2115 758 2143 ct
781 2110 821 2142 ad
842 2122 916 2142 eum
938 2109 1107 2144 Mitscher-

146 2175 230 2217 lieh,
261 2175 313 2208 cui
338 2175 420 2207 adde
445 2175 585 2206 Pausan.
609 2175 653 2214 4,
680 2175 746 2215 52,
777 2176 808 2206 1.
834 2174 971 2207 Diodor.
993 2175 1029 2215 5,
1050 2175 1106 2206 73.

147 2238 230 2272 Stat.
254 2239 356 2271 Theb.
378 2239 418 2279 4,
447 2239 531 2270 228.
566 2237 691 2270 Arnob.
717 2240 751 2270 5.
778 2250 808 2282 p.
830 2239 912 2271 114.
951 2238 1108 2270 Prudent.

148 2300 183 2332 iu
205 2299 384 2343 Symmaeh.
403 2301 445 2341 2,
480 2301 565 2333 519.
594 2300 690 2332 Confi
716 2299 811 2331 etiam
830 2306 931 2332 nostr.
950 2299 1108 2344 superiori

149 2363 221 2396 loeo
241 2362 270 2407 §.
288 2365 310 2396 5
329 2370 361 2396 et
378 2369 471 2395 notas
494 2363 534 2394 ad
552 2363 720 2396 inferiores
747 2361 774 2407 §.
800 2365 882 2395 177.
907 2363 1005 2406 210).

224 2425 382 2472 Blilesias]
408 2426 586 2469 Apulejus:
608 2426 656 2459 At
688 2439 748 2469 ego
784 2427 842 2458 tibi
866 2439 1014 2459 sermone
1043 2427 1105 2459 isto

149 2490 278 2524 Milesio
301 2490 404 2522 varias
426 2490 550 2521 subulas
575 2491 745 2523 conferam.
769 2491 929 2535 Respexit
954 2492 994 2523 ad
1021 2493 1106 2523 hunc

152 2554 305 2598 Capellae
329 2553 452 2593 locum,
486 2552 632 2597 quisquis
661 2553 717 2586 ille
752 2561 897 2587 veterum
927 2555 1106 2597 glossarum

152 2624 280 2658 auctor,
309 2629 381 2650 eum
403 2616 462 2649 ait:
491 2616 672 2659 milesiae,
702 2619 899 2651 amatoriae«
927 2619 1032 2653 Gnor.
1056 2639 1104 2644 —

1161 983 1294 1015 Confer.
1312 982 1467 1014 Erasmus
1484 982 1515 1014 in
1536 994 1608 1027 prox
1617 983 1723 1015 erbio:
1747 983 1843 1015 Domi
1868 983 2005 1016 Milesia.
2022 983 2124 1015 Gorzz.

1160 1066 1207 1070 —
1228 1045 1387 1089 Equidem
1416 1058 1481 1076 non
1502 1045 1670 1076 amatorias
1706 1051 1845 1086 tantum,
1878 1046 1961 1078 sicut
1985 1045 2122 1078 Ovidius

1162 1109 1258 1148 (trist.
1285 1110 1325 1149 2,
1355 1109 1459 1150 415),
1488 1109 1545 1139 sed
1577 1120 1686 1139 onmes
1719 1110 1843 1141 fabulas
1878 1121 2041 1141 removere
2070 1121 2122 1140 wo-

1162 1172 1263 1204 luissc
1301 1178 1447 1204 nostrum
1484 1173 1635 1212 arbitror,
1674 1173 1766 1216 quasi
1806 1173 1953 1214 indignas
1989 1174 2122 1204 deorum

1163 1236 1338 1278 majestate.
1364 1236 1495 1279 Mythos
1515 1236 1599 1268 enim
1619 1248 1690 1267 eum
1708 1236 1771 1267 illis
1791 1236 1973 1278 conjungit,
2000 1236 2123 1268 addens

1161 1298 1257 1330 xci-ba
1289 1299 1553 1345 »mortaliumque
1581 1298 1758 1330 historias«
1803 1298 1956 1330 Ceterum
1979 1299 2123 1337 delicias,

1162 1371 1228 1391 non
1261 1360 1387 1392 delitias
1420 1360 1454 1392 in
1482 1360 1645 1392 codicibus
1674 1360 1926 1394 Monacensihus
1953 1360 2061 1403 (13.st
2081 1360 2121 1391 D.

1160 1423 1202 1454 E.
1221 1420 1277 1465 G.)
1301 1422 1426 1464 legitur.

1231 1498 1300 1518 non
1324 1484 1430 1531 cassa]
1458 1484 1592 1519 Servius
1617 1486 1658 1517 ad
1683 1486 1765 1518 illud
1788 1486 1917 1528 virgilii
1944 1486 2041 1530 (Aen.
2064 1487 2120 1527 12,

1162 1548 1267 1591 780)=

1216 1609 1330 1640 »Dixit
1352 1620 1506 1656 opemque
1529 1609 1583 1641 dei
1604 1621 1672 1641 non
1692 1620 1783 1642 cassa
1811 1611 1848 1640 in
1869 1617 1944 1641 vota
1968 1611 2114 1642 uocauit*

1159 1671 1299 1716 explicat
1323 1682 1408 1703 »non
1435 1672 1475 1704 ad
1498 1671 1605 1702 inania
1629 1676 1703 1702 vota
1726 1671 1832 1715 poscit
1858 1672 2037 1703 auxilium-0

1232 1731 1444 1778 formidabat]
1469 1731 1629 1765 Permulti
1656 1732 1801 1773 codices,
1831 1733 2120 1775 Reiehenauensis,

1158 1797 1444 1836 Darmstauensis,
1477 1795 1666 1837 Hugianus,
1696 1794 1920 1837 Britannicus,
1951 1796 2120 1829 Cantabri-

1159 1859 1291 1901 giensis,
1307 1857 1508 1899 Bodlejanus
1524 1857 1656 1901 primus,
1674 1862 1707 1889 et
1720 1856 1934 1891 Monaeeuses
1949 1858 2002 1903 (B.
2014 1859 2056 1891 D.
2065 1859 2121 1903 Ε.)

1158 1924 1278 1956 habent
1298 1933 1452 1966 praesens
1477 1921 1644 1964 formidat.

1235 1987 1439 2019 eundumne
1458 1982 1666 2029 connubium]
1690 1984 1742 2016 De
1767 1986 1972 2030 sponsalibus
1994 1992 2119 2019 eontra-

1158 2050 1275 2082 hondis
1309 2049 1456 2094 auspices
1492 2049 1588 2081 etiam
1625 2049 1756 2090 auguria
1797 2055 1943 2095 captasse
1972 2051 2119 2095 pluribus

1158 2112 1291 2157 exponit
1313 2112 1520 2144 Burmannus
1552 2110 1725 2143 Secundus
1749 2111 1803 2155 (ad
1828 2112 1996 2145 claudian.
2019 2126 2050 2157 p.
2069 2114 2119 2146 5ss

1158 2182 1223 2208 not.
1252 2176 1324 2220 85).

1233 2241 1374 2272 aetherei
1406 2237 1554 2284 verticis]
1590 2238 1629 2271 Id
1666 2244 1717 2270 est
1750 2239 1912 2272 Mercurii.
1937 2238 2038 2273 Goez.
2070 2258 2116 2263 —

1158 2302 1236 2346 Quo
1257 2307 1363 2334 autem
1382 2307 1477 2345 pacto
1495 2301 1676 2335 Mercurius
1699 2301 1810 2332 audire
1829 2307 1937 2345 potest
1956 2302 2116 2333 aetherius

1157 2367 1290 2398 vertex?
1323 2365 1472 2408 Intellige
1497 2365 1607 2410 potius
1631 2364 1684 2396 »in
1715 2366 1865 2396 aethereo
1892 2365 2011 2397 vertice
2036 2376 2115 2407 pen·

1156 2434 1262 2460 natam
1287 2428 1526 2472 rapiditatem«,
1551 2428 1611 2460 hae
1634 2426 1719 2458 enim
1735 2427 1915 2459 Mercurius
1937 2426 2115 2457 denotatur.

1158 2511 1206 2515 -—
1229 2493 1295 2523 Pro
1316 2497 1460 2535 pennata
1479 2490 1680 2533 Bodlejanus
1704 2490 1806 2523 codex
1827 2489 1955 2533 quidem
1976 2491 2115 2532 ριήηαία

1156 2554 1228 2594 dat,
1260 2554 1348 2597 quod
1377 2553 1491 2586 melius
1521 2553 1622 2586 videri
1653 2557 1780 2597 potest,
1813 2551 1871 2583 sed
1897 2550 1994 2592 illud,
2026 2551 2114 2595 quod

1155 2617 1354 2650 Basileeusis
1373 2623 1406 2650 et
1425 2616 1692 2651 Darmstattensis
1713 2614 1808 2647 etiam
1829 2613 1965 2655 habent,
1985 2615 2113 2656 retinui,

1592 767 1744 823 Itaque
1776 769 1915 824 primo
1947 768 2112 810 condu-
2144 766 2224 809 101
