2310 2860
696 202 896 245 Martiani
938 203 1137 261 Capellae
1174 206 1246 247 lib.
1267 205 1299 247 Ι.
1337 208 1369 259 §.
1389 206 1459 248 28.

2008 216 2069 257 69

106 309 269 352 lationis
302 318 586 366 agnoverant,
626 311 914 353 constiterunt.
974 312 1087 354 Nam
1121 311 1286 355 Urania
1315 314 1514 357 stellantis
1545 317 1696 360 mundi
1726 318 1955 375 sphaeram
1991 337 2066 378 per

106 391 312 433 extimam
354 392 552 444 concinit,
599 407 711 448 quae
754 403 876 435 acuto
915 395 1166 449 raptabatur
1211 395 1377 437 tinnitu.

104 505 136 532 et
162 500 244 532 infra
277 499 317 545 (§.
342 500 428 544 707)
460 502 634 546 sigillatim.
679 502 818 536 Codices
853 503 1066 536 Monacenses

103 561 156 605 (Α.
172 563 212 594 Β.
228 563 265 596 C.
285 564 324 595 D.
341 564 379 595 Ε.
395 564 469 608 G.)‚
500 565 699 598 Basileensis
712 589 720 601 ,
745 572 777 598 01
797 568 1063 599 Ι);11·111511111011515

102 625 308 668 singillatim,
333 626 503 667 llugianus
525 628 627 659 codex
649 628 823 672 siglillatc'm.
844 627 940 660 Alios
958 633 1064 661 autem

102 699 173 719 esse
197 688 298 719 libros
323 689 484 732 scriptos,
521 690 576 733 qui
601 691 790 734 εἱηφιῐαίἰηι
813 691 1005 734 praebcant,
1045 702 1062 721 a

101 748 176 780 viris
204 749 307 781 doctis
332 749 385 794 (ad
404 749 559 794 Appulej.
583 755 657 782 met.
683 752 715 782 7.
736 764 766 796 p.
787 752 856 784 501
881 751 967 783 Oud.
990 751 1062 783 add.

99 811 137 844 Τ.
163 811 206 844 II.
232 825 263 857 p.
281 812 343 856 57)
364 813 560 858 accepimus:
583 826 746 858 quumque
769 827 845 847 vera
875 816 954 848 haec
985 815 1062 847 scri-

99 875 167 920 ptio
202 875 244 908 sit
278 882 311 908 et
334 882 446 909 noster
475 889 512 910 ea
538 877 620 910 infra
651 877 692 923 (ἓ.
713 879 801 922 523)
827 879 922 911 etiam
942 884 1060 920 utatur,

98 939 182 972 hane
208 940 348 985 reposui.
386 941 456 974 Nec
479 953 644 974 movemur
670 942 727 984 iis,
756 943 812 988 qui
835 943 986 976 Ciceroni
1007 944 1060 987 (de

97 999 160 1033 inv.
187 1003 219 1041 1,
248 1001 310 1045 50)
337 1003 502 1047 siqillati’m
527 1004 750 1037 obtruserunt:
772 1005 943 1037 Leidensis
975 1005 1059 1037 enim

98 1062 201 1094 codex
237 1063 367 1096 omnino
404 1065 524 1097 rectius
558 1066 747 1109 sinyulatim
788 1066 902 1107 habet,
941 1067 1060 1110 pariter

97 1130 192 1168 atquc
225 1124 360 1157 Coelius
390 1124 565 1170 Antipater
595 1127 679 1170 apud
706 1127 847 1159 Nouium
881 1128 928 1171 (v.
954 1128 1058 1160 Cortii

97 1200 167 1233 app.
194 1188 234 1219 ad
258 1187 393 1221 Sallust.
414 1202 445 1233 p.
464 1190 537 1232 59).

173 1261 252 1282 suae
269 1249 510 1296 modulationis]
539 1250 660 1283 Statuit
681 1251 764 1283 enim
787 1263 858 1283 esse
880 1263 970 1284 suam
991 1251 1056 1284 cui-

96 1321 158 1353 que
185 1310 299 1343 Musae
322 1312 504 1344 affinitatem
527 1312 561 1345 in
584 1313 802 1345 modulatione
834 1314 957 1358 (cautu)
983 1326 1056 1347 cum

97 1372 247 1405 eoelestis
271 1375 455 1406 harmoniae
484 1387 599 1417 genere
623 1376 752 1420 aliquo,
784 1377 941 1409 Macrobii
964 1377 1054 1409 nimi-

96 1447 166 1468 rum
193 1437 238 1481 (iu
263 1449 365 1469 somn.
388 1437 443 1469 Sc.
466 1438 501 1477 2,
531 1438 569 1481 5)
592 1439 631 1470 de
652 1440 756 1470 Musis
776 1440 808 1471 in
827 1440 958 1471 orbibus
981 1453 1053 1472 coc-

96 1498 231 1530 lestibus
248 1498 438 1530 sententiam
454 1499 660 1542 amplificans.
682 1499 779 1531 Adde
806 1501 890 1532 huuc
905 1500 1055 1533 Martiani

94 1559 200 1591 locum
220 1559 277 1599 115,
306 1571 387 1602 quae
407 1559 536 1600 Ilugius
556 1559 602 1603 (in
623 1560 720 1602 myth.
738 1572 768 1603 p.
785 1561 872 1603 255)
893 1550 1053 1592 disseruit.

94 1621 204 1666 Atque
227 1628 301 1654 ante
320 1622 513 1654 Martiannm
542 1622 708 1666 popularis
730 1622 799 1663 ejus
817 1621 983 1654 Arnobius
1006 1623 1053 1666 (5.

93 1696 124 1729 p.
147 1683 233 1728 112)
251 1683 319 1726 jam
341 1683 529 1728 scripserat:
554 1683 610 1715 »Iu
637 1683 729 1715 coelo
751 1689 897 1716 cantatur
918 1683 1052 1728 01115111-

94 1747 189 1789 litur,
218 1753 254 1779 ut
278 1747 446 1780 intervalla
475 1753 507 1779 et
528 1758 679 1778 numeros
702 1758 816 1779 vocum
843 1759 956 1779 novem
978 1760 1052 1780 eon-

897 1810 1054 1844 Similiter

94 1872 128 1904 in
154 1873 309 1917 opusculo
336 1872 375 1904 de
401 1871 521 1904 musica
539 1872 690 1912 coelesti,
717 1872 804 1916 quod
828 1872 954 1904 Isidoro
977 1872 1052 1904 olim

94 1934 293 1966 tribuebatur
314 1933 398 1978 (Op.
420 1933 496 1966 VII.
521 1946 552 1977 p.
574 1934 622 1964 25
649 1931 769 1976 Arcv.)
792 1933 926 1975 legitur:
955 1935 1050 1966 »Phi-

94 1994 223 2039 losophi
246 1995 356 2028 Musas
379 2006 494 2026 novem
515 1994 694 2033 finxerunt,
717 1994 772 2038 qui
798 2006 815 2025 a
840 1999 923 2026 terra
949 2007 1052 2040 usque

95 1817 203 1843 serant
228 1812 364 1843 scitulae
395 1823 431 1843 ac
459 1810 665 1842 modulentur
688 1822 840 1843 sorores-a«

95 2059 135 2090 ad
169 2057 294 2091 eoelum
331 2069 446 2089 novem
486 2057 712 2089 consonantias
755 2057 1052 2102 deprehenderunt,

985 2122 1052 2155 Ex-

95 2185 191 2229 plicat
222 2185 390 2217 intervalla
431 2184 489 2216 illa
519 2196 537 2216 a
568 2189 652 2216 terra
681 2196 783 2228 usque
819 2185 859 2217 ad
894 2197 1051 2219 summum

95 2133 175 2166 quas
194 2120 322 2153 vhomini
355 2120 543 2153 naturaliter
570 2120 682 2152 insitas
710 2120 930 2153 invenerunt«

96 2248 219 2281 coelum
253 2248 452 2281 Censorinus
482 2248 536 2293 (de
570 2247 621 2280 die
655 2252 720 2279 nat.
753 2247 820 2291 15).
870 2248 934 2281 Cui
970 2250 1051 2282 adde

95 2309 291 2342 Boeckhium
322 2309 367 2354 (in
393 2309 512 2342 Daubii
539 2314 572 2341 et
603 2308 719 2342 Creuz.
750 2309 833 2341 stud.
859 2309 918 2342 111.
943 2323 974 2355 p.
993 2312 1050 2345 90-

97 2372 167 2415 31).
207 2373 302 2404 Plato
328 2379 433 2405 autem
466 2372 528 2419 (de
555 2373 597 2404 R.
618 2372 656 2404 P.
684 2373 739 2405 10.
759 2385 790 2417 p.
811 2373 886 2405 617
917 2373 1051 2418 Steph.)

96 2432 226 2466 cuilibet
253 2433 323 2465 orbi
351 2431 519 2479 Σειρῆνα
558 2433 687 2474 tribuit,
726 2445 837 2467 vocem
865 2433 1050 2482 (φωνήν)

96 2507 191 2529 uuam
211 2495 366 2528 edentem.

172 2555 306 2602 [Ῐναηία]
348 2557 390 2588 Εἰ
415 2556 449 2588 in
474 2557 583 2601 primis
618 2560 786 2604 sphaeram
814 2560 963 2593 extimam
994 2561 1048 2593 tri-

95 2621 180 2661 buit,
215 2631 295 2665 quae
321 2619 447 2665 proprie
479 2620 603 2654 coelum
636 2623 814 2667 appellatur
836 2624 990 2668 (Macroh.
1012 2625 1047 2665 2,

1114 503 1169 547 4),
1204 502 1364 535 Graecum
1393 502 1530 536 nominis
1562 508 1691 548 etymon
1723 512 1861 538 secutus.
1899 506 2066 541 Ausonius

1113 566 1198 610 (Eid.
1221 566 1299 609 20);

1169 645 1180 659 υ
1193 630 1313 661 Uranie
1337 631 1417 662 coeli
1440 636 1544 662 motus
1566 637 1596 662 et
1617 638 1706 663 astra
1728 639 1919 667 semanim-‚u

1113 687 1207 720 Unde
1242 695 1274 721 et:
1309 695 1429 721 astrum
1462 691 1557 734 capiti
1595 692 1665 733 ejus
1695 695 1866 737 apponitur
1899 695 1931 727 in
1961 697 2066 728 numis

1113 752 1233 795 (Begcr
1260 753 1400 785 thesaur.
1421 753 1605 786 Brandenb.
1635 755 1677 787 Π.
1702 769 1732 800 p.
1752 759 1834 790 576.
1863 764 1929 791 not.
1949 760 1995 802 4).

1186 815 1353 861 extimam]
1386 817 1415 848 E
1443 817 1567 850 somnio
1590 817 1753 863 Scipionis
1778 820 1930 864 (Macrob.
1946 824 1976 862 1,
2006 823 2066 866 17)

1112 878 1320 921 explicandus
1357 879 1407 912 hic
1442 879 1552 920 loeus,
1592 881 1647 912 ubi
1679 881 1847 914 Ciceronis
1881 885 1960 916 haec
1991 891 2066 917 sunt

1111 940 1224 971 verba:
1256 940 1397 972 »Novem
1419 941 1477 974 tibi
1500 942 1631 974 orbibus
1656 943 1706 976 vel
1730 944 1837 988 potius
1860 945 1963 987 globis
1991 957 2065 978 cou-

1110 1015 1192 1034 nexa
1216 1009 1291 1036 sunt
1315 1005 1440 1045 onmia,
1480 1017 1616 1050 quorum
1641 1019 1724 1038 unus
1754 1014 1803 1039 est
1834 1008 1983 1041 coelestis
2011 1022 2065 1041 ex-

1110 1067 1227 1105 timus,
1256 1067 1311 1109 qui
1337 1067 1481 1111 reliquos
1522 1080 1633 1101 omnes
1655 1070 1894 1113 complectitur,
1924 1082 2066 1102 summus

1107 1128 1177 1172 ipse
1198 1129 1276 1159 deus
1305 1142 1417 1161 arcens
1436 1136 1468 1161 et
1485 1131 1652 1163 continens
1678 1138 1803 1165 ceteros
1816 1156 1826 1173 ,
1852 1133 1885 1165 in
1908 1146 1972 1177 quo
1991 1140 2065 1165 sunt

1108 1190 1204 1232 infixi
1235 1190 1282 1221 illi
1310 1191 1365 1233 qui
1403 1192 1576 1223 volvuntur
1612 1193 1777 1226 stellarum
1808 1206 1921 1225 cursus
1951 1196 2065 1239 sempi-

1107 1252 1218 1283 teratu
1273 1253 1367 1284 L'nde
1395 1258 1485 1297 patet
1517 1255 1683 1298 sphaeram
1708 1256 1857 1287 extimam
1884 1268 1953 1288 eam
1982 1269 2066 1295 esse,

1107 1327 1188 1360 quae
1207 1316 1340 1359 aplanes
1356 1322 1469 1348 vocata
1487 1318 1597 1349 stellas
1615 1319 1695 1350 fixas
1712 1319 1944 1364 complectitur.
1969 1320 2065 1353 Unde

1105 1379 1252 1424 planetas
1276 1380 1428 1412 Manilius
1452 1381 1500 1425 (1,
1521 1381 1609 1425 804)
1640 1382 1748 1414 sidera
1772 1383 1932 1427 appellat,

1149 1455 1160 1469 n
1168 1440 1260 1483 Quae
1278 1442 1399 1473 coelum
1413 1448 1597 1489 terramque
1615 1445 1700 1476 inter
1710 1445 1881 1476 volitantia
1893 1445 2064 1488 pendentm

1103 1499 1288 1544 Appulcjus
1323 1513 1451 1544 quoque
1479 1502 1533 1544 (in
1563 1503 1668 1544 dogm.
1692 1504 1777 1536 Plat.
1803 1518 1834 1549 p.
1857 1506 1930 1539 ‘205
1957 1505 2065 1549 Oud.)

1106 1558 1299 1596 ἀπλανὲὄι
1320 1562 1458 1605 primum
1488 1562 1633 1595 ordinem
1659 1574 1731 1595 0550
1757 1565 1811 1596 ait.

1179 1622 1331 1667 concinit]
1352 1624 1440 1665 Lege
1465 1626 1610 1667 concipit.
1636 1626 1766 1659 Eruditi
1784 1627 1844 1659 viri
1860 1639 1943 1659 unus
1962 1628 2065 1660 codex

1105 1684 1243 1717 habebat
1269 1688 1463 1725 concinnat,
1481 1687 1563 1718 alter
1589 1690 1758 1728 concinat,
1783 1695 1954 1735 utrumque
1973 1692 2063 1723 male.

1105 1749 1231 1780 vomi.
1258 1749 1319 1794 (sp.
1348 1749 1416 1781 crit.
1449 1750 1534 1794 145)
1563 1769 1610 1774 —
1642 1751 1762 1784 Nullus
1791 1760 1898 1786 autem
1928 1757 2064 1799 concipit

1104 1811 1217 1851 habet,
1253 1811 1340 1854 quod
1366 1811 1400 1843 in
1432 1811 1533 1843 critici
1562 1818 1685 1845 tantum
1710 1815 1842 1848 cerebro
1865 1822 2063 1861 conceptum.

1105 1873 1173 1906 Sed
1187 1874 1259 1906 vide
1280 1886 1375 1918 quam
1391 1874 1574 1919 periculosa
1591 1877 1694 1910 omnis
1709 1880 1863 1912 correctio
1879 1880 1931 1922 sit,
1949 1893 2031 1924 quae
2045 1894 2063 1914 a

1106 1935 1252 1968 codicum
1267 1936 1455 1969 auctoritate
1466 1937 1667 1971 destituatur.
1684 1938 1818 1972 Scilicet
1831 1943 1970 1974 concinit
1983 1943 2064 1975 illud

1103 1998 1185 2030 bene
1201 2010 1235 2030 se
1252 1999 1358 2040 habet,
1377 2005 1548 2044 postquam
1565 2000 1604 2032 ab
1621 1999 1801 2034 Arntzenio
1820 2003 1920 2047 (misc.
1934 2015 1963 2047 p.
1977 2005 2063 2046 205)

1104 2067 1137 2093 et
1160 2073 1201 2093 ex
1220 2061 1303 2094 libro
1324 2062 1588 2106 Norimhergensi
1614 2064 1800 2107 didicimus,
1826 2078 1899 2098 esse
1924 2068 2063 2104 codices,

1103 2123 1136 2155 iu
1160 2123 1275 2169 quibus
1302 2124 1433 2157 »mundi
1458 2125 1626 2170 sphaeram
1654 2138 1714 2170 per
1737 2127 1905 2160 extimam«
1929 2129 2063 2173 legatur.

1177 2186 1283 2233 acuto]
1306 2188 1482 2222 Hominum
1505 2189 1590 2222 enim
1609 2190 1717 2236 opinio
1735 2192 1876 2234 ferebat,
1901 2194 2062 2237 sphaeras.

1103 2261 1167 2294 quo
1199 2250 1301 2292 magis
1330 2256 1471 2283 remotae
1502 2264 1520 2284 a
1542 2257 1627 2284 terra
1655 2259 1785 2295 essent,
1822 2265 1861 2286 eo
1888 2255 2061 2287 acutiorem

1103 2323 1217 2343 sonum
1235 2311 1330 2344 edere
1348 2312 1431 2357 (Pal.
1450 2312 1518 2346 crit.
1532 2313 1592 2348 ῙΠ.
1615 2313 1646 2360 §.
1658 2315 1757 2360 256).
1784 2315 1948 2357 Ceterum,
1974 2317 2059 2361 quod

1101 2373 1256 2405 insertum
1289 2374 1373 2419 apud
1405 2374 1555 2408 Grotium
1593 2381 1645 2408 est
1677 2387 1796 2410 sonora
1823 2377 1943 2410 delevi:
1969 2378 2060 2410 abest

1100 2435 1184 2468 enim
1207 2435 1325 2468 rectius
1354 2437 1393 2468 ab
1415 2436 1568 2479 Hugiano
1589 2437 1709 2471 codiee.

1173 2500 1356 2547 Polyrrenia]
1389 2502 1439 2534 Ita
1464 2503 1582 2536 Graeci
1615 2515 1646 2535 v.
1674 2516 1700 2536 c.
1725 2504 1889 2535 Hesiodus
1915 2508 1948 2534 et
1973 2503 2056 2534 Dio-

1099 2562 1197 2594 dorus
1219 2562 1268 2606 (4,
1294 2562 1346 2607 7),
1378 2564 1487 2596 Latini
1503 2570 1618 2609 poetae
1641 2565 1831 2608 plerumque
1846 2564 2057 2607 Polylagpmeia.

1100 2624 1258 2667 scribunt,
1290 2625 1463 2668 Horatius,
1501 2626 1674 2669 Virgilius,
1709 2625 1864 2666 Ovidius,
1887 2625 2055 2666 Martialis,

1439 397 1664 453 Polymnia
1695 400 1945 442 Saturnium
1984 403 2065 445 cir-
2095 402 2153 445 28
