2310 2860
759 226 958 266 Martiani
991 225 1190 281 Capellae-
1220 225 1290 266 lib.
1317 226 1370 267 V.
1408 228 1438 278 ᾗ.
1464 227 1569 268 555.

2092 230 2179 270 457

211 332 358 383 tionis,
397 332 438 373 id
470 342 547 383 est,
594 345 730 387 quum
764 347 920 372 nomen
955 332 997 371 in
1030 340 1242 387 postrema
1278 342 1396 388 parte
1428 334 1614 375 membri
1645 346 1718 376 aut
1761 336 1910 378 eadem
1956 351 2177 392 quaecun—

211 426 297 468 que
330 428 426 468 pars
457 414 655 454 orationis
691 413 907 464 redditur,
954 428 1006 453 ex
1039 427 1125 467 qua
1156 413 1270 454 idem
1304 416 1552 456 membrum
1586 418 1740 472 coepit,
1781 428 1828 459 ut
1857 419 1891 459 si
1922 418 2055 460 dicas:
2087 433 2171 474 pu-

215 494 343 534 blicas
374 495 447 534 tibi
478 494 733 535 calamitates
764 494 976 549 imputare
1007 493 1130 536 debet
1161 496 1416 551 respublica.
1459 499 1747 554 Epanaphora
1777 509 1836 540 est
1866 500 2031 552 relatio,
2064 514 2175 556 quo·
2203 496 2289 537 534

215 576 316 617 tiens
348 592 424 632 per
455 576 618 632 singula
651 576 846 616 membra
878 574 1026 615 eadem
1060 591 1157 631 pars
1200 577 1398 617 orationis
1429 579 1655 633 repetitur,
1697 579 1778 620 hoe
1809 581 1955 621 modo:
1988 581 2173 631 „Verres

213 655 539 698 calumniatores
570 657 825 713 apponebat:
858 656 1018 697 Verres
1063 656 1114 697 de
1144 671 1273 698 causa
1305 659 1601 714 cognoscebat:
1634 661 1792 702 Verres
1823 661 2172 717 pronunciabat.“

215 738 487 794 Antistrophe
527 748 587 779 est
617 739 850 779 conversio.
911 738 1028 778 Haec
1067 737 1204 794 figura
1244 738 1325 779 hoe
1356 740 1496 781 differt
1531 756 1553 782 a
1585 743 1825 797 superiore,
1869 743 1986 798 quod
2015 743 2086 785 illa
2116 742 2170 784 ab

214 820 362 860 eadem
404 829 521 875 parte
558 820 755 860 orationis
797 820 965 875 saepius
1003 819 1167 875 incipit,
1210 819 1317 860 haec
1347 820 1389 860 in
1422 819 1570 861 eadem
1603 821 1877 873 terminatur,
1928 831 1974 863 ut
2005 832 2064 863 est
2092 838 2171 878 pro

212 900 408 954 Fontejo:
433 901 684 952 „Frumenti
719 901 936 942 maximus
975 914 1183 942 numerus
1215 916 1236 940 e
1268 902 1429 953 Gallia,
1468 902 1675 957 peditatus
1713 903 1997 958 amplissimae
2024 903 2172 958 copiae

285 1036 428 1077 publicas
458 1032 532 1079 tibi]
564 1033 652 1065 Citat
683 1032 819 1076 Aquila:
860 1033 951 1064 »Tibi
989 1033 1167 1065 sceleratis-

211 1098 287 1128 sime
312 1098 451 1128 omnium
474 1097 628 1140 imputare
653 1109 762 1127 omnes
787 1097 981 1128 calamitates
1006 1109 1079 1128 suas
1102 1109 1167 1128 res-

208 1161 336 1203 publica
369 1160 453 1190 tibh«
494 1159 628 1190 Plenius
653 1165 685 1191 et
709 1159 898 1202 perfectius,
927 1160 1098 1190 sitantum
1128 1172 1168 1191 ex

208 1223 366 1256 Martiano
384 1223 482 1254 addas
510 1224 609 1254 debet.
627 1222 788 1255 GnoT.——
819 1223 978 1266 Corrupta
1004 1229 1053 1254 est
1071 1223 1167 1254 lectio

157 1276 186 1312 ⁸
210 1285 304 1317 Mart.
324 1285 494 1328 Capellae:
512 1285 664 1316 Publicus
692 1285 751 1315 tibi
775 1285 973 1316 calamitates
1001 1287 1168 1316 immutare

212 1349 305 1380 debes
331 1349 528 1391 respublica,
567 1348 622 1378 ubi
652 1359 718 1378 non
748 1348 891 1388 intelligo
921 1349 1007 1391 quod
1034 1348 1168 1382 Grotius

211 1411 302 1451 dicit,
325 1411 456 1442 verbum
474 1411 563 1442 debet
582 1422 598 1440 e
616 1410 750 1453 Capella
774 1409 914 1453 Aquilae
938 1423 1010 1442 esse
1034 1411 1167 1442 redden-

211 1473 294 1504 dum.
322 1472 404 1503 Nam
426 1483 535 1502 omnes
559 1471 715 1502 editiones
743 1470 910 1514 (Aquilae)
936 1471 1015 1502 illud
1037 1472 1168 1502 verbum

210 1536 336 1567 liabent.
351 1536 479 1565 Runa-x.
502 1535 550 1577 (p.
572 1534 660 1576 176)
677 1551 723 1557 ·—-
756 1534 862 1577 Ipsius
886 1534 1036 1565 Martiani
1057 1534 1167 1565 lectio-

209 1611 281 1631 nem
304 1598 438 1630 Grotius
459 1596 614 1639 corrupit,
643 1609 739 1640 quum
764 1597 987 1628 antecedentes
1012 1597 1168 1628 editiones

208 1664 293 1691 recte
328 1660 485 1702 imputare
518 1657 672 1688 haberent
702 1662 733 1689 et
763 1658 871 1696 debet,
906 1657 991 1702 quod
1021 1657 1168 1701 reposui,

207 1722 335 1763 longius
365 1727 470 1752 tamen
495 1720 684 1762 corrigendo
718 1721 891 1763 procedere
926 1720 1032 1761 nolui,
1071 1732 1169 1764 quum

208 1786 390 1830 exemplum
407 1786 445 1817 ab
461 1784 581 1829 Aquila
601 1785 800 1828 propositum
819 1797 884 1816 non
905 1797 944 1816 ex
962 1785 1093 1828 antiquo
1112 1784 1167 1816 ali-

209 1862 272 1894 quo
289 1850 444 1893 scriptore
459 1850 660 1892 depromtum
677 1849 733 1880 sed
753 1849 792 1879 ab
814 1849 885 1892 ipso
900 1849 1006 1879 lictum
1021 1860 1092 1879 esse
1114 1860 1167 1891 ap-

210 1918 334 1956 pareat,
366 1913 453 1955 quod
482 1912 577 1953 igitur
609 1912 764 1952 refingere
793 1911 952 1943 Martiano
978 1911 1078 1942 licuit.
1102 1911 1166 1941 Re-

209 1976 317 2008 fictum
349 1980 455 2006 autem
483 1975 522 2004 ab
555 1985 608 2013 eo,
648 1985 713 2004 non
739 1973 834 2004 modo
865 1978 1062 2004 contractum
1095 1985 1168 2004 esse

209 2049 248 2069 eo
269 2036 369 2078 magis
387 2035 567 2074 statuimus,
590 2034 664 2078 quia
679 2034 822 2077 quamvis
838 2040 991 2065 mutatum
1011 2040 1043 2066 et
1063 2034 1168 2077 ipsum

208 2107 315 2131 tamen
344 2099 470 2141 justum
501 2099 619 2139 figurae
652 2097 833 2141 exemplum
864 2097 896 2129 in
924 2097 1058 2141 repetita
1088 2108 1166 2129 voce

207 2165 333 2206 publiea
364 2162 521 2194 exhibeat.
563 2161 650 2192 Illud
685 2166 807 2192 tantum
840 2160 932 2192 nobis
963 2161 1166 2201 indulsimus,

212 2233 246 2258 ut
265 2239 323 2270 pro
346 2226 552 2270 proapotlosis
578 2236 618 2256 ex
648 2223 769 2268 Aquila
792 2224 1031 2256 restitueremus
1057 2236 1166 2267 prosa-

209 2290 345 2333 podosis.
377 2290 530 2321 Ceterum
558 2289 673 2328 verba,
707 2288 823 2331 quibus
853 2288 953 2330 figura
977 2288 1166 2332 explicatur,

212 2351 298 2397 affld
327 2350 431 2393 ipsum
458 2349 609 2393 Aquilam
639 2349 683 2380 ita
717 2355 866 2393 corrupta
894 2355 985 2389 sunt,
1026 2355 1062 2380 ut
1088 2349 1167 2381 nihil

212 2413 286 2445 inde
304 2413 385 2444 lueis
404 2412 444 2443 ad
464 2417 608 2443 nostrum
628 2412 800 2444 redundetz
821 2413 927 2456 »quod
948 2413 1032 2445 idem
1049 2424 1167 2444 nomen

214 2477 245 2508 in
265 2481 425 2519 postrema
447 2481 536 2519 parte
554 2476 700 2516 membri,
729 2482 783 2508 aut
805 2477 931 2518 eadem,
955 2487 1166 2520 quaeeunque

215 2551 287 2584 pars
310 2538 462 2571 orationis
481 2538 639 2578 redditur,
665 2544 715 2570 est
732 2552 891 2581 connexa,
916 2540 1000 2571 unde
1022 2539 1054 2571 id
1070 2551 1166 2571 mem-

214 2602 305 2633 brum
329 2600 428 2631 antis
450 2599 585 2631 ambitus
614 2599 756 2643 coepit«,
786 2601 1042 2644 interpungendo
1067 2613 1165 2644 quan-

217 2669 282 2695 tum
305 2662 394 2708 potui
415 2661 484 2707 opis
503 2662 612 2694 afferre
632 2660 748 2694 studui.
774 2661 926 2695 Ceterum
944 2661 1165 2705 Quinctiliano

1219 1036 1273 1079 (9,
1296 1037 1335 1075 5,
1357 1034 1419 1077 94)
1445 1040 1476 1066 et
1501 1035 1623 1067 Rutilio
1646 1035 1739 1080 Lupo
1763 1034 1811 1078 (p.
1832 1035 1871 1078 1)
1898 1046 2030 1080 prorsus
2055 1034 2117 1067 alia
2137 1034 2171 1066 fi-

1220 1111 1297 1140 gura
1319 1099 1431 1130 eodem
1455 1100 1515 1130 hoc
1538 1099 1664 1130 nomine
1690 1099 1879 1142 appellatur.

1294 1166 1341 1192 est
1367 1158 1493 1204 relatio]
1521 1160 1548 1190 E
1571 1160 1679 1191 codice
1700 1160 1888 1192 Monacensi
1910 1160 1966 1203 (C)
1986 1159 2106 1192 inserui
2124 1165 2173 1194 est

1219 1221 1315 1262 vulgo
1340 1221 1509 1260 omissum,
1545 1233 1625 1264 eque
1653 1221 1766 1253 eodem
1796 1227 1829 1253 et
1858 1222 2106 1253 Dal-mstattensi
2136 1234 2173 1254 ae

1219 1285 1475 1316 Reichenauensi
1505 1296 1580 1316 mox
1614 1287 1790 1328 apponebat
1822 1297 1880 1328 pro
1914 1286 2104 1329 opponebat,
2141 1291 2174 1317 et

1218 1346 1371 1389 Aquilam
1387 1347 1430 1390 (p.
1453 1347 1536 1388 177)
1556 1351 1587 1377 et
1607 1346 1711 1390 ipsum
1730 1347 1920 1379 Ciceronem
1934 1347 2041 1391 (Verr.
2053 1348 2087 1387 2,
2113 1347 2172 1389 10)

1219 1415 1358 1441 secutus.
1384 1410 1576 1452 Quanquam
1593 1410 1661 1452 ipse
1680 1410 1846 1442 Ciceronis
1867 1411 1958 1443 loeus
1976 1411 2172 1454 aliquantum

1220 1485 1237 1503 a
1261 1478 1370 1503 nostro
1389 1472 1537 1503 discedit:
1560 1472 1699 1504 »Verres
1717 1473 1961 1505 calumniatores
1980 1474 2171 1517 apponebat,

1219 1536 1340 1568 Verres
1363 1535 1475 1567 adesse
1489 1536 1638 1577 jubebat,
1659 1536 1779 1568 Verres
1800 1537 2022 1578 cognoscebat,
2049 1537 2172 1569 'Verres

1214 1598 1414 1640 judicabatn,
1446 1597 1530 1628 unde
1555 1609 1621 1628 rem
1651 1598 1750 1638 magis
1783 1610 1876 1640 quain
1897 1598 1992 1629 verba
2018 1596 2171 1640 Aquilam

1220 1665 1381 1702 spectasse
1397 1663 1537 1701 apparet.
1562 1658 1712 1699 Figuram
1728 1659 1796 1699 jam
1825 1659 1864 1690 ab
1888 1660 2033 1691 Homero
2059 1659 2111 1702 (ll.
2132 1661 2170 1701 β,

1220 1723 1303 1755 582.
1329 1734 1362 1764 ε,
1395 1722 1455 1764 74)
1479 1727 1662 1765 usurpatam
1686 1721 1812 1754 Auctor
1835 1722 1875 1754 ad
1898 1723 2097 1754 Herennium
2123 1721 2171 1766 (4,

1223 1786 1282 1828 15)
1307 1787 1526 1829 repetitionem
1553 1786 1707 1829 appellat,
1733 1785 1854 1830 Aquila
1873 1787 2029 1826 relalum3
2054 1797 2171 1818 nomen

1218 1850 1384 1880 relationis
1403 1847 1520 1889 legitur
1544 1848 1672 1890 quidem
1699 1849 1782 1892 apud
1807 1848 1997 1880 Ciceronem
2019 1847 2072 1892 (de
2093 1853 2172 1880 orat.

1218 1913 1258 1951 5,
1283 1909 1362 1955 54),
1383 1911 1440 1942 sed
1457 1916 1492 1948 ut
1513 1911 1750 1954 Quinctilianus
1773 1912 1826 1956 (9,
1847 1913 1888 1953 5,
1911 1912 1973 1956 97)
1994 1916 2090 1954 neget
2110 1911 2172 1944 sibi

1218 1975 1358 2018 liquere,
1385 1974 1461 2018 quid
1492 1975 1591 2018 accipi
1614 1975 1699 2006 velit.

1293 2042 1341 2067 est
1360 2035 1543 2081 conversio]
1570 2037 1634 2069 nie
1664 2048 1792 2080 quoqne
1816 2043 1864 2068 est
1887 2048 1904 2068 e
1928 2037 2037 2069 codice
2057 2036 2167 2070 Mona-

1218 2099 1306 2131 censi
1327 2099 1385 2144 (C)
1412 2100 1566 2143 supplevi.
1602 2101 1652 2131 Dc
1679 2101 1748 2144 ipsa
1769 2100 1869 2142 figura
1890 2100 2017 2133 Auctor
2042 2100 2081 2131 ad
2101 2100 2168 2132 He-

1217 2161 1363 2193 rennium
1383 2161 1436 2205 (4,
1461 2162 1534 2205 15):
1563 2164 1744 2193 »conversio
1765 2167 1831 2193 est«
1854 2162 1958 2206 inquit
1979 2174 2053 2206 »per
2074 2172 2166 2205 quam

1218 2234 1284 2254 non
1305 2229 1339 2254 ut
1354 2228 1427 2254 ante
1447 2223 1582 2267 primum
1600 2224 1772 2266 repetimus
1790 2224 1932 2264 verbum,
1954 2224 2010 2254 sed
2024 2223 2063 2254 ad
2079 2227 2164 2266 post-

1216 2297 1337 2316 remum
1358 2285 1558 2316 continenter
1576 2285 1789 2316 rervm-timum«
1826 2285 2017 2327 Exemplum
2038 2295 2077 2314 ex
2096 2294 2163 2314 ora-

1218 2347 1304 2378 tione
1320 2346 1486 2378 Ciceronis
1508 2358 1566 2390 pro
1588 2347 1725 2388 Fontejo
1744 2347 1873 2377 allatum
1896 2345 1979 2376 inter
2001 2355 2054 2375 eas
2075 2344 2164 2376 iuius

1217 2414 1342 2452 parteS,
1367 2420 1448 2451 quae
1471 2408 1612 2450 integrae
1637 2408 1677 2439 ad
1699 2419 1758 2439 nos
1779 2411 2004 2450 pervenerunt,
2027 2417 2093 2437 non
2111 2417 2165 2437 ex-

1218 2477 1297 2512 stat,
1317 2477 1460 2503 nostrum
1477 2477 1508 2503 et
1520 2472 1622 2515 ipsum
1639 2484 1678 2503 ex
1688 2471 1807 2515 Aquila
1821 2476 1941 2501 tantum
1956 2468 2163 2512 descripsisse

1217 2539 1337 2565 certum
1373 2538 1439 2573 est,
1473 2534 1556 2565 unde
1595 2532 1719 2564 restitui
1761 2531 1847 2575 quod
1879 2530 1973 2571 vulgo
2011 2530 2163 2562 omissum

1216 2601 1284 2627 erat
1304 2595 1480 2638 frumenti,
1508 2593 1763 2638 interpunctione
1784 2603 1928 2636 quoque,
1948 2597 1983 2623 ut
1995 2592 2063 2634 jam
2080 2592 2161 2626 Gro-

1216 2659 1279 2692 tius
1308 2664 1466 2701 suaserat,
1494 2663 1643 2691 correcta.

1712 2719 1759 2751 58
