2310 2860
159 172 214 214 78

754 165 954 207 Martiani
994 163 1193 219 Capellae
1229 162 1302 205 lib.
1328 162 1361 203 I.
1400 164 1432 213 ᾗ.
1447 162 1523 203 54.

164 277 280 333 quod
322 292 417 318 eam
464 277 538 331 qui
577 273 862 330 placiditatem
901 270 1055 314 afferre
1091 268 1237 310 solitus
1275 266 1475 309 Phoebus
1515 269 1685 323 orabat,
1731 270 1894 326 quique
1934 270 2059 310 etiam
2093 282 2118 310 a

166 375 210 401 se
249 359 440 414 ejusdem
472 356 577 399 filias
609 355 793 398 eruditas
823 354 876 396 ad
906 360 1132 409 parentum
1166 363 1344 405 quoque
1376 360 1649 406 conspectum
1677 351 1835 393 fecerat
1864 351 2118 402 subvolare;

165 440 319 482 dehine
349 438 505 494 nuptiis
536 438 648 479 June
680 452 764 478 non
791 436 910 477 solita
942 430 1169 487 refragari,
1200 437 1301 471 tunc
1332 431 1459 473 etiam
1488 431 1733 488 Cyllenium
1757 433 1969 488 diligebat,
2002 431 2119 488 quod

167 521 258 575 ejus
283 519 489 560 uberibus
514 518 718 560 educatus
742 518 948 574 poculum
969 511 1296 558 immortalitatis
1321 511 1597 554 exhauserat:
1623 512 1886 569 perindeque
1909 522 1949 554 et
1973 512 2120 554 matris

163 600 344 655 gratiam
385 598 647 652 conferebat3
706 599 972 641 accrescebat
1004 595 1131 646 votis,
1174 592 1294 649 quod
1330 593 1467 635 multa
1506 608 1602 634 eam
1634 592 1800 635 Clarius
1830 594 2121 635 conciliatione

163 679 737 722 devinxerat—faciendum
768 679 956 736 profecto
988 674 1407 731 accelerandumque
1436 674 1687 732 persuadet,
1714 690 1770 718 ne
1800 675 1941 716 itidem
1976 675 2120 730 Cylle-

161 760 256 800 nius
273 758 470 815 Cypridis
493 759 670 801 laetatus
695 761 901 802 illecebris
923 756 1287 814 Hermaphrodito
1310 756 1485 798 fratrem
1510 757 1682 811 gignere
1699 769 1926 796 succensus
1945 764 2120 810 optaret.

164 962 281 995 codicis
304 963 499 994 Dresdensis
527 974 588 1006 ope
619 973 688 993 eam
713 974 771 1005 pro
799 963 830 993 εἰ
860 961 1008 1003 reposui3
1050 964 1118 990 tota

159 1030 265 1056 tamen
288 1024 438 1067 periodus
461 1023 595 1055 multum
613 1022 816 1054 obscuritatis
835 1022 939 1053 habet.
957 1020 1118 1064 Equidem

159 1086 254 1117 verba
284 1086 329 1117 sie
359 1091 528 1118 construo:
557 1085 678 1130 »primo
712 1083 800 1128 quod
830 1096 901 1116 eam
928 1080 1118 1128 (Junouem)

160 1147 313 1179 Phoebus
340 1147 467 1187 orabat,
511 1147 567 1190 qui
589 1146 808 1191 placiditatem
834 1147 945 1177 afferre
981 1144 1116 1184 solitus,

159 1211 278 1255 quique
302 1209 484 1254 (Phoebus)
511 1210 656 1251 ejusdem
681 1208 848 1254 (Junonis)
873 1209 954 1240 filias
980 1206 1119 1252 (Musas)

160 1287 176 1305 a
201 1286 235 1305 se
259 1273 422 1318 (Phoebo)
446 1272 587 1304 eruditas
614 1273 654 1304 ad
682 1278 850 1316 parentum
875 1271 983 1314 (Jovis
1008 1277 1041 1302 et
1057 1270 1117 1303 Ju-

106 1340 119 1352 “
159 1335 273 1381 nonis)
301 1341 510 1380 conspectum
537 1336 707 1367 subvolare
730 1336 880 1367 secel-ahu
918 1334 957 1366 ln
981 1345 1117 1378 sequen-

159 1398 244 1429 tihus
270 1398 395 1440 singula
419 1397 578 1440 explicare
604 1397 751 1428 studebo.

227 1458 328 1504 filias]
355 1459 513 1500 Ejusdem
536 1457 677 1489 «Iunonis
705 1457 788 1488 filias
818 1457 949 1497 Musas3
984 1467 1118 1499 quarum

158 1521 234 1553 lieet
258 1521 355 1563 vulgo
379 1520 591 1563 Mnemosyua
624 1525 725 1550 mater
762 1523 978 1559 statueretur,
1011 1523 1120 1548 tamen

159 1595 258 1626 quum
282 1583 526 1625 Mnemosynam
554 1580 652 1613 latine
681 1580 847 1612 Monetam
872 1580 1119 1621 interpretaren-

159 1652 212 1678 tur
224 1646 308 1690 (Liv.
326 1646 359 1677 iu
379 1643 499 1687 Odyss
528 1655 576 1686 ap.
605 1643 708 1675 Prisc.
734 1643 757 1674 6
785 1642 853 1673 init.
875 1641 996 1684 Hygini.
1019 1641 1119 1684 praef.

161 1722 191 1753 p.
214 1710 261 1740 10
279 1707 434 1749 Nauck),
460 1706 625 1739 ,Iunonem
642 1706 736 1737 ctiam
758 1705 791 1736 in
811 1704 897 1736 illins
916 1704 1024 1737 locum
1045 1704 1120 1736 sub·

161 1772 304 1803 stituisse
328 1771 495 1810 videntur,
528 1781 622 1813 quaxn
646 1770 796 1802 Monetae
829 1768 1018 1810 cognomine
1052 1768 1116 1799 cul-

163 1842 224 1867 tam
251 1846 322 1867 esse
347 1838 482 1866 constat.

239 1896 405 1942 cruditas]
443 1896 498 1928 Ab
534 1895 689 1940 Apolline
724 1895 891 1936 nimirum,
931 1894 987 1938 qui
1019 1894 1120 1938 lyram

164 1974 257 1992 manu
281 1967 386 2001 tenet,
413 1960 532 2004 quique
549 1960 734 2000 Musagetcs
758 1959 980 2003 appellabatur
1002 1957 1119 2003 (Orph.

164 2027 268 2067 hymn.
290 2025 358 2064 55,
381 2025 414 2055 G.
447 2022 583 2055 Diodor.
605 2024 642 2062 1,
676 2024 732 2054 18.
766 2022 886 2054 Strabo
911 2023 966 2054 10.
989 2034 1020 2066 p.
1045 2022 1119 2054 468

166 2088 305 2120 casaub.
334 2087 432 2119 Corn.
461 2088 520 2119 52.
548 2099 578 2130 p.
603 2087 676 2117 227
707 2085 780 2119 Gal.
814 2084 949 2117 Aristid.
981 2085 1015 2116 in
1042 2090 1121 2116 orat.

166 2161 223 2193 pro
254 2148 350 2180 Rhet.
367 2154 477 2180 contra
506 2148 589 2180 Plat.
612 2147 672 2180 111.
701 2159 732 2192 p.
763 2147 818 2180 10.
844 2147 986 2180 Mam-ob.
1019 2158 1121 2179 somn.

167 2212 221 2244 Se.
243 2212 285 2251 2,
313 2210 360 2253 5).

241 2271 456 2317 conspectum]
491 2273 604 2305 Musae
636 2273 741 2314 enim,
780 2279 817 2305 ut
854 2285 949 2317 supra
983 2273 1120 2306 vidimus

167 2334 297 2380 (§.26)‚
319 2335 352 2366 in
370 2334 521 2366 comitatu
536 2335 661 2367 Phoebi
682 2335 715 2368 in
731 2336 856 2368 eoelum
881 2336 1122 2369 adscenderant.

241 2397 346 2444 June]
376 2398 462 2431 Vide
495 2410 590 2442 supra
615 2399 655 2443 (ξ.
679 2400 751 2444 51).
796 2400 883 2433 Huic
906 2400 990 2432 enim
1015 2400 1120 2444 (Virg-

169 2462 252 2494 Λευ.
275 2463 315 2503 4,
344 2461 405 2505 50)
438 2462 560 2494 »vincla
579 2463 701 2504 jugalia
727 2476 858 2504 curae«,
884 2464 1002 2509 datque
1025 2464 1122 2509 (Stat.

170 2525 249 2556 Sitv.
273 2526 303 2556 1.
325 2525 358 2555 2.
376 2523 464 2566 259)
486 2523 593 2555 »June
619 2525 757 2556 verenda
783 2525 915 2558 tinelam

75 840 135 881 55
165 840 418 882 Stimulabat
448 841 677 897 paululum
708 841 885 893 Jovem,
937 856 990 882 nc
1031 839 1181 881 uxoris
1214 837 1435 893 Cyllenius
1473 836 1631 878 fotibus
1675 836 1912 891 repigratus
1952 849 2123 875 somno-

1169 959 1298 988 tradunt
1323 959 1474 1000 Hyginus
1501 957 1589 1000 (astr.
1611 956 1652 997 2,
1674 957 1734 989 45.
1758 969 1790 1001 p.
1808 956 1897 1000 418)
1918 961 1950 989 et
1972 955 2126 989 Alliricus

1170 1021 1211 1065 (e.
1233 1019 1291 1052 XI.
1310 1031 1361 1063 ap.
1382 1020 1512 1052 Munck.
1536 1020 1578 1051 Π.
1606 1033 1637 1064 p.
1653 1019 1751 1063 515).
1775 1020 1843 1052 Lae
1867 1025 1973 1052 autem
1984 1020 2126 1053 Junonis

1168 1083 1304 1117 Nonnus
1333 1083 1405 1128 (55.
1433 1096 1464 1127 p.
1491 1084 1564 1114 882
1582 1084 1688 1128 Falk.)
1707 1084 1847 1127 appellat
1868 1081 1974 1130 ἱερὰν
2005 1080 2127 1131 ῥαθά·

1169 1159 1288 1192 μιγγα
1311 1143 1602 1193 προηγήτειραν
1624 1143 1818 1191 &zemma
1848 1148 1898 1179 De
1927 1147 2045 1192 poculo
2069 1147 2126 1179 im-

1169 1208 1371 1241 mortalitatis
1402 1221 1429 1240 v.
1452 1208 1533 1239 inii-a
1554 1207 1595 1253 (ξ.
1620 1208 1715 1252 141).

1244 1270 1372 1317 mali-is]
1387 1271 1540 1312 Nutricis,
1563 1284 1645 1315 quae
1657 1272 1775 1304 Plauto
1796 1278 1913 1304 »mater
1931 1285 2012 1316 qnae
2030 1284 2127 1304 mam-

1169 1346 1253 1366 mam
1278 1333 1394 1365 dedit.«
1421 1333 1525 1365 Gno'r.
1551 1353 1598 1358 ——
1634 1334 1711 1366 Non
1739 1335 1843 1365 solum
1876 1334 2032 1375 Plautus,
2071 1334 2128 1366 sed

1169 1396 1327 1439 Virgilius
1355 1396 1449 1426 etiam
1484 1395 1587 1439 (Aen.
1619 1398 1662 1436 8,
1701 1396 1798 1439 351)
1828 1397 1985 1429 vocabulo
2014 1399 2128 1429 matris

1169 1459 1231 1489 hoc
1263 1469 1361 1489 sensu
1390 1468 1468 1488 usus
1500 1462 1559 1488 est.
1605 1457 1703 1489 Certe
1728 1458 1925 1490 Mercurium
1949 1458 2040 1491 June
2063 1470 2127 1491 ma-

1170 1527 1261 1553 terno
1286 1532 1413 1560 amore,
1442 1520 1533 1563 quasi
1556 1520 1626 1564 ipsa
1647 1521 1717 1562 ejus
1745 1521 1841 1553 suerit
1865 1527 1984 1562 mater,
2016 1533 2126 1566 prose-

1171 1590 1244 1617 cuta
1274 1588 1333 1614 est.

1245 1641 1531 1687 Ilermaplaroclilo]
1558 1641 1726 1675 Ausonius
1752 1644 1863 1688 (epigr.
1885 1646 1986 1691 100)=

1229 1708 1411 1739 »illei-curio
1434 1708 1578 1751 qenilore
1602 1713 1712 1747 satus,
1742 1712 1904 1752 genetrice
1927 1711 2085 1753 Cythere,
2129 1742 2133 1744 ,

1217 1769 1370 1801 ,Νοηεὶηἱε
1395 1775 1431 1800 ut
1456 1771 1571 1808 mixti,
1596 1770 1643 1801 sic
1674 1772 1814 1813 corporis
1833 1772 2127 1816 IIemnaphroditus

1221 1831 1399 1863 Concretas
1424 1843 1522 1862 sea-tt«
1546 1849 1593 1854 --
1609 1851 1655 1856 -.
1672 1851 1719 1857 -

1169 1893 1326 1926 Fabulam
1352 1899 1517 1937 exponunt
1534 1895 1617 1926 idem
1635 1894 1802 1928 Ausonius
1823 1897 1935 1940 (epigr.
1951 1897 2010 1930 69.
2030 1897 2127 1942 101),

1171 1955 1310 1989 Ovidius
1336 1956 1422 2000 (met.
1443 1956 1479 1996 4,
1502 1955 1591 2000 288)
1617 1962 1650 1988 et
1670 1957 1863 1990 Laurentius
1879 1959 1991 2002 Lydus
2014 1960 2126 2005 (mens.

1170 2019 1252 2064 Apr.
1271 2020 1330 2051 471.
1356 2031 1386 2062 p.
1408 2019 1482 2051 214
1503 2019 1644 2063 Romu).
1670 2019 1766 2052 Adde
1790 2022 2005 2064 anthologiam
2025 2022 2125 2055 Grae-

1171 2096 1240 2115 cam
1267 2082 1316 2127 (4,
1343 2083 1399 2122 12,
1426 2083 1474 2113 42
1497 2083 1641 2128 Rosea).
1667 2084 1843 2126 Imaginem
1865 2097 1994 2130 quoque
2017 2085 2124 2116 videre

1171 2149 1247 2180 licet
1271 2148 1303 2178 in
1335 2147 1549 2178 monumentis
1580 2147 1719 2191 antiquis
1750 2148 1847 2192 (apud
1880 2147 2053 2189 Angustia.
2092 2148 2125 2179 in

1171 2209 1304 2253 gemmis
1330 2208 1372 2240 Π.
1404 2209 1459 2239 18.
1487 2208 1578 2252 Cayl.
1602 2209 1664 2241 111.
1688 2209 1746 2241 28.
1776 2209 1834 2240 29.
1860 2209 1993 2251 Pignor.
2020 2222 2125 2252 magu.

1171 2280 1244 2307 mat.
1272 2286 1302 2317 p.
1332 2273 1373 2312 13,
1405 2271 1437 2303 in
1462 2284 1572 2304 museo
1596 2272 1737 2303 Florent.
1764 2272 1825 2304 111.
1849 2272 1908 2306 40.
1934 2273 1992 2305 41.
2023 2273 2123 2318 Spon.

1171 2336 1330 2369 rechel-ch.
1356 2333 1436 2365 121.
1460 2333 1547 2365 misc.
1573 2332 1619 2377 9).

1246 2393 1444 2440 εἰὶυιιιῖαὺιιΙ]
1480 2394 1706 2427 stimulantem
1738 2407 1813 2427 eave
1840 2394 2005 2429 «Iunonem
2033 2397 2124 2430 intel-

1171 2460 1261 2502 ligas.
1303 2457 1420 2490 Jovem
1449 2456 1556 2501 potius
1582 2468 1658 2488 eura
1681 2456 1881 2499 stinmlabat,
1909 2458 1943 2490 id
1972 2460 2059 2504 quod
2085 2471 2124 2492 cx

1172 2523 1210 2554 iis
1230 2525 1316 2565 patet
1335 2530 1417 2564 quac
1437 2523 1623 2563 sequuntur.
1642 2518 1710 2551 Cic.
1729 2518 1769 2550 ad
1784 2517 1856 2552 Att.
1875 2521 1931 2554 15.
1947 2520 2012 2554 282
2032 2521 2124 2554 „abiit

240 2586 402 2633 uberibus]
437 2586 605 2621 Laetatum
635 2600 651 2620 a
677 2587 807 2621 «Iunone
837 2590 1032 2624 Mercurium
1055 2601 1128 2624 esse
1177 2586 1273 2627 illud,
1298 2583 1385 2629 quod
1405 2589 1470 2615 tum
1492 2594 1541 2615 me
1564 2582 1778 2616 stimulabat«
