2310 2860
151 166 212 208 50

755 157 957 201 Martiani
987 155 1186 212 Capellae
1222 155 1296 199 lib.
1320 156 1352 198 Ι.
1384 158 1415 209 §.
1444 157 1510 198 16.

150 272 276 326 igitur
307 269 588 326 permixtione
619 266 860 309 fluviorum
889 265 960 307 ille
989 263 1265 306 fortunarum
1302 263 1490 319 populus
1529 265 1745 321 agebatur.
1802 266 1959 322 Neque
1990 267 2107 309 enim

148 353 239 394 ulla
269 366 444 408 prorsus
475 358 585 400 erat,
647 362 758 404 quae
790 347 843 390 ab
888 345 1005 388 omni
1050 343 1257 387 immunis
1296 344 1476 387 incursu
1521 356 1760 404 cunctoque
1800 357 1906 390 esset
1943 349 2107 406 gurgite

66 440 120 481 16
148 435 308 477 feriata.
366 431 566 487 Denique
594 429 743 473 Virtus
786 438 930 470 secuta
968 425 1235 483 Cyllenium,
1280 426 1387 469 dum
1418 428 1506 470 sola
1543 439 1712 472 cunctos
1752 431 1939 474 interrite
1968 441 2106 474 trans-

145 523 329 566 mearet,
371 513 468 555 licet
504 527 601 554 eam
639 526 793 568 magno
832 510 998 566 fragore
1030 507 1280 561 colliserint,
1330 518 1474 551 tamen
1517 511 1760 565 opprimere
1799 511 2104 566 nequiverunt.

145 597 343 640 Tandem
376 605 490 637 trans
521 594 697 645 fluvios,
740 592 815 648 qui
846 591 898 633 ad
932 588 1152 647 quoddam
1183 589 1343 631 Phoebi
1375 590 1667 647 spectaculum
1697 591 1963 643 ferebantur,
2004 606 2104 632 eum

144 679 313 722 Virtute
336 678 579 719 Mercurius
610 675 897 717 constiterunt.

959 674 1023 714 Ac
1053 681 1154 714 tune
1177 672 1378 714 Latoium
1413 673 1641 728 conspicati
1674 672 1784 714 edito
1816 674 2101 715 considentem

143 760 368 815 arduoque
406 767 626 814 suggestu,
673 766 800 812 atque
836 755 880 796 in
926 765 1154 812 conspeetu
1199 765 1388 811 quatuor
1426 755 1605 797 urnulas
1656 755 1878 811 adopertas
1918 756 2102 798 vicissim

141 853 428 896 cantabrigiensis,
453 852 635 895 Ilugianus,
659 863 719 883 ncc
736 863 802 883 non
818 849 996 883 Arntzenio
1013 857 1096 884 teste

140 917 185 960 (p.
205 915 292 959 201)
309 915 507 955 Vossianus,
537 914 614 945 dent
637 913 815 945 vorandum
823 925 836 952 ,-
864 911 970 945 Grotii
989 919 1096 945 tamen

137 977 233 1012 lectio
255 976 464 1022 praeferenda
490 980 558 1015 est,
589 975 746 1018 siquidem
765 986 831 1005 non
857 974 897 1006 ad
921 980 1095 1008 torrentem

122 1043 199 1078 ,hoc
219 1040 427 1083 adjectivum,
459 1039 516 1071 sed
540 1038 579 1070 ad
601 1039 746 1070 fortunas
769 1043 904 1083 spectat.

209 1102 377 1148 ayebatur]
404 1103 507 1136 Nemo
529 1102 673 1148 profecto
697 1103 777 1133 haec
800 1102 899 1146 probe
924 1102 1093 1145 intelliget,

135 1165 197 1197 nisi
218 1166 357 1210 aliquam
381 1167 495 1198 saltem
520 1166 782 1207 astrologicarum
808 1166 921 1196 artium
950 1166 1095 1197 notitiam

135 1228 193 1258 sibi
211 1228 455 1272 comparaverit.
480 1227 568 1258 Ante
586 1228 692 1258 omnia
713 1228 797 1257 enim
814 1227 990 1258 notandum
1006 1228 1093 1270 quod

132 1290 282 1323 Manilius
307 1290 363 1332 (5,
393 1289 454 1332 86)
481 1290 569 1320 hisee
591 1290 737 1319 versibus
761 1289 873 1319 tradit:

188 1370 199 1383 n
209 1354 297 1385 Ordo
313 1353 425 1384 ducem
441 1353 589 1398 sequitur
608 1351 707 1381 donec
723 1351 815 1381 venit
834 1350 918 1381 orbis
934 1351 970 1381 in
986 1351 1092 1383 orbem

181 1416 253 1446 llas
274 1420 381 1446 autem
395 1413 497 1457 facies
522 1424 632 1444 rerum
653 1423 712 1455 per
733 1414 828 1455 siqna
851 1412 991 1451 locatas,

179 1478 222 1508 In
240 1478 355 1524 quibus
377 1476 478 1507 omnis
494 1475 556 1505 erit
582 1474 730 1504 fortunae
755 1474 885 1505 condita
903 1484 1050 1513 summa,

184 1540 225 1572 Ut
244 1552 343 1586 quum
352 1539 423 1582 jam
446 1536 557 1567 stellae
581 1540 704 1579 septem
720 1535 891 1567 laeduncve
909 1537 1089 1580 juvanum,-

175 1603 439 1648 deinibusque
458 1605 563 1632 ηιουεί
584 1599 695 1630 divina
714 1601 857 1643 potentia
880 1600 1054 1631 mundum.-

175 1664 233 1697 Sic
257 1664 339 1711 felix
365 1668 421 1694 aut
445 1664 536 1694 triste
564 1663 654 1693 venit
682 1673 742 1704 per
768 1661 898 1705 singula
918 1661 1039 1704 fatum,

181 1729 269 1759 Talis
296 1733 326 1758 et
349 1727 435 1758 illius
454 1738 523 1758 sors
549 1732 596 1757 est
622 1725 783 1768 speranda
809 1725 948 1768 vzeyolL«

126 1789 252 1822 Deinde
278 1788 469 1828 tenendum,
502 1786 645 1831 quamvis
671 1792 794 1830 septem
820 1787 948 1817 illorum
974 1784 1084 1829 plane-

525 1848 578 1879 alii
603 1847 738 1879 malefici
761 1847 825 1878 sint
849 1847 934 1890 (Pal.
956 1858 997 1879 cr.
1024 1846 1084 1878 ΙΙΙ.

127 1914 156 1958 §.
173 1914 275 1957 241),
298 1925 407 1944 eorum
437 1917 582 1944 naturam
608 1917 714 1942 tamen
753 1911 916 1943 vicinitate
950 1910 1084 1942 aliorum

127 1858 229 1883 tarum
251 1850 304 1881 alii
327 1849 460 1881 benefici
469 1871 479 1889 ,

127 1975 251 2015 mutari,
280 1975 529 2019 qualitatemque
551 1973 729 2005 naturalem
750 1985 809 2017 per
826 1984 900 2014 eos,
927 1972 983 2017 qui
1007 1984 1082 2004 con-

127 2039 213 2070 trarii
236 2039 313 2082 ipsis
335 2039 480 2078 obstant,
509 2036 661 2068 infirmari
683 2036 837 2081 (Ptolem.
853 2037 966 2069 tetrab.
982 2037 1016 2076 2,
1035 2035 1082 2081 8).

126 2102 254 2146 Quibus
277 2102 458 2145 praemissis
479 2113 564 2133 nunc
587 2100 775 2142 intelligitur
794 2100 989 2133 »discolores
1012 2100 1080 2144 pla-

124 2171 269 2200 netarum
292 2177 418 2196 amnes«
442 2165 639 2209 planetarum
663 2176 735 2195 esse
761 2176 894 2204 cursus,
924 2176 941 2195 a
964 2164 1080 2207 quibus

126 2228 264 2273 pendeat
290 2227 433 2257 fortunae
462 2237 551 2266 sors,
584 2230 681 2270 prout
706 2226 788 2258 hanc
820 2226 934 2269 aliquis
960 2231 1079 2270 pertra-

126 2291 226 2331 xerit,
251 2289 302 2322 vel
329 2288 362 2320 in
393 2289 472 2320 alius
503 2301 630 2321 cursum
663 2288 805 2330 duxerit,
848 2289 903 2332 qui
932 2301 1000 2320 eam
1027 2288 1080 2321 vel

127 2365 264 2393 servare,
285 2351 336 2384 vel
356 2352 488 2396 perdere
508 2353 619 2396 possit.
635 2352 709 2384 Non
726 2353 809 2384 enim
820 2353 956 2383 Martem
970 2353 1078 2396 plane-

126 2426 191 2451 tam
218 2416 386 2463 (gurgitem
413 2414 649 2459 sanguineum),
676 2421 731 2447 aut
756 2415 931 2448 Saturnum
957 2417 1078 2460 (eaeru—

126 2482 211 2513 leum
229 2475 396 2522 gurgitem)
412 2477 555 2508 fortunas
576 2488 685 2508 omnes
701 2477 860 2509 involutas
877 2490 1000 2523 rapere,
1022 2479 1078 2511 sed

126 2545 311 2589 plerumque
330 2540 423 2573 Jovis
446 2539 566 2585 (lactei)
588 2551 714 2572 cursum
733 2552 787 2572 eas
811 2542 909 2582 tueri,
933 2542 1077 2586 quamvis

127 2606 173 2638 sie
197 2605 318 2637 levatae
341 2601 511 2648 aliquando
530 2606 635 2635 tamen
659 2601 692 2635 iu
710 2601 824 2637 Martis
842 2603 1005 2648 (cruentae
1034 2605 1074 2637 si—

1146 852 1346 896 militudinis)
1364 857 1417 883 aut
1432 851 1564 884 Saturni
1582 863 1710 883 cursum
1734 848 1893 894 (lividum)
1910 849 2103 891 rejiciantur.

1146 917 1220 948 Hoc
1250 917 1347 958 igitur
1380 916 1474 947 modo
1507 921 1610 946 sortes
1644 916 1789 945 fortunae
1823 914 1968 945 cursibus
1995 912 2101 957 plane-

1146 984 1249 1009 tarum
1265 978 1335 1009 aliis
1357 978 1436 1009 alios
1454 976 1693 1008 transeuntibus
1715 978 1842 1019 αφ’ῐανὶ.
1867 975 2003 1007 Videbis
2019 975 2104 1019 apud

1146 1041 1324 1085 Orphicum
1351 1041 1477 1086 (hymn.
1504 1042 1543 1081 G,
1580 1040 1623 1084 5)
1645 1040 1738 1071 istam
1760 1040 1827 1081 jam
1857 1039 1921 1081 legi
1950 1038 2102 1083 supersti-

1145 1105 1275 1137 tionem.

1223 1164 1451 1214 nequiverunt]
1490 1165 1540 1197 Ita
1574 1170 1701 1208 practer
1739 1164 1914 1195 anteriores
1944 1163 2101 1195 editiones

1144 1228 1419 1268 Cantabrigiensis
1453 1232 1485 1258 et
1512 1226 1683 1267 llugianus
1716 1225 1818 1257 codex
1847 1237 1906 1269 pro
1942 1225 2100 1257 Grotiano

1149 1302 1234 1320 »non
1258 1291 1458 1336 quium-unua
1497 1289 1636 1319 Damnat
1658 1288 1709 1319 hic
1730 1288 1907 1320 Martianus
1931 1288 2098 1329 astrologi-

1141 1362 1194 1382 eas
1218 1356 1318 1391 artes,
1348 1350 1464 1394 quibus
1488 1349 1622 1390 Virtus,
1651 1349 1803 1382 Mercurii
1828 1361 1952 1389 eomes,
1986 1349 2098 1380 terreri

1140 1426 1204 1446 non
1229 1413 1379 1457 potuerit.
1424 1413 1509 1445 Vide
1539 1418 1571 1444 ct
1597 1412 1756 1445 Senecam
1784 1412 1852 1456 (ep.
1876 1414 1934 1444 88.
1965 1424 1996 1456 p.
2014 1413 2097 1445 366.

1141 1479 1214 1510 567
1237 1476 1351 1521 Lips.).

1213 1541 1365 1572 Latoi'mn
1388 1536 1628 1584 conspicantur]
1656 1538 1790 1571 Grotius
1807 1540 1989 1581 conspicati.
2005 1538 2094 1571 Bon-

1139 1613 1220 1643 gars.
1235 1603 1410 1634 Latonium
1429 1602 1666 1644 conspicantur.
1677 1599 1835 1632 Gonz.——-
1848 1600 1949 1632 Verbi
1967 1606 2094 1644 ternpus

1138 1663 1268 1706 quidem
1292 1663 1405 1695 melius
1432 1662 1464 1693 in
1481 1662 1729 1693 Darmstattensi
1754 1662 1873 1705 pariter
1892 1668 1923 1693 et
1941 1663 2093 1705 Ilugiano

1137 1725 1265 1765 codiee;
1298 1726 1355 1757 sed
1377 1736 1495 1756 nomen
1519 1725 1653 1756 Latoi'us
1678 1723 1797 1756 Ovidio
1833 1725 1985 1756 usitatum
2016 1725 2091 1757 reti-

1136 1788 1204 1819 neri
1222 1794 1340 1832 potest.
1370 1788 1529 1820 Similiter
1546 1788 1631 1819 enim
1659 1788 1792 1819 »Latoi'a
1814 1787 1918 1819 Diana
1936 1786 1977 1832 (ἓ.
1993 1788 2092 1832 914),

1134 1850 1248 1881 Lato'1'a
1284 1850 1410 1894 proles,
1452 1851 1568 1881 Lato'ia
1597 1849 1712 1892 stirps,
1752 1849 1884 1890 Latois,
1920 1849 2089 1889 Latoidae,

1133 1912 1304 1943 Latoides«
1334 1911 1461 1953 legeris.
1487 1910 1577 1954 Quin
1597 1916 1708 1942 noster
1725 1910 1819 1941 etiam
1836 1910 1917 1941 infra
1941 1909 1981 1955 (ξ.
2002 1910 2091 1955 897)

1132 1975 1216 2007 idem
1239 1975 1318 2007 illud
1341 1974 1506 2020 Apollinis
1536 1986 1713 2015 cognomen
1738 1974 1862 2017 repetit.

1206 2036 1356 2083 mutilas]
1384 2036 1526 2069 Urnulae
1549 2037 1609 2068 hae
1626 2035 1752 2067 Phoebi
1771 2035 1840 2067 sinc
1861 2035 1958 2067 dubio
1974 2035 2087 2069 decan-

1132 2102 1204 2132 tatis
1225 2101 1408 2133 Homericis
1433 2099 1528 2131 doliis
1547 2099 1700 2140 originem
1717 2099 1845 2139 debent,
1865 2104 1897 2130 et
1918 2111 1957 2130 ex
1977 2110 2087 2130 corum

1130 2165 1305 2196 imitatione
1328 2164 1448 2195 effictae
1472 2167 1548 2194 sunt
1573 2162 1624 2205 (11.
1642 2162 1687 2196 Ω.
1705 2160 1907 2203 527-54)
1925 2160 2085 2193 Gom.—

1129 2230 1230 2262 Immo
1252 2227 1334 2260 conf.
1352 2226 1530 2270 Orphicum
1555 2227 1707 2269 hymnum
1723 2225 1756 2256 in
1773 2223 1960 2267 Apollinem
1977 2235 2008 2257 v.
2017 2225 2083 2257 20:

1180 2285 1316 2324 Πάντα
1339 2284 1465 2322 πόλον
1487 2285 1623 2333 κρίνας
1653 2284 1795 2331 κρίνεις
1814 2283 2083 2331 βιοθρέμμονα

1507 2346 1632 2394 φῦλα,

1175 2411 1346 2461 Ἁρμονὶῃ
1364 2407 1527 2458 κεράσας
1553 2405 1794 2455 παγκόόμιον
1819 2405 1981 2456 ἀνδράσι
2001 2413 2081 2454 μοῖ-

1527 2483 1616 2519 ραν,

1167 2536 1305 2580 Μίξας
1312 2536 1511 2583 χειμῶνος
1525 2531 1666 2581 θὲρεός
1678 2533 1711 2568 τ’
1724 2532 1807 2570 ἶόον
1817 2531 2079 2583 ἀμφοτέροισι.

1125 2602 1207 2637 Nam
1222 2602 1273 2636 hic
1290 2614 1417 2647 quoque
1439 2601 1513 2634 anni
1531 2606 1673 2646 tempora
1692 2599 1795 2633 innuit
1816 2605 1932 2632 noster.
1959 2599 2075 2632 Ferrea
