2310 2860
743 147 945 191 Martiani
977 149 1177 206 Capellae
1207 150 1279 192 lib.
1303 151 1421 194 VIII.
1460 155 1491 205 §.
1513 153 1613 195 858.
2059 160 2149 203 655

183 253 347 295 bendae
382 264 480 295 sunt
518 255 745 311 potiorum.
806 256 924 297 Haec
963 257 1088 311 igitur
1128 258 1323 313 quinque
1365 268 1403 299 et
1440 260 1604 315 triginta
1641 262 1758 317 signa
1796 264 1943 305 circuli
1973 265 2145 321 interja-

183 336 311 376 centis
343 336 506 377 ambitu
540 336 862 378 discernuntur:
914 352 1013 378 nam
1048 337 1128 378 alia
1158 349 1255 379 sunt
1291 339 1527 392 aquilonia,
1567 341 1648 382 alia
1679 343 1888 397 austrina,
1919 359 1942 386 a
1973 346 2144 400 regione

183 418 342 473 quippe
377 417 534 458 zodiaci
567 432 679 472 quae
711 417 1022 472 Septentriones
1055 431 1203 457 versus
1250 417 1416 473 depicta
1457 429 1555 460 sunt
1593 422 1807 476 aquilonia
1840 418 2142 480 perhibentur,

182 498 355 538 interius
396 507 536 538 autem
570 507 853 538 numerantur
900 498 1101 538 austrina.
1163 498 1385 553 Aquilonis
1416 501 1542 555 igitur
1573 502 1730 545 habent
1761 516 1923 561 partem
1957 518 2141 563 utraque

180 580 437 634 Septentrio,
488 580 628 620 Draco
670 579 743 633 qui
793 578 900 618 inter
947 587 1179 633 utramque
1226 579 1444 621 flexuosus
1488 582 1695 635 illabitur,
1743 587 1951 629 Arcturus
2004 605 2137 644 quem

180 659 247 700 alii
279 660 436 700 Booten
469 659 701 715 appellant,
734 658 901 699 Corona
933 658 1163 710 Ariadnes,
1194 660 1413 715 Nisusque
1444 677 1573 717 quem
1609 665 1675 705 alii
1706 667 1946 722 Engonasin
1978 670 2137 722 dicunt,

1965 749 2138 791 Andro-

1754 827 1955 869 Austriua
1993 839 2131 870 autem

179 740 316 792 Lyra,
357 738 552 793 Cygnus,
599 738 818 793 Cepheus,
869 737 1115 793 Cassiopea,
1159 739 1357 791 Perseus,
1401 741 1623 794 Deltoton,
1655 745 1923 798 Heniochus,

176 820 325 871 meda,
380 822 582 876 Pegasus,
629 820 908 876 Ophiuchus,
962 821 1223 875 Delphinus,
1278 821 1459 876 Aquila,
1510 825 1678 878 Sagitta.

175 899 282 940 haee
337 909 453 941 sunt:
486 899 686 956 Hydrus,
744 900 912 952 Crater,
970 900 1160 954 Corvus,
1213 901 1429 957 Procyon,
1486 904 1642 956 Orion,
1691 905 1915 959 Canicula,
1970 910 2133 964 Lepus,

171 1076 419 1108 Eratosthenem
445 1078 707 1121 (catastcr.s10):
735 1079 814 1113 ἔστι
843 1076 883 1113 δὲ
913 1076 958 1112 τὸ
982 1075 1127 1124 θηρίον
1180 1089 1252 1109 cero
1282 1078 1377 1110 etiam
1404 1080 1436 1111 in
1466 1080 1538 1112 loco
1572 1081 1667 1113 citato
1689 1083 1817 1114 Nisum
1846 1083 2031 1127 simpliciter
2054 1085 2133 1117 dixit

173 1136 215 1171 ἐν
249 1143 337 1177 ταῖς
371 1136 486 1184 χερόι
522 1138 692 1184 πλησίον
729 1139 800 1173 τοῦ
846 1137 1064 1185 θυτηρίου,
1105 1134 1126 1172 ὂ

171 1200 276 1233 δοκεῖ
289 1198 524 1246 προςφέρειν
544 1196 739 1234 θυσίαν-
758 1219 805 1223 --
824 1199 900 1234 τιὲν
909 1212 927 1239 ς
949 1199 990 1234 os}
1010 1195 1127 1234 ἀσκόι

171 1263 291 1306 φασιν
313 1257 410 1295 αὐτὸ
440 1257 539 1295 εἶναι
564 1262 690 1304 οἴνου,
719 1260 763 1302 ἐξ
785 1254 832 1296 οὗ
858 1260 1015 1296 σπένδει
1042 1266 1125 1301 τοῖς

170 1324 298 1366 θεοῖς,
327 1335 464 1366 quocum
490 1325 639 1356 convenit
663 1325 855 1357 scholiastae
881 1326 919 1356 ad
940 1325 1125 1357 Germanici

169 1386 219 1417 vel
248 1386 396 1419 Caesaris
420 1387 594 1419 Domitiani
617 1387 809 1419 Aratcorum
827 1389 1012 1429 fragmenta.

243 1474 318 1492 nam
351 1461 434 1507 alia]
470 1462 615 1494 Eandem
651 1463 907 1494 distributionem
944 1463 1122 1494 invenimus

168 1523 252 1567 apud
283 1523 453 1556 Geminum
485 1525 530 1568 (p.
562 1525 607 1556 12
639 1524 779 1567 Poma),
816 1524 999 1557 Viti-mium
1021 1526 1075 1568 (9,
1098 1527 1121 1558 5

166 1592 198 1617 et
220 1586 273 1629 4),
304 1587 471 1619 Manilium
494 1588 542 1631 (l,
565 1590 638 1621 518
663 1588 783 1633 sequ.),
817 1588 913 1629 alios,
941 1601 1022 1632 quos
1045 1601 1121 1620 cnu-

166 1660 286 1680 merare
308 1648 439 1690 longum
463 1655 520 1680 est.

239 1723 387 1770 interius]
416 1726 604 1767 Legendum
627 1726 727 1757 videri
752 1726 854 1769 possit
878 1726 1035 1769 inferius,
1058 1726 1120 1759 nisi

164 1789 329 1831 sphaeram
356 1787 558 1819 artificiosam
584 1794 656 1818 ante
681 1788 793 1819 oculos
816 1787 966 1818 hahuisse
990 1787 1118 1819 Martia-

164 1861 239 1880 num
271 1854 452 1892 appareret,
495 1849 589 1890 eujus
614 1855 726 1880 notum
758 1854 807 1880 est
839 1849 968 1880 alteram
995 1854 1118 1892 partem

163 1922 288 1953 semper
316 1909 472 1950 eminere,
513 1910 644 1941 alteram
677 1911 827 1942 recedere
862 1915 893 1941 et
920 1910 1012 1953 quasi
1040 1911 1117 1942 deli-

163 1980 296 2005 tesccrc.

233 2048 418 2097 R'isnsque]
457 2050 547 2091 Lege
579 2051 754 2097 Nirnsque
785 2063 855 2082 cum
890 2050 962 2082 MS.
985 2063 1055 2082 meo
1084 2057 1116 2082 et

159 2111 359 2143 membranis.
402 2111 506 2142 Nixus
540 2117 590 2143 est
620 2108 641 2145 ὁ
674 2112 716 2146 ἐν
745 2107 924 2157 1>όνα6ιν,
960 2109 980 2145 ὁ
1014 2108 1116 2157 γνὺξ

158 2174 269 2207 Arato.

158 2237 446 2282 ApudVitruvium
464 2239 545 2270 male
557 2240 682 2271 IVessus
698 2239 825 2281 legitur,
850 2239 982 2271 emenda
993 2240 1112 2271 Natus.

159 2300 306 2333 Gnixum
327 2311 344 2330 a
364 2302 536 2343 qenem'bus
552 2301 626 2345 (hoc
649 2306 699 2332 est
719 2302 883 2345 genubus,
910 2301 955 2332 sic
979 2301 1111 2334 Cicero:

216 2373 326 2416 »Quae
347 2383 448 2414 genus
470 2373 513 2403 ad
534 2374 656 2404 laeuam
675 2373 751 2405 Nixi
776 2374 906 2418 delapsa
928 2375 1087 2418 resedit«)

157 2450 220 2481 dici
251 2450 369 2482 Festus
398 2453 548 2480 testatur:
573 2461 634 2481 nos
665 2450 789 2482 literam
825 2463 920 2483 unam
951 2452 1109 2492 elidimus,

156 2512 292 2555 ideoque
308 2510 491 2550 A1·nol)ius‚
515 2508 699 2554 Appulejus
722 2512 839 2556 aliique
860 2526 961 2555 ”genu
975 2514 1101 2545 nixum«

156 2575 280 2615 dixere,
312 2575 379 2607 sive
402 2587 419 2606 a
445 2575 591 2617 nitendo,
621 2574 688 2607 sive
712 2587 729 2607 a
752 2575 878 2610 Graeco
899 2574 1010 2622 γνὺξ.
1055 2577 1107 2610 Ci-

320 2175 472 2208 Manilins
504 2175 628 2206 »nixam
661 2187 745 2217 genu
773 2175 929 2219 speciem«
964 2177 1113 2220 appellat.
1165 2203 1172 2210 .

1178 1139 1217 1170 de
1245 1140 1358 1172 eodem
1383 1146 1479 1172 asu-‚0
1492 1142 1596 1173 Gnor.
1614 1161 1660 1166 ·—
1698 1144 1903 1176 Monacensis
1924 1146 1980 1189 (C)
2004 1159 2135 1191 quoque

1176 1203 1305 1242 Ninus,
1331 1205 1733 1246 Dar-mstattensisMx083
1757 1208 1915 1250 vulgatam
1937 1213 2041 1241 tamen
2064 1223 2132 1242 mu·

1177 1271 1242 1298 tare
1273 1267 1377 1308 nolui,
1406 1269 1478 1311 quia
1497 1274 1631 1313 utraque
1656 1270 1813 1314 participii
1837 1273 1937 1304 forma
1957 1273 2076 1317 pariter
2098 1274 2132 1305 in

1176 1342 1234 1360 usu
1264 1336 1329 1369 est,
1361 1332 1505 1375 adeoque
1538 1335 1629 1365 nisus
1660 1336 1797 1377 praefert
1831 1336 2129 1369 Draclxenborchius

1174 1393 1226 1435 (ad
1258 1392 1374 1425 Silium
1406 1396 1446 1434 2,
1483 1397 1582 1439 125),
1613 1397 1743 1429 alteram
1778 1401 1878 1430 nixus
1912 1400 2074 1443 antiquam
2098 1407 2131 1432 et

1174 1454 1350 1486 obsoletam
1375 1456 1513 1487 habitam
1536 1470 1608 1488 esse
1627 1459 1766 1501 probans
1788 1471 1827 1490 cx
1846 1459 1960 1491 Servio
1987 1461 2040 1503 (ad
2061 1460 2127 1493 Ac-

1172 1516 1256 1548 neid.
1279 1517 1315 1557 1,
1349 1517 1450 1559 144),
1478 1518 1528 1549 cui
1560 1525 1666 1550 tamen
1691 1520 1875 1563 obloquitur
1902 1521 2048 1553 Orellius
2073 1523 2128 1567 (ad

1173 1577 1241 1610 Cic.
1261 1584 1337 1609 orat.
1363 1591 1421 1622 pro
1446 1580 1578 1610 Plancio
1608 1594 1632 1612 c.
1650 1582 1708 1621 27,
1736 1594 1765 1625 p.
1786 1583 1879 1625 159).

1191 1668 1199 1676 ,
1247 1640 1391 1686 Cygnus]
1421 1642 1556 1674 Cori-exi
1581 1645 1667 1686 quod
1691 1645 1775 1688 apud
1800 1645 1949 1677 Grotium
1973 1647 2125 1691 scriptum

1171 1710 1238 1735 ciat
1265 1704 1414 1748 Syymes,
1445 1718 1541 1748 quum
1567 1707 1743 1738 aiitciiores
1772 1708 1927 1740 editiones
1950 1721 2126 1755 omnesque

1223 1767 1230 1774 n
1271 1768 1278 1774 -
1318 1768 1324 1774 -
1367 1768 1375 1775 ι

1242 1828 1390 1874 IIytlrus]
1418 1790 1539 1860 Aratus
1567 1832 1667 1874 (445)
1695 1828 1852 1878 1⁷3077v,
1884 1796 1998 1865 Cicero
2022 1835 2124 1879 (455)

1169 1898 1200 1924 ct
1223 1893 1372 1936 Hyginus
1392 1893 1444 1937 (2,
1471 1894 1520 1925 40
1538 1899 1569 1925 et
1586 1896 1625 1933 5,
1655 1894 1717 1937 59)
1741 1896 1890 1938 Hydram
1912 1898 1973 1929 hoc
1996 1898 2121 1939 signum

1168 1954 1346 1997 appellant,
1392 1959 1424 1985 at
1465 1954 1621 1987 Geminus
1658 1957 1715 2000 (2,
1752 1970 1783 2000 p.
1812 1957 1887 2000 15)⁷
1934 1964 1969 1989 ut
1995 1965 2120 1991 nester:

1175 2012 1214 2049 Γ]
1227 2016 1338 2060 ὅρος,
1366 2013 1548 2062 Ηρατηη,
1576 2013 1729 2063 Πόθαξα
1725 2032 1747 2057 ,
1773 2019 1955 2062 paritcique
1979 2021 2119 2065 Hippal-

1167 2078 1243 2108 clius
1268 2076 1533 2119 (adA1·at1m.2,
1562 2079 1599 2118 1,
1624 2091 1654 2122 p.
1671 2079 1744 2110 258
1772 2080 1874 2111 Petav
1877 2081 1897 2123 .)
1916 2087 1948 2112 et
1967 2082 2029 2113 alii.

1241 2139 1368 2185 Crater]
1395 2140 1491 2172 Alios
1514 2148 1640 2173 cratera
1671 2143 1790 2185 ubique
1817 2144 1955 2176 scribere
1984 2145 2118 2177 Grotius

1163 2215 1196 2234 ιιι
1222 2204 1362 2244 margine
1387 2204 1524 2242 notarim
1552 2217 1613 2248 qua
1635 2205 1674 2236 de
1698 2206 1798 2237 forma
1825 2207 1896 2238 vide
1923 2220 2005 2251 quae
2020 2220 2116 2252 supra

1164 2265 1272 2297 monui
1295 2265 1347 2308 (ad
1373 2265 1400 2309 ὲ.
1416 2265 1477 2308 51)
1498 2265 1532 2297 in
1557 2278 1635 2298 voce
1660 2268 1813 2310 hupaeda.

1236 2327 1396 2372 Procyon]
1425 2328 1540 2360 Cicero
1568 2329 1613 2373 (in
1634 2329 1764 2361 Arateis
1782 2329 1885 2372 466):

1220 2390 1436 2428 ».¹Itzlectl111⁰S,
1460 2390 1560 2435 Grnjo
1582 2392 1731 2434 Procyon
1750 2393 1807 2438 qni
1825 2392 1951 2422 nomine
1971 2390 2105 2433 ferlmnn

1159 2450 1351 2483 Accnratius
1394 2457 1499 2483 tamen
1543 2452 1699 2484 Geminus
1735 2452 1858 2493 signum
1897 2452 2063 2494 distinguit
2093 2467 2111 2485 a

1161 2515 1254 2546 stella
1285 2514 1466 2558 splendida,
1503 2528 1585 2559 quae
1610 2515 1642 2547 in
1666 2516 1735 2559 ipso
1764 2521 1912 2547 cernatur
1934 2516 2112 2561 eodemque

1160 2577 1286 2609 nomine
1307 2577 1455 2619 Procyon
1482 2577 1614 2610 dicatur.
