2310 2860
686 153 885 196 Martiani
923 152 1121 210 Capellae
1160 151 1231 193 lib.
1257 152 1332 194 VI.
1372 154 1401 204 §.
1427 152 1524 194 618.
2012 158 2094 198 2511

134 264 294 307 flexum
319 261 603 304 'occidentalis
634 261 757 318 plaga
795 261 933 302 omnis
970 259 1185 314 hodieque
1223 260 1462 315 navigatur.
1524 259 1638 301 Dum
1670 269 1813 302 autem
1844 261 1969 304 divus
2002 264 2091 305 Au-
2126 268 2212 308 618

132 354 279 401 gustus
303 345 432 386 classe
462 344 742 386 Germaniam
771 343 988 393 circuiret,
1021 341 1393 398 septentrionalem
1419 350 1553 383 totum
1581 343 1816 397 permeavit
1841 345 2089 398 Oceanum3

131 440 231 466 nam
265 426 454 481 primum
491 426 533 466 in
565 424 832 466 Cimbricum
865 423 1207 479 promontorium
1243 424 1436 475 veniens,
1490 438 1644 478 magno
1675 423 1829 465 dehine
1862 440 2088 480 permenso

130 507 239 548 mari
280 507 332 548 ad
369 507 611 563 Scythicam
648 507 816 563 plagam
858 520 906 546 ac
949 506 1130 560 rigentes
1162 504 1297 546 undas
1333 519 1471 559 usque
1504 505 1750 559 penetravit.
1810 506 1875 546 De
1907 505 2086 547 confinio
2117 507 2203 547 612)

130 590 229 630 item
262 589 314 631 ab
351 590 518 631 orientis
550 589 756 645 principio
787 597 827 629 et
850 587 995 627 Indico
1025 586 1134 628 mari
1160 601 1271 642 pars,
1304 599 1416 641 quac
1446 585 1580 640 pergit
1603 584 1645 624 in
1671 584 1872 640 Caspium
1900 601 2032 635 marc,
2065 601 2087 626 a

129 670 416 711 Macedonum
448 670 650 711 classibus
671 669 898 724 remigata,
929 667 1033 708 dum
1062 667 1265 709 Seleucus
1297 676 1336 708 et
1365 665 1598 707 Antiochus
1629 666 1927 721 regnavissent.
1961 666 2085 707 Palus

129 766 231 792 vero
263 751 470 792 Maeotica
508 750 700 805 ejusdem
741 749 856 790 sinus
897 747 1080 788 habetur
1119 748 1293 788 Oceani.
1366 748 1471 788 Item
1511 747 1622 787 laevi
1661 747 1801 788 lateris
1833 748 2084 789 circumflua
2118 742 2206 783 62³⁵

127 842 434 874 memorentur.
493 832 559 873 Ab
583 832 681 887 ipsis
711 831 855 885 itaque
881 829 1088 870 columnis
1118 828 1337 878 Herculis,
1370 842 1481 883 quae
1511 828 1554 868 in
1585 827 1794 868 Gaditano
1822 838 1919 868 sunt
1949 829 2082 869 littore

127 923 415 964 consecratae,
456 926 594 967 usque
629 913 671 952 in
711 910 921 953 Arabium
958 911 1098 951 sinum
1136 908 1397 951 meridianus
1429 910 1565 950 omnis
1596 918 1842 965 permeatur
1875 911 2085 963 Oceanus,

124 991 230 1031 sieut
265 992 460 1046 plurimis
492 1001 758 1032 asseveratur
790 991 1010 1046 exemplis.
1071 992 1185 1032 Nam
1219 991 1309 1044 ejus
1341 991 1576 1031 maximam
1611 999 1774 1046 partem
1807 990 1951 1046 Magni
1986 991 2086 1031 Ale·
2114 987 2194 1031 621

124 1071 276 1113 xandri
306 1072 529 1113 sulcavere
562 1072 774 1112 victoriae.
820 1071 870 1112 In
896 1071 1046 1112 eodem
1082 1071 1265 1113 Arabico
1291 1073 1386 1114 sinu
1418 1074 1639 1115 constituto
1665 1074 1768 1130 Cajo
1790 1074 1970 1116 Caesare
1993 1076 2082 1117 Au-

195 1261 288 1292 divus
306 1259 489 1306 Augustus]
516 1261 665 1294 Ridicule
687 1261 820 1302 erravit,
843 1261 919 1294 dum
934 1261 1076 1294 Plinium

121 1323 326 1364 exscriberet,
353 1325 408 1368 qui
428 1324 595 1368 »auspiciis
611 1323 772 1367 Augusti«
794 1325 1075 1369 septentrionalem

120 1386 288 1420 Oceanum
315 1387 497 1429 navigatum
527 1399 599 1419 esse
624 1388 737 1428 tradit,
769 1388 890 1419 Tiberii
913 1388 996 1419 enim
1024 1401 1076 1419 ex-

120 1449 317 1493 peditionem
338 1449 508 1491 significari
528 1455 632 1492 patet,
659 1449 751 1491 cujus
773 1450 908 1482 classem
928 1449 1075 1491 Vellejus

118 1512 308 1544 Paterculus
326 1513 374 1557 (2,
401 1513 486 1557 106)
507 1518 614 1544 narrat
636 1512 780 1545 »Oceani
798 1513 921 1549 sinibus
944 1513 1075 1545 circum-

117 1574 273 1616 navigatis
290 1575 328 1606 ab
352 1575 495 1606 inaudito
515 1581 609 1619 atque
633 1575 797 1617 incognito
823 1580 896 1607 ante
917 1575 996 1606 mari
1016 1576 1073 1606 ssu-

116 1635 200 1667 mine
226 1634 304 1667 Albi
329 1636 572 1669 circumventam
598 1640 706 1678 esse«,
735 1635 945 1681 Aneyranum
968 1642 1073 1669 autem

116 1706 357 1731 monumentum
385 1700 438 1743 (in
473 1700 622 1732 Oherlini
644 1700 756 1732 Tacito
783 1701 820 1732 T.
846 1701 893 1741 ΙΙ,
924 1714 958 1745 p.
981 1701 1073 1743 847)

112 1761 213 1801 jactat
238 1761 295 1792 »ab
323 1761 404 1793 ostio
433 1762 540 1793 Rheni
567 1762 606 1794 ad
638 1761 727 1794 Solis
755 1761 887 1794 orientis
908 1762 1073 1804 regionem

118 1834 218 1865 usque
235 1823 276 1854 ad
296 1823 382 1855 orbis
407 1829 547 1855 extrema
566 1824 750 1866 navigasse,
776 1836 840 1868 quo
863 1836 968 1868 neque
988 1830 1071 1856 terra

116 1896 220 1927 neque
251 1885 331 1916 mari
359 1885 528 1928 quisquam
551 1886 770 1917 Romanorum
795 1892 868 1917 ante
891 1886 923 1917 id
946 1892 1071 1930 tempus

116 1947 264 1988 adierit«,
292 1948 379 1991 quod
398 1959 511 1980 vereor
530 1960 570 1979 ne
593 1949 675 1979 male
696 1949 837 1980 Ulzcrtus
856 1948 907 1991 (T.
925 1949 957 1989 I,
978 1949 1017 1981 P.
1038 1951 1070 1990 1,

114 2023 144 2055 p.
164 2010 254 2054 189)
284 2011 323 2042 ad
348 2010 532 2043 Germanici
554 2017 687 2042 conatus
711 2011 828 2055 (Tacit.
855 2023 926 2043 ann.
945 2013 984 2053 2,
1008 2013 1069 2055 24)

114 2072 268 2105 retulerit.
295 2073 394 2115 Quod
415 2079 520 2104 autem
536 2078 646 2104 noster
665 2073 724 2104 nad
740 2073 925 2117 Scythicam
943 2075 1069 2118 plagam

115 2147 151 2167 ae
173 2134 312 2176 rigentes
334 2135 436 2165 undas
455 2146 556 2177 usque
573 2140 792 2178 penetratum«
815 2136 933 2176 scribit,
953 2136 1068 2168 iterum

115 2198 197 2229 male
224 2198 383 2230 intellexit
413 2198 570 2238 Plinium,
610 2198 664 2241 qui
695 2204 916 2243 »prospectum
944 2205 1067 2232 tantum

114 2265 168 2291 aut
190 2259 272 2290 sama
293 2259 454 2300 cognitum
475 2272 560 2292 marc
584 2260 790 2292 immensum«
814 2262 968 2305 perhibet.

186 2318 309 2364 perqit]
342 2320 427 2352 Vide
457 2333 498 2351 ne
527 2323 632 2365 vergit
665 2322 842 2365 scripserit,
878 2329 914 2355 ut
941 2323 1067 2356 Plinius

122 2395 212 2428 »pars
231 2388 298 2414 tota
321 2395 457 2427 vei-qens
481 2383 514 2414 in
535 2384 689 2428 Caspium
708 2398 821 2419 mare.«

186 2443 352 2490 Seleucus]
375 2444 534 2476 Patroclis
554 2446 631 2477 haec
651 2447 812 2490 expeditio
831 2453 895 2488 est,
918 2460 1011 2491 quam
1034 2453 1066 2480 et

112 2507 174 2539 alio
198 2507 270 2539 loeo
292 2506 344 2550 (6,
369 2506 430 2550 21)
452 2505 577 2537 Plinius
606 2507 720 2549 tangit:
740 2509 887 2541 »Etenim
907 2510 1065 2553 patefacta

115 2574 163 2600 est
194 2580 259 2601 non
293 2567 388 2600 modo
419 2566 598 2602 Alexandri
625 2568 735 2610 Magni
767 2571 862 2603 armis
888 2583 1064 2616 regumque

1126 1264 1183 1308 qui
1203 1265 1233 1297 ei
1257 1276 1458 1307 successere,
1482 1267 1701 1300 circumvectis
1725 1268 1819 1300 etiam
1835 1268 1868 1300 in
1886 1269 2083 1312 Hyrcanium

1127 1338 1213 1358 mare
1234 1332 1266 1358 et
1280 1327 1435 1371 Caspium
1459 1327 1598 1360 Seleuco
1622 1334 1654 1360 et
1671 1328 1835 1362 Antiocho
1853 1331 2077 1374 praefectoque

1126 1389 1238 1422 classis
1257 1402 1367 1422 eorum
1383 1391 1564 1423 Patrocle.«
1597 1393 1696 1424 Plura
1715 1393 1754 1424 de
1772 1393 1828 1425 illo
1846 1393 1973 1425 homine
1995 1394 2083 1425 dabit

1126 1452 1245 1486 Strabo
1267 1453 1320 1496 (2,
1346 1465 1375 1497 p.
1390 1455 1438 1485 68
1461 1465 1551 1498 sequ.
1578 1454 1742 1499 casaub).

1198 1513 1372 1560 Maeotica]
1396 1515 1517 1547 Multos
1538 1517 1599 1547 hoc
1621 1516 1794 1548 credidisse
1811 1521 1843 1547 et
1860 1516 1985 1547 Plinius
2006 1530 2079 1549 cou-

1124 1576 1243 1617 firmat,
1270 1578 1328 1609 sed
1353 1584 1387 1609 ut
1406 1578 1475 1622 ipse
1493 1579 1681 1610 sententiam
1698 1591 1763 1611 non
1778 1579 1928 1623 proferat.
1955 1576 2079 1615 ’.Ωκεα-

1123 1639 1197 1675 νοῦ
1218 1636 1424 1687 ἀπορῥοὴν
1449 1642 1590 1686 appellat
1614 1642 1773 1674 maximus
1801 1643 1917 1686 Tyrius
1938 1644 2016 1686 (52,
2042 1645 2078 1675 T.

1122 1701 1171 1742 Π,
1203 1715 1235 1746 p.
1255 1702 1323 1735 121
1357 1702 1490 1746 Reisk.).
1533 1703 1617 1736 Vide
1652 1703 1808 1735 Uhertum
1834 1704 1887 1747 (T.
1910 1705 1942 1745 Ι,
1975 1705 2014 1738 Ρ.
2039 1706 2078 1743 2,

1122 1777 1153 1809 p.
1174 1763 1272 1807 541).

1195 1822 1382 1870 sulcavere]
1409 1825 1536 1857 Plinius
1562 1826 1759 1867 lustravere,-
1790 1826 1847 1860 sed
1872 1827 1928 1861 illo
1955 1835 1985 1861 et
2005 1829 2076 1861 Vir-

1122 1885 1225 1928 gilius,
1239 1886 1340 1918 utitur
1363 1885 1461 1930 (Aen.
1477 1888 1515 1927 5,
1542 1888 1642 1931 158)=

1172 1966 1219 1971 —
1242 1953 1292 1980 »et
1313 1948 1408 1992 lonqa
1427 1948 1553 1979 sulcant
1573 1950 1657 1980 vada
1679 1951 1766 1982 salsa
1787 1953 1916 1984 carina·

1121 2016 1153 2042 et
1177 2010 1376 2043 Claudianus
1398 2011 1461 2055 (VI
1487 2023 1574 2043 cons.
1600 2013 1688 2044 lion.
1706 2014 1808 2057 576)=

1177 2074 1316 2106 „Classis
1343 2080 1381 2106 ut
1403 2081 1517 2107 aurato
1537 2076 1678 2108 sulcaret
1705 2079 1824 2121 reniiqe
1844 2077 1994 2120 fluetus«

1196 2137 1232 2170 C.
1261 2137 1414 2183 Caesare]
1443 2139 1492 2170 De
1518 2139 1576 2171 hae
1602 2139 1640 2172 C.
1663 2139 1829 2181 Caesaris,
1860 2139 2001 2182 Augusti
2022 2152 2073 2172 ne-

1119 2198 1203 2241 potis
1241 2211 1277 2231 ae
1304 2199 1361 2230 filii
1388 2198 1545 2243 adoptivi,
1589 2201 1793 2244 expeditione
1828 2200 1968 2234 Arabica
1990 2202 2071 2244 (Dio

1119 2261 1211 2293 Cass.
1227 2263 1286 2303 55,
1311 2262 1383 2307 11),
1411 2262 1537 2295 Plinius
1560 2264 1613 2308 (6,
1637 2264 1700 2308 52)
1721 2265 1884 2298 volumina
1904 2263 2068 2307 scripsisse

1119 2323 1215 2354 tradit
1244 2328 1276 2354 et
1305 2323 1425 2355 Juham
1456 2325 1666 2358 Mauritaniae
1686 2338 1792 2367 regem
1820 2330 1852 2356 et
1879 2324 2068 2367 Dionysium

1119 2383 1340 2416 Characcnum
1376 2390 1548 2417 »terrarum
1581 2387 1667 2418 orbis
1703 2386 1783 2418 situs
1816 2385 2067 2418 recentissimum

1115 2450 1293 2486 auctorem,
1319 2457 1414 2489 quem
1436 2447 1476 2478 ad
1502 2447 1743 2479 commentanda
1766 2447 1870 2478 omnia
1893 2446 1926 2476 in
1951 2445 2065 2478 Orien-

1113 2514 1178 2540 tem
1195 2508 1394 2552 praemiscrit
1411 2509 1502 2542 divus
1515 2509 1695 2552 Augustus,
1720 2509 1803 2540 ituro
1828 2509 1859 2539 iu
1881 2507 2064 2542 Armeniam

1113 2572 1152 2603 ad
1176 2571 1343 2605 Parthicas
1365 2571 1585 2617 Arabicasqne
1610 2584 1661 2605 res
1689 2572 1806 2613 majore
1833 2571 1925 2605 filia«
