2310 2860
168 220 256 261 72:¹21

742 213 941 255 Martiani
972 210 1171 266 Capellae
1200 210 1273 251 lib.
1293 208 1372 251 IX.
1403 210 1434 261 §.
1456 209 1558 250 950.

172 328 246 381 qui
277 340 328 366 ex
358 322 526 364 duobus
557 321 667 361 sonis
701 319 878 361 diversis
909 319 1016 359 inter
1046 333 1090 358 se
1119 317 1302 358 invicem
1338 317 1595 370 continetur3
1640 315 1920 358 hemitonium
1951 318 2119 369 dicitur,

172 406 290 463 quod
319 404 404 445 toni
435 402 627 444 medium
655 410 787 453 tenet3
819 399 941 440 diesis
966 412 1069 439 vero
1100 396 1318 437 distantiae
1348 406 1446 437 sunt
1477 406 1573 438 tres.
1631 397 1743 438 Nam
1772 397 1911 452 prima
1934 397 2119 449 brevior,

173 499 283 540 quae
322 482 607 524 tetartemoria
658 481 930 530 nominatur,
987 493 1040 519 ex
1089 492 1138 518 eo
1177 476 1295 531 quod
1343 487 1540 531 quartam
1586 485 1750 532 partem
1797 477 1881 517 toni
1927 476 2122 532 recipiat3

171 565 442 606 enarmonios
474 577 649 618 quoque
680 562 834 603 dicitur
864 570 1089 617 propterea
1136 558 1255 614 quod
1285 560 1564 600 enarmonion
1602 558 1852 600 modulandi
1882 572 2014 613 genus
2047 573 2124 613 per

171 647 284 688 hanc
322 645 510 686 maxime
549 643 810 684 dimetimur.

869 641 1063 684 Secunda
1096 641 1148 681 ab
1178 641 1250 681 illa
1279 640 1417 694 major
1462 639 1541 690 est}
1580 654 1681 680 nam
1720 639 1953 680 tritemoria
1983 639 2124 680 nomi-

170 736 321 776 natur,
371 726 575 780 quoniam
608 723 737 764 habet
767 732 932 776 partem
971 720 1136 761 tertiam
1184 720 1292 771 toni;
1343 719 1533 774 itemque
1574 719 1834 760 chromatice
1867 720 2125 775 appellatur,

173 806 291 861 quod
327 806 636 847 chromaticum
667 802 917 845 modulandi
961 814 1093 856 genus
1131 815 1207 856 per
1249 800 1385 856 ipsam
1428 800 1615 841 finditur.

1682 801 1828 842 Tertia
1862 816 1964 843 vero
1996 800 2023 841 h
2030 800 2124 840 abet

170 887 257 927 toni
293 887 456 926 tertiam
494 895 658 941 partem
701 899 748 924 ac
784 883 1002 924 dimidiam
1045 881 1211 931 tertiae,
1255 890 1295 921 et
1332 888 1510 922 vocatur
1555 879 1757 922 hemiolia
1794 889 1834 921 et
1872 880 2123 921 harmoniae

170 966 344 1018 divisio,
386 966 591 1021 quoniam
622 965 812 1006 hemiolii
844 962 1023 1004 modum
1056 961 1251 1016 complet.

169 1074 310 1119 Reisk.),
340 1073 517 1106 Aristidem
544 1074 587 1118 (p.
609 1073 683 1117 14),
712 1073 885 1105 Bacchium
907 1073 950 1116 (p.
967 1072 990 1102 2
1011 1069 1125 1113 Meib.)

170 1144 247 1178 εἴα,
272 1138 355 1171 uude
381 1139 498 1170 sactum
522 1144 571 1169 est
587 1143 622 1169 ut
637 1137 730 1168 etiam
757 1149 814 1181 pro
838 1135 1012 1168 hemitonio
1034 1146 1124 1165 usur-

170 1207 315 1245 paretur,
345 1207 380 1232 ut
410 1202 442 1232 in
473 1202 648 1242 fragmento
675 1200 813 1231 Philolai
842 1200 925 1241 apud
949 1198 1125 1229 Stobaenm

171 1262 215 1305 (p.
232 1262 306 1293 466
330 1262 502 1303 Heeren.),
528 1261 583 1291 ubi
611 1261 767 1291 immerito
794 1261 897 1290 haesit
923 1258 1127 1290 doctissimus

171 1325 290 1363 editor,
322 1325 402 1355 adde
419 1325 583 1355 Thoonem
603 1324 654 1366 (de
676 1335 755 1354 mns.
772 1323 892 1366 p.77),
912 1321 1125 1353 Censorinum

171 1387 224 1431 (de
249 1386 300 1416 die
324 1391 387 1416 nat.
416 1387 478 1425 10,
505 1383 556 1426 7),
583 1389 614 1414 et
630 1383 827 1416 Macrobium
850 1383 895 1425 (in
920 1394 1020 1413 somn.
1039 1381 1127 1423 Seip.

171 1450 211 1489 2,
248 1448 292 1490 1).

170 1510 221 1541 vel
241 1509 407 1540 evanuisse
429 1508 596 1539 videbatur
618 1507 745 1538 minima
761 1507 815 1538 illa
831 1518 905 1549 pars
929 1506 1009 1545 toni,
1035 1501 1128 1539 ἀπό·

345 1447 433 1489 Qnid
460 1447 546 1490 qnod
582 1446 742 1490 posterius
777 1445 905 1476 omnino
933 1444 1129 1487 diSparnisse

171 1573 295 1607 λωλεν
312 1572 352 1607 ἑκ
369 1570 441 1616 τῆς
456 1568 646 1616 ἡμετέρας
660 1566 897 1615 αἱόθήόεως,
925 1574 960 1600 ut
980 1569 1023 1600 ait
1040 1569 1127 1600 Pho-

170 1637 234 1667 tius
260 1635 312 1678 (in
333 1635 408 1666 bibl.
433 1647 463 1665 n.
486 1635 576 1673 242,
605 1647 634 1677 p.
654 1635 726 1665 560
752 1632 963 1675 Iloesehel.)‚
994 1632 1066 1664 vide
1095 1638 1128 1663 et

170 1698 370 1732 Maerobinm
391 1698 436 1740 (in
461 1710 564 1730 somn.
589 1696 676 1739 Scip.
699 1696 738 1735 2,
761 1695 808 1737 71).

247 1766 342 1790 tenus
359 1758 428 1803 est]
455 1757 584 1789 Euclidi
607 1757 651 1799 (p.
671 1757 693 1786 2
713 1755 823 1798 Mem.)
850 1761 899 1786 est
924 1753 1048 1794 τόπος
1067 1765 1127 1794 τις

171 1818 244 1864 τῆς
279 1818 417 1865 φωνῆς
450 1815 620 1855 δεκτικὸς
650 1813 897 1861 συστήματος
931 1812 1123 1860 ἀπλατής.

171 1882 311 1914 Uberius
339 1881 499 1913 Aristides
527 1880 764 1924 Quinctilianus
796 1880 845 1923 (p.
866 1879 947 1923 22):
978 1880 1124 1911 »Tenum

171 1943 206 1975 in
224 1943 344 1974 musica
366 1943 531 1986 tripliciter
554 1942 767 1985 appellamus:
791 1947 845 1972 aut
868 1941 952 1972 enim
974 1947 1023 1972 est
1041 1941 1124 1971 idem

172 2004 260 2048 quod
293 2004 412 2043 tensio,
457 2009 511 2034 aut
547 2008 632 2034 certa
667 2003 774 2045 aliqua
809 2002 897 2034 vocis
927 2002 1123 2043 magnitudo,

172 2067 219 2098 nti
238 2079 299 2110 qna
324 2079 339 2097 a
358 2067 504 2109 diapente
520 2071 688 2110 superatur
707 2065 919 2105 diatessaron,
939 2071 992 2096 aut
1010 2066 1124 2096 modus

173 2128 412 2171 systematieus,
450 2132 486 2158 nt
508 2127 630 2170 Lydius
657 2132 712 2158 aut
736 2127 923 2170 Phrygius«
955 2126 1049 2159 Nune
1075 2138 1123 2158 se-

172 2189 276 2221 cunda
302 2188 488 2229 significatio
514 2188 608 2219 valet.

244 2254 386 2296 leyitima
406 2250 604 2299 quantitate]
631 2252 698 2283 Per
721 2251 891 2293 legitimam
916 2252 1124 2296 quantitatem

172 2316 328 2347 rationem
348 2315 485 2359 epogdoi
501 2314 653 2356 intellige.
670 2314 778 2346 Gloss.
792 2315 951 2347 Gn0T.-—
969 2316 1059 2347 Ilaec
1076 2321 1125 2347 est

173 2377 254 2409 ratio
271 2382 489 2420 superoctava.
512 2376 667 2409 Glossae:
687 2375 783 2406 »ratio
797 2377 968 2419 epogdoiu,
987 2377 1126 2408 seriben-

174 2439 248 2470 dum
265 2438 617 2482 epwdomsslmnoan—
631 2437 716 2469 Vide
737 2448 797 2468 nos
816 2439 960 2480 superins
980 2438 1124 2482 (ἓ.108)

175 2506 206 2532 et
228 2501 426 2532 Boeekhium
446 2501 493 2545 (in
516 2500 670 2534 Creuzeri
691 2500 773 2531 stud.
791 2501 828 2531 T.
846 2501 910 2539 m,
937 2514 966 2544 p.
985 2501 1057 2544 58).

247 2565 343 2595 diesis
371 2563 467 2609 vero]
506 2564 544 2595 In
573 2564 622 2595 his
648 2562 878 2595 Aristoxenum
909 2569 981 2594 ante
1013 2563 1125 2595 oeulos

173 2626 321 2658 habuisse
347 2627 491 2669 videtur,
531 2628 622 2669 enjus
661 2626 836 2660 doctrinam
865 2627 952 2659 hisee
983 2638 1124 2672 eompre-

1177 1069 1288 1101 hendit
1309 1068 1468 1100 Boethius
1489 1067 1548 1112 (de
1576 1080 1655 1100 mus.
1683 1081 1715 1112 p.
1736 1067 1862 1111 1477)=
1881 1068 2022 1099 »Dixidit
2042 1067 2125 1099 enim

1176 1138 1287 1164 tonum
1308 1132 1342 1164 in
1367 1133 1445 1164 duas
1474 1137 1596 1176 partes,
1624 1138 1719 1175 atque
1738 1132 1771 1163 id
1794 1134 1994 1163 semilonium
2015 1136 2125 1170 vocat,

1177 1195 1288 1226 difidit
1311 1195 1343 1225 in
1365 1200 1430 1226 tres
1462 1200 1585 1238 partes,
1626 1195 1717 1238 etl-{us
1747 1195 1872 1225 tertiam
1902 1195 2005 1225 diesin
2033 1199 2125 1225 vocat

1178 1259 1348 1290 chromatis
1367 1258 1491 1297 mollis,-
1517 1257 1628 1289 dividit
1645 1257 1677 1287 in
1700 1263 1847 1300 quatuor,
1873 1257 2124 1300 eujnsuluartam

1178 1333 1249 1352 eum
1280 1320 1406 1363 propria
1434 1320 1618 1359 medietate,
1651 1319 1683 1349 id
1712 1325 1762 1350 est
1793 1331 1864 1350 cnm
1894 1325 2004 1350 octava
2027 1319 2126 1349 totius

1178 1383 1262 1422 toni,
1303 1382 1443 1425 appellat
1478 1383 1581 1413 diesin
1606 1382 1776 1413 chromatis
1802 1383 1941 1414 hemiolii
1949 1395 1962 1421 3
1998 1393 2124 1412 rursum

1179 1446 1279 1477 solam
1315 1450 1458 1488 quartam
1490 1445 1561 1486 ejus
1592 1450 1686 1476 vocat
1719 1446 1822 1477 diesin
1851 1446 2120 1476 enharmonium«

1179 1507 1300 1539 Confer
1324 1506 1426 1548 ipsinn
1454 1505 1684 1537 Aristoxenum
1713 1507 1758 1550 (in
1782 1506 1872 1537 elem.
1896 1508 1995 1538 hai-m.
2016 1519 2047 1550 p.
2064 1506 2127 1549 liss)

1178 1573 1210 1599 et
1239 1567 1411 1599 Claudium
1443 1567 1664 1598 Ptolemaeum
1689 1567 1734 1611 (in
1756 1568 1898 1599 hal-mon.
1924 1569 1962 1607 1,
1985 1567 2054 1610 12).

1252 1626 1455 1673 chromatice]
1475 1627 1589 1660 Scribe
1606 1629 1819 1660 chromatica.-
1836 1629 2024 1660 subanditur
2043 1628 2127 1659 enim

1179 1691 1488 1723 diesis.1t1mnm1.—-
1512 1690 1560 1722 At
1583 1702 1640 1722 eur
1666 1691 1791 1724 Graeca
1810 1692 1911 1723 forma
1936 1691 1982 1723 uti
1997 1691 2127 1725 Martia·

1177 1766 1253 1785 num
1271 1754 1518 1796 prohibeamus?

1252 1817 1346 1847 tertia
1369 1813 1457 1860 vero]
1484 1815 1559 1847 Hoc
1579 1815 1673 1859 plane
1698 1816 1828 1855 falsum,
1855 1816 1998 1859 quamvis
2018 1815 2128 1860 scripti

1176 1876 1302 1909 codices
1337 1889 1437 1921 aeque
1474 1889 1510 1909 ae
1544 1877 1620 1908 editi
1655 1879 1736 1908 hane
1772 1877 1943 1909 lectionem
1971 1878 2128 1919 ingerant.

1174 1940 1325 1972 Restituo
1352 1946 1492 1973 veterem
1518 1952 1553 1971 ae
1582 1952 1778 1982 germanam,
1813 1953 1918 1984 neque
1955 1941 2039 1973 enim
2063 1946 2126 1972 tam

1176 2016 1312 2035 crassam
1330 2004 1538 2045 ignorantiam
1555 2003 1708 2047 Capellae
1726 2004 1908 2047 imputabo:
1926 2004 2037 2036 »tertia
2051 2015 2127 2035 vero

1175 2068 1272 2098 hahet
1294 2067 1362 2098 toni
1396 2073 1539 2111 quartam
1565 2073 1687 2111 partem
1715 2079 1752 2099 ae
1776 2067 1935 2099 dimidiam
1960 2073 2119 2111 quartae«

1173 2130 1336 2162 Hemiolia
1356 2130 1474 2174 quippe
1501 2130 1598 2173 ‘¹³⁰5ss
1620 2131 1717 2162 habet
1739 2130 1972 2173 quatum-semis
1991 2129 2124 2161 dodeca-

1175 2193 1322 2234 temoria,
1349 2205 1406 2225 seu
1434 2193 1638 2225 duodecimas
1663 2193 1731 2224 toni
1757 2199 1878 2236 partes,
1905 2193 1937 2223 id
1965 2197 2014 2223 est
2033 2204 2126 2235 quar—

1175 2260 1240 2286 tam
1264 2260 1385 2298 partem
1415 2254 1483 2285 toni
1514 2260 1546 2285 et
1568 2259 1698 2298 quartae
1719 2253 1898 2293 dimidiam,
1932 2253 2070 2297 ideoque
2094 2259 2126 2285 et

1177 2316 1223 2347 sie
1262 2315 1346 2346 idem
1379 2315 1549 2347 enunciare
1580 2314 1754 2358 potuisset:
1780 2314 1892 2346 »tertia
1924 2326 1999 2346 vero
2031 2315 2126 2346 habet

1176 2375 1423 2409 tetartemoriam
1441 2375 1544 2406 diesin
1566 2375 1699 2417 ejusque
1718 2374 1904 2406 dimidiam«
1929 2376 2071 2407 Meteon.

1251 2435 1456 2481 harmoniae]
1483 2437 1581 2467 Pater
1605 2435 1732 2477 conjicit
1759 2447 1818 2467 nex
1842 2436 2024 2468 harmoniae
2048 2436 2125 2467 divi-

1178 2501 1293 2533 sione«
1331 2501 1428 2531 Forte
1453 2505 1556 2530 tamen
1583 2505 1631 2530 »et
1656 2499 1838 2532 harmonice
1860 2499 1991 2531 divisio«
2018 2500 2125 2542 legen·

1177 2565 1250 2596 dnm
1281 2564 1337 2604 sit,
1368 2575 1440 2595 nam
1469 2562 1635 2594 hemioliee
1658 2563 1822 2607 proportio
1850 2563 2029 2607 appellatur
2053 2565 2123 2595 har-

1176 2628 1320 2669 monica,
1348 2632 1382 2659 nt
1409 2626 1610 2672 sesquitertIa
1633 2625 1826 2660 arithmetica
1849 2626 1931 2671 apud
1949 2627 2124 2659 Romanos.
