2310 2860
663 173 861 217 Martiani
898 173 1097 231 Capellae
1135 173 1208 219 lib.
1232 173 1286 217 ΙΙ.
1326 174 1357 227 §.
1382 172 1476 217 167.

1985 178 2072 223 221

118 294 249 336 quem
295 280 422 322 etiam
459 281 603 323 Ditem
646 281 947 336 Vejovemque
982 280 1141 323 dixere.
1211 280 1355 338 Ipsam
1387 295 1563 338 quoque
1594 292 1774 337 terram,
1811 299 1899 341 qua
1929 285 2073 328 homi-

114 364 239 404 nibus
268 364 384 405 invia
415 373 495 415 est,
541 364 772 405 referciunt
814 363 1124 418 longaevorum
1167 361 1308 414 chori,
1358 363 1434 418 qui
1464 363 1654 407 habitant
1684 367 1834 420 silvas,
1879 383 2071 420 nemora,

115 442 255 494 lucos,
287 443 425 496 lacus,
457 444 616 497 fontes,
657 458 706 485 ac
734 442 914 493 fluvios,
946 442 1302 498 appellanturque
1331 443 1487 496 Panes,
1524 446 1684 498 Fauni,
1722 449 1881 500 Bonos,
1913 451 2070 506 Satyri,

112 615 174 648 que
194 604 336 637 sollertia
356 606 500 650 poeticae
515 606 763 638 adumbrationis
778 603 971 650 (sollertium
989 609 1064 648 poe-

110 672 213 700 tarum
230 669 442 715 adumbratio)
461 671 569 702 allusit
590 676 724 701 tractum
746 669 1064 713 Pyliphlegethouta,

109 737 204 775 atque
227 733 423 774 animarum,
451 746 530 778 quas
551 734 676 767 Vedius
703 733 890 776 adjudicarit
916 733 991 777 (ipsi
1018 732 1064 764 ni-

108 793 222 826 mirum
247 795 505 840 Phlegethonti),
538 796 683 839 impietas
714 796 759 840 (id
786 802 835 827 est
860 796 980 827 animae
1007 795 1062 827 im·

106 856 193 900 piae)
218 858 350 901 perenni
369 858 503 901 strepitu
529 858 561 889 in
587 870 626 889 eo
650 858 791 890 volutata
817 858 1008 891 colliditur.«

185 920 268 950 idem
287 918 421 964 Pluton]
448 920 497 951 Ita
520 920 620 951 codex
643 920 812 961 Hugianus
835 926 867 951 et
890 921 1061 952 Monacen-

107 980 151 1011 sis
174 980 238 1024 (B).
265 980 360 1013 Alius
382 980 438 1026 (E)
464 981 604 1013 »Pluton
625 982 727 1013 idem«
751 983 856 1014 hahet.
884 983 1061 1026 Utrumque

991 1044 1060 1076 Nee

105 1105 151 1138 sic
172 1118 305 1138 neccsse
327 1107 402 1147 erit,
426 1119 497 1138 eum
521 1107 637 1139 Grotio
661 1107 821 1149 glossema
843 1113 991 1139 statuere.

104 1042 219 1073 melius
252 1055 346 1086 quam
380 1043 590 1075 Grotianum:
619 1044 675 1075 »ld
714 1050 764 1075 est
792 1044 941 1075 Pluton«

180 1167 312 1212 terram]
339 1168 456 1200 Nullus
483 1168 593 1200 dubito
616 1168 674 1209 iis,
698 1181 779 1212 quae
809 1180 894 1201 nune
920 1181 1058 1212 sequun-

103 1236 169 1271 tur,
197 1243 305 1263 ansam
325 1232 510 1275 praebuisse
527 1232 636 1264 Ovidii
656 1245 780 1273 versus,
800 1233 855 1264 uhi
869 1233 963 1264 Jovis
981 1235 1059 1266 llaec

103 1292 201 1324 refert
222 1293 309 1336 (met.
332 1295 364 1333 1,
389 1293 473 1337 192)
499 1294 610 1325 verba:

165 1353 269 1387 »Sunt
286 1355 365 1386 mihi
377 1354 529 1393 Semidei,
552 1361 630 1387 sunt
650 1357 772 1387 rustica
793 1357 940 1394 numina,
959 1356 1058 1398 Bym-

498 1419 580 1461 phae

148 1479 322 1527 Faunique
342 1479 516 1528 Satyrique
535 1487 566 1513 et
585 1481 774 1513 monticolae
792 1480 929 1523 Sylvani
938 1495 947 1512 .-

152 1541 240 1584 Quos
264 1544 416 1589 quoniam
446 1543 525 1574 coeli
552 1544 694 1574 nondum.
719 1543 890 1585 (liquantur
916 1544 1055 1581 honore,

150 1602 240 1645 Quas
263 1603 408 1635 dedimus
434 1609 518 1635 certe
544 1609 643 1635 terras
669 1604 815 1635 habitare
840 1605 1014 1635 simmms.«

98 1664 300 1708 Quibuscum
323 1665 432 1708 plures
456 1664 551 1696 etiam
575 1665 733 1707 ejusmodi
749 1666 828 1696 deos
852 1665 936 1697 idem
958 1671 1054 1710 poeta

98 1728 176 1771 (Ibis
201 1727 262 1771 81)
286 1728 476 1772 alloquitur:

154 1792 242 1823 »Vos
273 1805 398 1839 qnoque
429 1793 518 1837 plebs
548 1793 701 1836 superam
733 1792 847 1825 Fauni
878 1792 1053 1840 Satyrique

495 1857 661 1902 Lar-esque

146 1916 363 1964 Fluminaque
394 1922 426 1948 et
449 1917 617 1960 Nymphae
640 1917 887 1964 Semidezimque
914 1930 1044 1962 glenus«

94 1979 203 2023 (Adde
226 1980 358 2024 insuper
382 1986 508 2022 metam.
536 1982 576 2020 6,
601 1980 700 2023 592).

169 2053 234 2088 qua
265 2040 467 2086 hominibus]
508 2041 666 2083 Vulgatae
704 2054 802 2086 »quae
842 2042 1043 2075 hominibus«

93 2104 229 2147 praetuli
252 2105 339 2136 illam
364 2105 535 2136 lectionem
560 2117 654 2149 quam
672 2105 802 2148 plurimi
822 2107 976 2149 praebent
999 2119 1051 2140 co-

94 2166 195 2208 dices,
229 2168 472 2201 Monacensium
495 2174 633 2212 quatuor
653 2169 705 2213 (B.
721 2168 759 2201 C.
774 2169 815 2200 Ι).
828 2169 888 2213 Ε),
915 2170 1049 2204 Vossia-

94 2239 154 2259 nus
181 2227 307 2272 (Arntz.
333 2230 422 2262 misc.
456 2242 488 2274 p.
512 2230 616 2274 212),
656 2230 940 2273 Dal-mstatteusis,
976 2232 1049 2264 Bri-

94 2290 260 2332 tannicus,
294 2292 587 2340 Cantabrigiensisp
617 2299 650 2325 et
673 2281 925 2336 Bongarsianus.
967 2297 1051 2328 Rem

94 2351 194 2394 ipsam
211 2353 358 2394 tetigerat
373 2354 442 2396 jam
455 2353 576 2387 Accius
601 2356 687 2400 apud
703 2356 901 2389 Mam-obium
919 2356 1001 2401 (Sat.
1017 2359 1052 2398 6,

95 2414 130 2457 5)
154 2426 265 2446 versu:

151 2478 214 2510 „Et
239 2480 510 2517 nurieKsilvicolae
530 2481 639 2522 ignota
662 2485 838 2516 invisentes
864 2485 965 2517 locam

166 2538 288 2584 Panes]
315 2540 528 2573 Discerneudi
547 2543 693 2576 nimirum
713 2557 732 2576 a
747 2546 857 2587 Pane,
884 2546 939 2590 qui
961 2546 1044 2578 inter

92 2600 246 2635 maximos
267 2602 403 2635 refertur
422 2602 511 2644 deos,
536 2603 570 2635 hi
588 2603 727 2638 minores
744 2611 777 2640 et
790 2606 936 2642 semidei
957 2613 1042 2649 sunt,

1115 602 1241 648 Satyris
1254 604 1441 649 plerumque
1459 604 1568 650 (ovid.
1585 607 1656 640 fast.
1676 608 1708 648 1,
1728 609 1820 650 5973
1840 610 1905 641 her.
1923 609 1958 651 4,
1987 611 2071 649 171,

1114 672 1188 698 met.
1211 667 1273 707 14,
1298 666 1385 711 658)
1402 667 1516 709 juncti.

1189 727 1310 773 Fanni]
1337 728 1393 760 Ad
1422 731 1506 763 hunc
1528 730 1627 762 Ennii
1652 743 1797 775 versum,
1829 745 1925 777 quem
1954 733 2069 767 Cicero

1113 792 1189 836 (div.
1218 793 1256 833 -1,
1287 791 1347 836 50)
1372 793 1497 834 laudat,

1171 853 1341 886 »Versibu'
1360 867 1441 902 quos
1461 857 1534 887 olim
1553 857 1684 898 Fauni,
1710 864 1864 907 vatesque
1886 861 2062 894 canebant«

1112 916 1218 950 Varro
1254 918 1306 962 (L.
1327 919 1365 950 L.
1392 921 1432 959 6,
1465 920 1526 963 22)
1558 921 1720 954 observat:
1752 923 1874 956 »Fauni
1904 925 1955 956 dei
1981 925 2070 957 Lati-

1111 991 1242 1021 norum,
1264 980 1308 1012 ita
1328 986 1363 1012 ut
1382 981 1512 1013 Faunus
1536 988 1567 1014 et
1582 983 1693 1015 Fauna
1715 985 1795 1026 sint3
1824 987 1885 1018 lios
1910 987 2068 1030 versibus,

1112 1054 1193 1086 quos
1231 1048 1346 1074 vocant
1380 1043 1568 1085 Saturnios,
1595 1045 1630 1076 in
1662 1046 1863 1080 silvestribus
1892 1049 1972 1082 loeis
2006 1056 2070 1082 tra·

1111 1104 1211 1135 ditum
1232 1110 1282 1136 est
1304 1105 1417 1136 solitos
1438 1099 1522 1148 fari}-
1544 1119 1561 1138 a
1578 1119 1642 1151 quo
1658 1109 1760 1152 fando
1775 1110 1907 1142 Faunos
1926 1112 2062 1143 dictos«.

1110 1166 1209 1211 (Add.
1234 1167 1316 1200 Aur.
1342 1168 1428 1201 Vict.
1461 1181 1506 1201 or.
1539 1176 1626 1212 gent.
1651 1173 1685 1203 4.
1712 1173 1860 1206 Laetant.
1890 1177 1929 1216 1,
1968 1177 2013 1207 15
2036 1182 2069 1207 ct

1109 1229 1223 1273 Pomp.
1243 1230 1334 1262 Laet.
1355 1231 1395 1262 de
1418 1232 1574 1264 sacerdot.
1601 1234 1631 1265 1.
1655 1233 1688 1265 in
1711 1235 1878 1278 Clausing.
1895 1237 1959 1278 jur.
1979 1238 2070 1282 publ.

1108 1292 1133 1323 Ι.
1160 1305 1190 1336 p.
1215 1293 1288 1336 87).
1326 1293 1606 1336 Quemadmodum
1633 1296 1737 1328 Varro
1760 1298 1931 1330 obscurum
1961 1299 2007 1330 eis
2034 1300 2067 1332 in

1111 1355 1311 1386 silvestribus
1342 1356 1423 1388 locis
1454 1357 1648 1390 domicilium
1676 1361 1837 1402 adsignat,
1872 1363 1916 1394 ita
1940 1363 2068 1395 Plinius

1108 1419 1186 1461 (50,
1216 1419 1280 1459 10,
1304 1418 1367 1462 24)
1392 1420 1476 1451 inter
1499 1427 1674 1454 nocturnos
1702 1424 1781 1455 deos
1805 1425 1936 1457 Faunos
1960 1428 2066 1459 refert.

1107 1479 1223 1512 Cicero
1256 1479 1395 1523 denique
1420 1480 1473 1524 (N.
1497 1482 1541 1515 1).
1559 1483 1599 1522 5,
1629 1484 1652 1515 G
1678 1483 1713 1527 f.)
1737 1485 1900 1517 »Faunum
1923 1489 2000 1531 quid
2025 1489 2067 1519 sit

1687 1546 1801 1589 (conf.
1834 1547 1981 1581 Ger-hard
2011 1550 2065 1582 del

1106 1602 1159 1634 dio
1182 1603 1296 1635 Fauno
1319 1615 1337 1634 e
1365 1603 1417 1635 dei
1446 1605 1518 1635 suoi
1543 1606 1680 1646 seguaci.
1710 1608 1804 1639 Rom.
1828 1609 1952 1653 1825).

1107 1542 1236 1573 omnino
1268 1553 1302 1573 se
1334 1542 1459 1574 nescire
1487 1544 1630 1575 satetum

1179 1664 1300 1711 Fones]
1327 1665 1417 1707 Lege
1451 1668 1618 1699 »Fontes.«
1652 1669 1741 1701 Citat
1764 1675 1871 1703 tamen
1900 1672 2063 1716 Gyraldus

1111 1728 1269 1768 »Fines«,
1299 1728 1386 1772 quod
1403 1740 1469 1761 non
1490 1729 1653 1774 improbo,
1688 1731 1715 1762 si
1738 1744 1797 1776 pro
1820 1734 1963 1766 terminis
1983 1735 2063 1768 acci-

1103 1791 1183 1835 pias.
1215 1790 1283 1822 Per
1313 1790 1428 1822 »Fines
1453 1791 1614 1833 juratum«
1644 1793 1742 1824 refert
1772 1794 1884 1827 Livius
1914 1797 1972 1829 hae
2000 1797 2062 1829 t'or-

1103 1852 1206 1884 mula:
1236 1851 1342 1884 »Audi
1369 1852 1516 1896 Jupiter,
1547 1854 1654 1886 audite
1684 1855 1804 1896 Fines,
1832 1858 1941 1889 audiat
1962 1858 2054 1891 Fusm

1104 1916 1225 1948 Glossa
1248 1921 1354 1948 tamen
1369 1916 1501 1948 Isidori:
1519 1917 1657 1960 mones,
1683 1919 1727 1951 dii
1745 1920 1938 1953 silvestres«
1956 1923 2061 1955 Gau-r.

1102 1979 1241 2012 varians
1263 1979 1359 2010 lectio
1385 1985 1435 2010 est
1462 1980 1566 2012 Fom':
1592 1981 1649 2012 sed
1672 1981 1851 2014 Salmasius
1880 1984 1934 2028 (ad
1955 1984 2059 2017 Solin.

1101 2042 1402 2087 1›.414)scriptum
1424 2044 1522 2076 refert
1547 2041 1679 2085 Πόνος
1702 2059 1761 2091 pro
1786 2044 1938 2089 Πάνος,
1958 2049 2059 2081 addit-

1101 2120 1182 2152 que:
1205 2107 1297 2139 »inde
1329 2107 1482 2140 Latinum
1511 2109 1624 2141 Fontes
1632 2133 1644 2148 ,
1675 2115 1707 2141 et
1739 2111 1840 2143 veteri
1865 2124 1954 2145 more
1982 2113 2058 2145 seri-

1099 2169 1197 2201 bendi
1222 2169 1386 2201 Faunus.«
1428 2170 1589 2214 Equidem
1611 2183 1678 2203 non
1699 2184 1911 2216 repugnarem
1936 2175 1963 2206 si
1985 2175 2057 2219 quis

1100 2231 1274 2263 variantem
1295 2231 1467 2263 lectionem
1489 2232 1591 2273 Fami,
1624 2245 1719 2278 quam
1748 2234 1882 2267 Grotius
1912 2236 1952 2268 ad
1974 2248 2054 2267 mar-

1103 2296 1207 2338 ginem
1237 2295 1364 2337 rejecit,
1402 2296 1598 2341 praetulerit.
1643 2297 1740 2329 Certe
1772 2299 1887 2331 melius
1920 2299 1952 2330 id
1982 2310 2053 2330 esse

1103 2370 1290 2400 censemus,
1318 2371 1413 2403 quam
1440 2359 1547 2392 Grotii
1579 2361 1626 2392 uti
1649 2362 1850 2404 conjectura,
1878 2373 1958 2404 quac
1982 2361 2051 2391 nul-

1096 2423 1159 2455 lius
1179 2422 1298 2455 codicis
1326 2423 1514 2455 auctoritate
1536 2424 1659 2457 firmata
1682 2430 1741 2457 est.

1168 2483 1298 2530 Satyri]
1324 2485 1376 2517 De
1409 2486 1449 2517 iis
1475 2486 1580 2518 omnia
1613 2486 1742 2527 collegit
1768 2485 1979 2517 Casaubonus
2002 2486 2049 2530 (in

1093 2547 1205 2579 notiss.
1222 2558 1334 2579 comm.
1351 2533 1391 2579 de
1410 2546 1557 2592 Satyriea
1573 2547 1666 2591 poesi
1684 2548 1715 2586 1,
1734 2547 1774 2585 23
1806 2557 1834 2577 v.
1853 2545 1964 2579 Crenii
1979 2558 2048 2578 mu·

1094 2620 1184 2641 scum
1212 2620 1243 2653 p.
1271 2609 1320 2641 27
1350 2608 1466 2655 seqm).
1505 2609 1689 2643 Nocturnos
1724 2606 1894 2640 semideos
1927 2608 2049 2653 pariter

2113 290 2195 330 1167
