2310 2860
86 1243 174 1286 1397

209 164 298 207 562
781 159 979 202 Martiani
1017 158 1217 216 Capellae
1254 158 1327 200 lib.
1356 157 1432 200 VI.
1462 158 1492 210 §.
1514 157 1615 199 695.

211 275 333 315 etiam
359 274 523 327 Nysam
554 269 709 310 urbem
734 283 820 309 esse
852 269 1008 309 Libero
1042 267 1148 322 patri
1178 280 1365 317 sacram,
1397 275 1676 320 montemque
1700 264 1871 305 Morum
1902 265 2020 316 Jovi,
2052 265 2168 307 unde

210 355 354 397 sabula
396 362 454 393 est
485 366 586 392 eum
626 351 741 392 Jovis
780 351 937 391 femine
972 359 1255 404 procreatum.
1316 348 1379 388 Ibi
1412 348 1535 390 etiam
1570 347 1726 388 insulas
1758 346 1864 387 duas
1896 348 1989 388 auri
2021 362 2170 403 argen—

210 438 330 491 tique·
359 435 536 476 metallis
569 449 616 474 ae
655 433 794 474 fetura
836 430 1161 487 praedicandas,
1209 433 1333 473 etiam
1368 432 1587 473 vocabulis
1619 431 1906 487 approbatur,
1951 445 2050 471 nam
2082 445 2167 472 una

210 518 424 573 Chrysea,
455 517 647 570 Argyrea
682 514 810 554 altera
839 522 1127 568 nuncupatur.
1190 514 1352 555 Omnes
1383 514 1477 554 Indi
1522 528 1746 554 comarum
1781 512 1879 553 suco
1903 511 2170 563 decorantur,

210 598 278 639 alii
313 595 536 646 caeruleis,
590 595 658 636 alii
692 594 866 635 crocinis
898 593 1136 648 fulgoribus
1172 594 1309 645 tincti,
1354 595 1533 651 gemmis
1565 604 1809 636 comuntur.
1868 593 2172 636 Funerationes

208 677 444 733 negligunt,
484 675 804 731 elephantisque
836 675 935 716 vehi
965 675 1172 716 eximium
1209 685 1378 731 putant3
1425 676 1499 718 sed
1530 677 1572 718 in
1606 677 1867 732 Taprobane
1897 675 2037 717 insula
2077 689 2172 717 ma-

210 760 320 814 jores
369 757 581 813 elephanti
626 771 758 812 quam
799 755 954 807 Indici,
1010 757 1237 812 ampliores
1287 759 1412 799 etiam
1467 759 1720 814 margaritae
1751 770 1868 812 sunt3
1919 774 2031 814 quae
2060 758 2173 814 patet

208 838 251 879 in
294 837 552 893 longitudine
602 836 836 877 stadiorum
886 846 1045 892 septem
1100 838 1311 890 millibus,
1367 841 1409 880 in
1462 841 1682 882 latitudine
1734 842 1926 896 quinque
1972 839 2173 881 millibus.

209 919 422 960 Scinditur
448 918 581 960 fluvio
604 917 886 968 interfluente,
919 928 1046 972 atque
1069 919 1214 960 Indiae
1240 931 1455 975 praetenta
1481 932 1559 974 est3
1591 923 1631 962 in
1661 937 1790 976 quam
1819 932 1977 978 septem
2004 920 2173 962 dierum

209 1001 306 1051 iter,
347 1000 636 1044 ut⁴Romanis
670 1000 853 1040 navibus
891 1000 1191 1055 approbatum.
1263 1001 1353 1042 Illic
1395 1012 1434 1042 et
1464 1001 1568 1043 illud
1612 1017 1732 1043 mare
1763 1003 1924 1057 absque
1955 1001 2173 1043 canalibus

209 1080 431 1136 profundis
460 1081 611 1121 senum
642 1095 847 1135 passuum
874 1081 1093 1122 altitudine
1118 1080 1382 1136 deprimitur.
1425 1082 1489 1122 Ibi
1513 1083 1823 1137 Septentriones
1848 1098 1932 1123 non
1955 1089 2172 1138 apparent,

209 1160 423 1216 Vergiliae
469 1176 719 1216 nunqua1n3
777 1163 946 1202 Lunam
995 1162 1047 1202 ab
1095 1171 1243 1203 octava
1282 1163 1323 1203 in
1367 1162 1623 1204 sedecimam
1666 1172 1828 1204 tantum
1870 1178 2001 1220 supra
2038 1172 2171 1204 terras

205 1241 359 1283 vident.

207 1323 445 1379 navigando
484 1325 654 1365 nullum
695 1325 810 1365 sidus
851 1326 1099 1374 observant,
1147 1326 1385 1380 aviumque
1426 1325 1592 1365 volatus
1625 1334 1880 1379 sequuntur.

208 1417 284 1459 per
314 1418 445 1444 annos
477 1403 695 1444 mensibus
725 1404 938 1459 navigant.

282 1533 377 1565 Jovts
401 1531 540 1578 femine]
573 1531 701 1565 Alludit
726 1533 766 1565 ad
795 1545 905 1566 vocem
931 1531 1070 1581 μηρὸς-5
1102 1533 1164 1567 Ca-

205 1596 290 1640 pella
312 1603 416 1628 autem
442 1609 566 1640 semper
590 1597 720 1640 feminis
741 1597 832 1637 dicit,
861 1609 926 1629 nou
947 1598 1094 1641 femoris,
1119 1597 1166 1628 uti

206 1671 302 1703 supra
325 1660 462 1691 diximus
491 1659 532 1703 (ἓ.
549 1660 647 1702 244).
687 1659 912 1692 Conferendus
938 1661 1082 1701 Plinius,
1110 1660 1166 1703 qui

206 1720 264 1751 ait:
292 1721 377 1753 »Nee
402 1733 468 1752 non
492 1726 525 1752 et
546 1720 667 1763 Nysam
687 1721 797 1752 urbem
816 1721 961 1766 plerique
980 1722 1090 1753 Indiae
1113 1721 1166 1754 ad-

201 1784 364 1825 sei-ibunt,
395 1790 600 1828 montemque
628 1784 752 1816 Merum
775 1785 893 1816 Libero
919 1785 1001 1828 patri
1024 1797 1165 1817 sacrum:

204 1848 289 1879 unde
320 1848 408 1889 origo
437 1847 562 1879 fabulae
588 1847 681 1879 Joxis
708 1848 825 1879 femIne
848 1849 995 1880 cditum.«
1036 1849 1081 1880 Et
1103 1848 1165 1881 So·

204 1910 304 1941 linus:
329 1912 441 1943 »Mons
471 1911 565 1943 etiam
594 1910 672 1942 Jovi
701 1922 791 1943 sacer
815 1912 925 1944 Meros
954 1911 1102 1951 nomine,
1130 1911 1165 1943 in

205 1973 297 2015 eujus
320 1986 417 2017 specu
441 1975 595 2005 nutritum
617 1974 769 2005 Liberum
795 1980 918 2018 patrem
942 1981 1067 2007 veteres
1094 1974 1167 2007 Indi

211 2038 378 2068 affirmant:
403 2049 442 2068 ex
472 2038 563 2079 cujus
599 2037 746 2069 vocabuli
774 2045 959 2080 argumento
985 2038 1166 2071 lascivienti

204 2101 305 2130 famae
334 2098 474 2130 creditur
495 2099 647 2129 Liberum
665 2098 780 2130 semine
806 2107 1033 2143 procreatum-n
1060 2101 1167 2134 Gnor.

206 2163 375 2204 -Vulgo
397 2164 534 2201 semine,
562 2163 618 2193 scd
638 2175 743 2194 veram
759 2163 928 2196 lectionem
948 2165 1015 2206 jam
1031 2164 1166 2197 Grotius

205 2226 388 2268 conjectura
416 2231 581 2258 assecutus
608 2231 671 2265 est,
701 2239 794 2269 quam
825 2215 1012 2260 confirmant
1035 2225 1165 2260 todices

204 2288 484 2328 Darmstattensis‚
505 2289 698 2330 vossianus,
720 2295 752 2321 ct
770 2292 977 2323 vetustissimi
995 2292 1058 2323 duo
1081 2293 1166 2333 Lug-

205 2353 367 2385 dunenses
391 2352 665 2395 (Arntzcn.misc.
682 2366 713 2397 p.
728 2355 811 2397 172)
836 2355 928 2387 elaris
953 2355 1054 2386 literis
1079 2355 1166 2387 exhi-

204 2417 317 2448 beutes
329 2417 458 2459 femine.
481 2416 575 2448 Adde
597 2416 790 2449 Strabonem
805 2419 837 2461 (Ι.
858 2420 912 2459 15,
931 2432 960 2463 p.
976 2421 1049 2452 687
1065 2419 1165 2463 Cas),

204 2479 323 2510 Melam
339 2480 386 2522 (5,
411 2479 456 2521 7),
475 2478 622 2511 Curtium
641 2479 688 2522 (8,
713 2480 769 2518 10,
794 2480 868 2521 12),
895 2486 926 2512 et
946 2481 1000 2524 qui
1021 2487 1166 2513 nostrum

206 2540 343 2571 vicissim
364 2540 516 2583 respexit,
537 2541 806 2583 Mythograplnum
821 2541 1011 2573 Vaticanum
1033 2543 1075 2586 (p.
1091 2543 1164 2574 245

206 2603 325 2645 Bode):
352 2603 442 2646 aquia
472 2609 505 2634 ut
528 2605 625 2636 refert
649 2604 680 2635 in
699 2604 950 2648 cosmographia
972 2607 1165 2645 Martianus,

422 1243 485 1283 Ibi
516 1243 630 1284 sidus
662 1243 944 1284 clarissimum
986 1243 1207 1299 Canop053
1256 1245 1326 1286 Sol
1365 1245 1527 1285 ortivus
1563 1246 1604 1285 in
1636 1245 1758 1285 laeva
1800 1246 2065 1301 conspicitur.
2122 1244 2170 1285 In

1943 1325 2171 1375 Quaternis

998 1403 1203 1445 Homines
1234 1405 1294 1445 ibi
1326 1420 1503 1460 corpore
1527 1405 1772 1461 grandiores
1799 1405 1910 1447 ultra
1941 1405 2170 1446 hominum

1216 1541 1266 1568 est
1283 1535 1316 1567 in
1339 1535 1474 1580 quadam
1493 1535 1624 1576 regione
1648 1535 1724 1567 urbs
1739 1535 1828 1579 Nysa
1844 1535 1963 1567 Libero
1983 1519 2067 1580 patri
2084 1546 2173 1567 sacra

1217 1610 1373 1641 monsque
1392 1599 1502 1630 Men-us
1519 1598 1597 1629 ,Iovi
1615 1609 1720 1637 sacer,
1751 1599 1835 1629 unde
1860 1603 1892 1629 et
1914 1599 2031 1642 ipsum,
2057 1596 2171 1641 inquit,

1216 1659 1323 1691 fabula
1345 1664 1394 1690 est
1417 1671 1434 1690 e
1459 1659 1552 1691 Jovis
1574 1660 1694 1691 femore
1720 1665 1949 1702 procreatum.«

1290 1731 1466 1776 elephanti]
1493 1731 1672 1775 Dionysius
1695 1731 1741 1774 (in
1766 1728 1915 1777 περιήγ.
1931 1731 2032 1773 595)=

1272 1805 1458 1853 -Μητὲρα
1473 1806 1736 1852 Ταπροβανην
1752 1802 1997 1851 Ἀόιηγενὲων
2014 1802 2171 1854 ἐλεφάν-

1615 1880 1728 1904 Tan-2⁶

1215 1935 1316 1967 Plura
1330 1934 1402 1967 vide
1422 1934 1506 1979 apud
1517 1934 1658 1966 Plinium
1675 1936 1722 1978 (6,
1740 1934 1800 1975 22,
1816 1933 1877 1976 24)
1889 1939 1919 1965 et
1929 1932 2078 1965 Solinum
2089 1933 2171 1977 (55).

1286 2011 1495 2057 mamni-itae]
1522 2013 1572 2044 De
1598 2012 1636 2044 iis
1658 2011 1784 2044 Plinius
1809 2011 1904 2045 etiam
1928 2011 1998 2043 aliis
2019 2010 2101 2043 locis
2122 2010 2169 2053 (9,

1216 2075 1281 2115 55,
1311 2075 1376 2115 543
1406 2075 1471 2115 52,
1499 2076 1556 2115 11,
1584 2074 1654 2118 55).

1291 2150 1437 2196 Lunam]
1466 2151 1522 2184 Sic
1551 2152 1664 2195 scripsi
1696 2164 1736 2183 ex
1760 2151 1869 2183 codice
1893 2148 2171 2188 Reiclnenauensi3

1216 2213 1312 2255 vulgo
1334 2215 1441 2247 Luna.
1477 2213 1620 2245 Plinius:
1651 2212 1916 2256 »Septentriones
1945 2211 2171 2254 Vergiliasquc

1217 2275 1302 2320 apud
1327 2288 1386 2307 nos
1411 2275 1499 2307 velut
1523 2286 1607 2307 novo
1632 2274 1722 2305 coelo
1748 2273 1958 2312 mirabantur,
1985 2284 2024 2304 ne
2045 2273 2171 2304 Lunam

1217 2339 1345 2384 quidem
1371 2339 1455 2383 apud
1476 2339 1565 2383 ipsos
1589 2337 1651 2369 nisi
1672 2337 1710 2368 ab
1733 2337 1816 2369 vlu
1838 2337 1877 2368 ad
1897 2336 1979 2368 XVI
1998 2347 2094 2380 supra
2109 2341 2169 2367 ter-

1215 2414 1282 2433 ram
1316 2400 1437 2444 adspiei
1467 2401 1622 2440 fatentes3
1662 2399 1831 2443 Canopum
1870 2399 1978 2430 lucere
2011 2398 2169 2437 noctibus,

1217 2464 1305 2496 sidus
1328 2462 1442 2504 ingens
1465 2467 1496 2494 et
1518 2462 1666 2494 cla'rumm
1702 2462 1751 2493 Cf.
1778 2467 1810 2493 et
1834 2461 2012 2492 Diodorum
2030 2460 2078 2505 (2,
2094 2459 2168 2503 55).

1290 2536 1480 2586 aviumque]
1520 2538 1569 2570 Ita
1597 2538 1699 2570 codex
1723 2537 1937 2569 Monacenscs
1963 2535 2037 2581 (Α);
2057 2546 2167 2582 perpe-

1216 2616 1282 2635 ram
1305 2603 1336 2635 in
1360 2602 1453 2634 editis
1472 2604 1579 2634 auium
1603 2614 1684 2650 quas
1707 2602 1837 2634 vehunt.
