2310 2860
142 125 235 170 460
720 117 919 159 Martiani
948 114 1148 172 Capellae
1176 112 1250 155 lib.
1275 112 1332 155 V.
1366 114 1396 166 §.
1420 113 1521 154 557.

145 246 284 289 quum
316 228 448 272 verba
473 224 686 282 quaedam
712 223 892 265 dicimus
923 236 1008 262 non
1032 220 1322 262 enunciandae
1341 221 1403 263 rei
1431 221 1689 272 necessaria,
1719 221 1792 262 sed
1821 222 2101 280 magnitudini

145 311 451 360 cumulandae,
481 318 547 360 ut,
578 307 611 348 si
641 307 754 348 dicas
791 304 1026 357 „Antonius
1054 303 1165 355 ille“‚
1205 317 1342 359 quum
1384 301 1597 343 suffecerit
1640 316 1796 342 nomen
1829 301 2002 355 dixisse,
2048 303 2101 345 ad

147 390 469 450 amplitudinem
518 388 739 443 adjicimus
772 387 853 427 ille.
913 385 1081 440 Ellipsis
1113 395 1173 427 est
1202 386 1425 437 detractio,
1464 385 1673 426 contraria
1704 385 1914 440 superiori
1944 383 2101 439 figura,

149 481 300 530 quum'
330 472 467 514 verbo
514 470 658 525 aliquo
698 469 837 509 minus
878 466 986 507 dicto
1036 480 1128 506 rem
1173 465 1434 508 sentiendam
1478 465 1620 520 potius
1665 465 1971 520 praeterimus,
2016 465 2106 519 ipsa

150 557 357 598 celeritate
394 551 633 609 gratissimi.
691 550 782 591 Hae
821 558 919 589 sunt
956 547 1200 589 elocutionis
1231 547 1413 604 figurae,
1456 562 1562 602 quas
1601 546 1776 602 quidem
1815 561 1903 588 non
1943 554 2108 602 oportet

150 638 268 681 velut
308 635 492 677 studiose
528 632 745 690 copulatas
777 632 821 674 in
850 631 978 674 unius
1013 629 1295 685 conceptionis
1325 628 1574 670 sententiam
1605 628 1862 684 conglobari.

925 788 1005 830 DE
1047 787 1338 829 MEMORIA.

27 897 114 940 358
315 900 443 943 Nunc
483 897 587 940 ordo
632 905 858 954 praecepta
905 895 1139 936 memoriae
1184 892 1497 944 subministrat,
1554 906 1686 947 quam
1731 890 1909 946 quidem
1952 899 2110 931 constat

148 998 237 1025 esse
265 980 526 1030 naturalem,
565 977 638 1018 sed
670 987 707 1018 et
741 986 827 1018 arte
861 976 1058 1030 adjuvari
1086 989 1206 1030 posse
1238 988 1323 1014 non
1354 973 1537 1014 dubium
1570 983 1643 1013 est.
1713 973 1830 1014 Haec
1859 981 2004 1013 autem
2041 984 2107 1011 ars

149 1062 352 1104 brevibus
383 1060 638 1117 praeceptis,
670 1059 743 1100 sed
779 1073 932 1113 magna
965 1055 1264 1099 exercitatione
1296 1054 1530 1105 formatur3
1563 1055 1684 1107 cujus
1714 1055 1812 1094 artis
1842 1053 1923 1093 hoc
1950 1067 2111 1093 munus

149 1152 229 1193 est,
267 1151 314 1182 ut
343 1155 428 1181 non
458 1148 625 1180 tantum
658 1136 805 1186 firma,
853 1150 1007 1177 verum
1047 1136 1171 1176 etiam
1211 1133 1336 1173 celeri
1369 1132 1750 1188 comprehensione
1785 1146 1852 1172 res
1886 1132 2109 1186 verbaque

147 1223 450 1279 percipiantur.
520 1218 726 1260 Tenenda
758 1232 860 1259 vero
902 1226 999 1256 sunt
1033 1231 1117 1255 non
1159 1229 1209 1254 ea
1246 1222 1413 1254 tantum
1447 1228 1558 1267 quae
1590 1229 1613 1255 a
1647 1214 1767 1254 nobis
1799 1215 1970 1254 inventa
1998 1222 2108 1262 sunt,

147 1304 221 1345 sed
255 1303 378 1343 etiam
420 1316 531 1356 quae
570 1300 622 1340 ab
655 1297 897 1339 adversario
929 1295 972 1335 in
1011 1294 1173 1349 agendo
1213 1303 1388 1335 tractata
1431 1303 1540 1334 sunt.
1613 1293 1849 1334 Simonides
1883 1292 2014 1345 hujus
2048 1292 2110 1332 rei

147 1392 372 1440 praecepta
404 1379 612 1420 invenisse
636 1377 908 1432 perhibetur,
942 1379 1066 1431 poeta
1095 1374 1301 1429 idemque
1332 1374 1625 1429 philosophus.
1684 1374 1836 1424 Quum
1868 1374 1982 1414 enim
2007 1388 2107 1414 con—

220 1486 448 1533 maqnitmlini]
475 1487 503 1518 E
519 1486 628 1517 codice
652 1497 713 1517 suo
730 1484 869 1516 restituit
889 1485 941 1515 ho‹
956 1484 1011 1517 Gr
1029 1485 1103 1515 »tius
1157 1485 1205 1515 de·
1221 1495 1237 1515 s
1249 1496 1273 1514 {s
1293 1494 1420 1527 quoque
1439 1488 1521 1514 teste
1541 1482 1737 1514 Ruhnkenio
1758 1483 1802 1527 (p.
1819 1482 1904 1525 191)
1927 1493 2038 1514 omnes
2057 1495 2108 1515 ve-

145 1565 205 1598 pro
228 1553 315 1584 edito
343 1551 586 1595 maquitndinis.
626 1549 745 1580 Fusius
772 1547 909 1591 Aqu'la:
933 1559 1016 1579 »non
1040 1553 1104 1580 tam
1155 1558 1224 1577 ram
1240 1545 1412 1577 lectionem
1437 1544 1621 1587 praebeant.

148 1615 370 1649 enunciandae
391 1614 439 1646 rei
461 1612 656 1652 necessaria,
682 1624 776 1655 quam
802 1617 837 1642 ut
858 1623 898 1642 ex
916 1610 966 1642 liis
984 1611 1104 1652 magni-
1230 1606 1394 1652 memoria]
1413 1607 1586 1638 Memoriae
1605 1606 1775 1638 artificialis
1793 1612 1961 1650 praecepta
1982 1606 2110 1638 tradunt

146 1678 225 1709 tudo
256 1677 307 1708 vel
338 1675 476 1717 dignitas
507 1674 558 1704 vel
585 1673 715 1704 moralis
745 1672 850 1715 aliqua
871 1671 1104 1703 commendatio
1156 1668 1282 1700 Auctor
1307 1668 1347 1699 ad
1372 1668 1572 1700 Herennium
1601 1668 1656 1712 (5,
1687 1669 1732 1699 16
1761 1667 1881 1711 sequ.),
1915 1668 2031 1700 Cicero
2057 1669 2110 1712 (de

147 1741 199 1773 vel
221 1739 358 1782 denique
377 1738 500 1781 speeies
516 1742 642 1767 motura
653 1735 795 1777 judicem
815 1735 1099 1778 circumponatur-,u
1158 1738 1236 1763 orat.
1258 1733 1294 1772 l,
1315 1732 1363 1763 54
1382 1737 1412 1763 et
1436 1732 1475 1771 2,
1503 1732 1581 1773 88),
1606 1730 1845 1773 Quinctilianus
1873 1731 1951 1773 (ll,
1973 1733 2013 1772 2,
2041 1733 2111 1772 223

225 1798 405 1844 Antonius]
426 1798 560 1830 Grotius
579 1797 711 1838 margini
730 1796 914 1840 adscripsit:
931 1796 987 1828 »aL
1000 1796 1106 1834 Cato«,
1157 1807 1186 1838 p.
1198 1795 1272 1826 508
1297 1805 1386 1836 sequ.
1402 1792 1546 1836 Spald.),
1571 1793 1690 1825 Curius
1706 1793 1844 1836 denique
1862 1793 2110 1826 Fortunatianus

149 1862 248 1905 idque
271 1861 356 1905 apud
381 1859 535 1902 Aquilam
561 1870 690 1902 quoque
713 1863 818 1889 exstat
843 1858 893 1901 (p.
916 1858 1023 1901 190),
1048 1868 1108 1888 no·
1158 1856 1200 1899 (p.
1219 1855 1275 1886 74.
1300 1855 1376 1897 73),
1406 1854 1533 1897 quicum
1566 1859 1677 1886 noster
1705 1854 1739 1885 in
1767 1854 1913 1899 plurimis
1935 1855 2050 1888 mirum
2076 1856 2109 1887 in

149 1932 282 1969 stroque
303 1922 430 1955 restitui
453 1922 665 1953 Ruhnkenius
685 1921 797 1962 jubett,
824 1921 881 1951 sed
906 1921 992 1964 qnod
1020 1920 1108 1953 eodi—
1158 1917 1289 1948 modum
1310 1916 1483 1949 consentit.

149 1999 204 2021 ces
229 1986 285 2017 ille
302 1985 479 2016 Leidenses
503 1983 656 2026 appellat,
684 1982 717 2012 in
741 1982 856 2025 quibus
877 1982 918 2012 sit
932 1983 1022 2013 Anto
1042 1982 1109 2021 ille,
1233 1976 1481 2022 exercitatione]
1509 1975 1749 2020 Quinctilianus
1775 1979 1854 2022 (11,
1878 1979 1918 2020 2,
1942 1979 2011 2020 403
2037 1990 2108 2023 pag-

150 2050 249 2090 !onge
270 2046 369 2087 magis
397 2044 553 2083 ostendit,
578 2043 738 2087 quomodo
760 2044 799 2074 ab
818 2044 963 2075 Antonio
987 2044 1026 2075 ad
1046 2043 1108 2075 Ca-
1159 2042 1262 2085 5⁶25):
1295 2041 1354 2074 »Si
1386 2042 1458 2085 quis
1489 2047 1595 2074 tamen
1628 2054 1721 2074 unam
1747 2043 1977 2086 maximamque
2008 2056 2026 2074 a
2058 2054 2109 2074 mc

150 2119 257 2145 {onem
276 2110 424 2141 aberrare
440 2107 560 2138 librarii
581 2107 757 2150 potuerint,
783 2119 888 2151 neque
911 2119 947 2139 ea
966 2107 1029 2139 loci
1052 2107 1109 2139 Ci-
1160 2110 1258 2135 artem
1288 2103 1458 2135 memoriae
1484 2110 1632 2147 quaerat,
1666 2107 1853 2137 exercitatio
1877 2110 1927 2136 est
1948 2109 1980 2135 et
2003 2104 2108 2143 labor,-

153 2170 315 2205 eeroniani
333 2170 404 2213 (pro
422 2169 533 2199 Plane.
556 2168 592 2210 S)
615 2168 788 2199 similitudo
814 2175 878 2207 est,
907 2175 942 2200 ut
962 2181 1033 2200 eum
1056 2169 1108 2200 vel
1160 2165 1259 2196 multa
1281 2165 1442 2204 ediscere,
1472 2165 1570 2196 multa
1591 2166 1746 2207 cogitare,
1771 2170 1818 2204 et,
1845 2164 1872 2195 si
1896 2163 1964 2195 fleri
1989 2170 2108 2208 potest,

153 2241 264 2268 nostro
298 2233 351 2265 vel
392 2231 532 2275 Aquilae
567 2235 639 2261 ante
670 2231 780 2263 oculos
814 2232 916 2264 fuisse
957 2231 1109 2264 contendi
1160 2229 1319 2273 quotidie,
1352 2228 1608 2272 potentissimum
1643 2234 1710 2259 est«
1740 2232 1800 2259 eet.
1843 2226 1940 2259 Adde
1971 2229 2108 2259 eundem

153 2298 268 2345 possit.
1160 2294 1208 2336 (i,
1232 2293 1262 2332 l,
1280 2293 1347 2331 563
1370 2304 1400 2334 p.
1418 2292 1466 2323 54
1489 2291 1615 2335 Spald.)
1634 2296 1665 2322 et
1687 2290 1875 2323 Ciceronem
1897 2291 1950 2333 (de
1974 2297 2053 2323 orat.
2075 2292 2108 2332 1,

231 2355 407 2403 detractio]
437 2355 535 2388 Haud
559 2355 643 2396 scio,
668 2355 745 2398 quid
770 2355 802 2387 in
823 2362 958 2388 mentem
986 2357 1110 2389 venerit
1160 2354 1227 2394 545
1252 2353 1290 2384 de
1316 2358 1433 2384 seneet.
1454 2352 1522 2395 11).
1548 2353 1627 2384 Mox
1649 2363 1707 2396 pro
1733 2354 1812 2384 areis
1833 2352 1913 2384 alios
1929 2355 2033 2396 partis
2053 2354 2108 2385 ha-

156 2422 291 2462 (ἶνοῐῖο,
320 2426 356 2452 ut
383 2419 568 2451 detrectatio
600 2422 787 2460 reponeret,
821 2429 919 2461 quum
951 2431 1016 2450 non
1042 2424 1110 2450 tan-
1160 2416 1236 2448 here
1259 2415 1297 2446 ad
1319 2414 1491 2455 marginem
1516 2413 1649 2445 Grotius
1671 2413 1804 2445 notavit.

158 2491 225 2516 tum
244 2481 420 2514 anteriores
436 2480 604 2518 editiones,
631 2479 688 2509 sed
705 2477 826 2521 Aquila
846 2479 951 2520 etiam,
973 2486 1004 2512 et
1020 2492 1110 2524 prae·
1232 2476 1426 2522 Simonides]
1451 2478 1536 2508 Fnse
1558 2489 1624 2509 rem
1642 2483 1806 2521 exponunt
1823 2477 1937 2511 Cicero
1960 2479 2013 2523 (de
2029 2484 2109 2512 orat.

162 2554 208 2580 ter
225 2546 351 2580 codices
363 2544 651 2576 Darmstattensem
666 2547 698 2574 et
713 2541 1018 2583 Reicheuauensem,
1038 2544 1110 2577 Lei-
1162 2543 1202 2585 2,
1227 2542 1289 2586 86)
1310 2547 1342 2575 et
1363 2540 1600 2586 Quinctilianus
1622 2541 1700 2585 (11,
1723 2542 1762 2584 2,
1790 2541 1859 2585 11),
1884 2554 1965 2587 quos
1986 2543 2067 2575 vide.
