2310 2860
236 274 322 316 148

795 270 994 313 Martiani
1033 268 1233 326 Capellae
1270 268 1344 310 lib.
1377 267 1432 310 II.
1472 270 1504 321 §-
1530 270 1625 312 108.

236 380 463 430 consociat,
500 388 558 422 et.
585 378 683 420 trias
715 379 987 435 quaternario
1027 377 1182 418 sociata
1222 374 1452 432 heptadem
1491 374 1601 416 facit.
1660 376 1747 426 Qui
1776 391 1986 419 numerus
2017 375 2188 418 rationis

233 458 645 516 superaeperfeotio
677 469 750 510 est,
782 460 889 500 sicut
919 459 1046 499 etiam
1079 461 1240 507 ὁμαλῶν
1267 457 1338 498 illa
1371 455 1492 497 docet
1522 455 1752 511 plenitudo.
1809 458 1876 498 An
1907 456 2023 497 aliud
2053 454 2188 496 fatalis

232 542 560 599 temperamenti
581 556 752 594 cursus,
782 541 1061 595 siderumque
1092 538 1241 580 circuli
1265 547 1496 593 motusque
1526 547 1750 590 testantur,
1779 539 1977 595 intraque
2005 537 2186 580 latebras

231 630 308 673 mus
327 638 492 672 beneflciis
526 629 682 683 aceeptis3
720 637 945 680 gratificamur,
975 647 1042 667 rem
1063 641 1186 677 gratam

230 703 394 740 facientes.
400 717 412 733 ι

305 775 490 824 heptadem]
523 777 575 809 De
610 777 751 819 generali
785 776 868 810 circa
897 776 981 809 hunc
1017 786 1186 807 numerum

232 843 459 889 superstitione
481 841 573 885 plura
593 842 690 872 verba
709 840 770 872 feei
788 840 821 871 in
843 839 1089 884 palaeographia
1113 838 1185 882 (ΠΙ.

232 904 263 950 ξ.
290 906 372 958 Ξ57.
400 905 459 938 IV.
485 918 515 949 p.
540 904 637 948 494).

231 980 298 1000 non
315 968 419 1001 ‘semel
444 967 595 1000 Grotium
619 966 759 1006 correxi,
784 978 944 1010 reponens
968 977 1081 1009 nempe
1107 967 1186 997 trias

694 904 847 936 Ceterum
876 904 909 935 in
939 904 1000 935 hoc
1031 908 1185 935 commate

231 1043 290 1076 pro
315 1034 396 1071 tria,
421 1033 543 1063 sociata
562 1042 620 1074 pro
645 1032 839 1069 consociata,
862 1035 893 1061 ct
918 1030 998 1073 facil
1019 1042 1077 1073 pro
1098 1029 1186 1073 fecit.

235 1094 330 1125 Trius
354 1104 465 1125 omncs
494 1092 621 1126 codices
653 1091 788 1131 habent3
822 1093 943 1123 sociata
968 1091 1187 1132 Britannicus,

230 1156 429 1190 Basilcensis
455 1162 487 1188 et
508 1156 721 1187 Monacenses
749 1154 810 1197 (B.
825 1154 863 1186 C.
877 1155 918 1185 D.
931 1154 970 1186 E.
986 1152 1071 1199 G.);
1106 1154 1187 1198 facit

230 1223 358 1262 praeter
388 1217 564 1249 anteriores
590 1216 748 1247 editiones
774 1215 869 1247 etiam
893 1216 1080 1258 Hugianus,
1114 1216 1186 1248 Bri-

230 1280 377 1312 tannicus
407 1285 439 1311 ct
470 1277 713 1310 Monacensium
748 1276 884 1320 plurimi.
925 1277 1051 1310 Cuncta
1082 1283 1187 1310 autem

231 1341 326 1372 simul
343 1339 610 1372 Darmstattensis
635 1343 667 1369 et
689 1338 964 1370 Reichenauensis
988 1340 1153 1384 praebent.

305 1426 478 1473 ὁμαλῶν]
498 1427 672 1459 Planarum
687 1426 979 1468 figurarumffffirc.
990 1447 1038 1454 -—
1054 1427 1084 1459 E
1104 1428 1186 1469 glos-

231 1494 276 1526 sis
308 1493 475 1525 obscuram
509 1492 591 1523 hanc
622 1490 917 1534 interpretationem
946 1496 1110 1523 mutuatus
1139 1498 1188 1523 cst

229 1557 280 1590 vir
308 1557 432 1589 doctus.
471 1555 539 1599 Qui
567 1555 594 1586 si
623 1555 744 1586 sontem
770 1554 902 1586 adiisset
927 1554 1050 1599 ipsum,
1078 1567 1095 1587 e
1123 1566 1188 1599 quo

229 1621 407 1656 Martianus
426 1619 543 1659 bausit,
569 1618 749 1659 meliorem,
775 1618 899 1661 opinor,
923 1618 1091 1650 attulisset.
1117 1619 1186 1651 Ma-

230 1682 386 1723 crobiump
409 1680 501 1712 enim»
527 1684 601 1725 ante
636 1678 749 1710 oculos
777 1684 889 1709 noster
915 1679 1042 1720 habuit,
1072 1692 1089 1712 e
1114 1680 1190 1711 Pla-

231 1745 318 1778 tonis
340 1743 484 1776 doctrina
509 1741 617 1774 locum
639 1741 673 1773 in
695 1741 819 1773 somnio
840 1741 1003 1785 Scipionis
1029 1743 1190 1787 explican-

1136 1805 1189 1837 De

232 1867 404 1915 septenarii
426 1866 523 1908 igitur
549 1864 672 1909 numeri
699 1865 894 1908 praestantia
917 1865 1084 1909 disputans
1109 1867 1189 1899 haec

230 1812 295 1840 tem
330 1806 369 1837 de
405 1805 561 1848 »septenis
592 1803 693 1835 octies
730 1803 808 1834 solis
839 1804 1051 1836 amfractibus.
1069 1819 1081 1833 ι

232 1932 334 1963 addit:
366 1930 464 1962 »Nam
500 1927 602 1972 primo
635 1927 776 1959 omnium
813 1929 874 1959 hoc
916 1941 1048 1960 numero
1085 1929 1188 1963 anima

231 1977 391 2027 mundana
409 1995 559 2034 generata
582 1994 647 2030 est,
670 1989 753 2020 sicut
771 1989 922 2021 Timaeus
941 1991 1090 2023 Platonis
1111 1992 1187 2024 edo·

233 2056 307 2089 uuit.
337 2054 477 2088 Monade
500 2053 583 2084 enim
604 2052 637 2085 in
669 2052 785 2084 vertice
813 2051 934 2094 locata,
958 2055 1041 2086 terni
1063 2055 1188 2088 numeri

234 2120 275 2167 ab
289 2119 400 2150 eadem
425 2129 465 2149 ex
485 2122 618 2160 utraque
638 2121 726 2160 parte
746 2116 918 2157 fluxerunt,
946 2118 984 2149 ab
1005 2120 1063 2150 bac
1081 2131 1186 2164 parcS,

235 2182 274 2213 ab
302 2182 358 2214 illa
386 2182 539 2226 impares:
566 2180 678 2212 idest:

695 2252 722 2284 1.

548 2311 592 2344 11.
830 2314 888 2346 111.

523 2374 600 2407 1111.
631 2320 795 2470 Α
824 2376 881 2408 lx.

509 2436 601 2469 vm.
824 2438 963 2471 nvn.

238 2519 273 2548 et
307 2524 348 2546 ex
377 2511 430 2544 bis
470 2510 611 2544 numeris
649 2510 730 2544 facta
765 2513 926 2545 contextio
953 2514 1192 2554 generationem

241 2575 364 2608 mimae
382 2573 515 2617 imperio
539 2572 691 2605 creatoris
711 2573 844 2608 effecim
877 2574 1044 2606 Hactenus
1067 2576 1192 2609 Macro·

240 2638 314 2670 hius
329 2637 537 2669 Plutarchum
554 2635 607 2679 (de
631 2635 724 2667 anim.
739 2642 892 2678 procreat.
912 2649 982 2681 pag.
1008 2638 1118 2683 1017)
1142 2651 1192 2671 se·

241 2705 354 2740 eutus5
382 2697 433 2732 cui
455 2697 537 2731 adde
563 2696 689 2730 doctam
713 2697 870 2732 Boeckhii
893 2701 1191 2734 commentationem

1237 633 1284 679 (in
1308 634 1412 668 DanI).
1438 641 1470 668 et
1497 635 1613 669 Creuz.
1637 636 1719 668 stud.
1743 635 1803 668 ΠῙ.
1825 649 1855 680 p.
1877 637 1945 681 54).
1981 637 2059 669 Illos
2083 642 2190 667 autem

1236 709 1387 729 numeros
1422 699 1600 731 Martianus
1635 695 1810 742 ὁμαλοὺς
1843 699 1997 742 appellat,
2039 698 2190 743 quoniam

1237 761 1276 793 ab
1299 767 1433 806 utraque
1459 768 1549 806 parte
1574 763 1685 794 similis
1710 762 1894 808 progressio
1923 762 2190 801 animadvertitur,

1238 829 1374 868 utraque
1403 825 1497 856 etiam
1535 824 1569 856 in
1600 825 1737 869 primum
1764 825 1880 857 cubum
1908 824 2041 865 desinit,
2071 824 2127 856 illa
2151 837 2190 855 cx

1238 886 1383 931 paribuS,
1413 887 1492 918 haec
1521 899 1561 918 ex
1579 886 1762 931 imparibus.
1791 887 2067 919 Construendum:
2090 885 2191 919 »sicut

1239 950 1333 983 etiam
1355 950 1411 982 illa
1436 946 1596 994 ὁμαλῶν
1616 951 1783 994 plenitudo
1811 951 1931 983 doech«

1315 1011 1493 1057 plenitudo]
1529 1013 1713 1044 Macrobius
1738 1013 1822 1044 enim
1850 1014 1965 1057 (somn.
1989 1011 2045 1044 Sc.
2073 1013 2110 1052 1,
2140 1010 2192 1055 G)=

1247 1076 1438 1107 »Plenitudo
1464 1088 1704 1116 numerorum«,
1732 1076 1852 1120 inquit,
1887 1081 1954 1107 nest
1984 1088 2111 1116 corum,
2138 1074 2193 1118 qui

1241 1142 1295 1168 aut
1315 1149 1430 1180 corpus
1448 1137 1595 1177 efficiant,
1619 1143 1678 1169 met
1694 1139 1759 1169 vim
1777 1139 1941 1170 obtineant
1957 1138 2186 1169 vinculorum-a

1240 1200 1352 1241 Pergit
1379 1199 1510 1231 deiude:
1538 1198 1731 1243 »Superest,
1763 1205 1799 1230 ut
1828 1199 2043 1243 septenarium
2064 1210 2193 1243 quoque

1240 1276 1407 1296 numerum
1437 1264 1568 1306 plenum
1591 1263 1671 1304 jun}
1696 1263 1898 1295 vocitandum
1923 1263 2005 1294 ratio
2030 1262 2063 1294 in
2088 1262 2194 1294 medio

1240 1327 1414 1359 constituta
1441 1327 1660 1370 persuadeat.«
1707 1326 1752 1358 Et
1783 1327 1929 1370 pluribus
1954 1338 2039 1358 nunc
2064 1326 2196 1370 exponit

1241 1394 1445 1431 argumenta,
1473 1401 1491 1420 e
1515 1389 1631 1432 quibus
1657 1389 1811 1432 quaedam
1840 1389 1935 1421 modo
1970 1387 2146 1420 attulimus.

1312 1450 1427 1494 fatalis
1466 1451 1708 1494 temperamenti
1742 1449 1875 1495 cursus]
1918 1449 2195 1483 Constcllationis.

1241 1512 1410 1546 Vae-
1436 1512 1558 1545 Iterum
1587 1513 1682 1544 nohis
1714 1513 1881 1545 adeundus
1914 1512 2098 1545 Macrobius
2127 1517 2194 1552 est,

1244 1577 1300 1620 qui
1332 1577 1387 1620 (1,
1423 1575 1479 1620 5),
1509 1581 1546 1607 ut
1577 1576 1736 1607 somnium
1765 1576 1940 1619 explicaret
1965 1575 2145 1619 Scipioni37
2177 1587 2194 1607 e

1244 1639 1405 1672 Cicerone
1423 1639 1503 1671 baec
1520 1639 1607 1670 illius
1623 1639 1720 1671 verba
1738 1639 1859 1670 attulit:
1877 1639 1976 1670 »Nam
1993 1651 2091 1682 quum
2108 1645 2194 1671 aetas

1239 1705 1295 1732 tua
1315 1707 1462 1744 septenos
1483 1702 1582 1732 octies
1608 1701 1688 1731 solis
1714 1701 1885 1732 amfractus
1907 1701 2095 1744 reditusque
2118 1713 2193 1733 cou-

1239 1762 1380 1803 verterit,
1407 1763 1536 1806 duoque
1554 1762 1588 1793 bi
1610 1762 1745 1802 numeri,
1766 1774 1902 1806 quornm
1924 1769 2058 1806 uterquc
2079 1764 2194 1806 plenus

1239 1826 1321 1858 alter
1353 1826 1452 1858 altera
1488 1826 1528 1857 de
1564 1838 1660 1858 causa
1694 1827 1845 1867 habetur,
1885 1826 2018 1859 circuitu
2057 1826 2195 1858 naturali

1238 1900 1396 1919 summam
1423 1888 1481 1918 tibi
1507 1887 1635 1919 fatalem
1664 1888 1887 1920 confecerint«
1909 1908 1957 1913 ——
1981 1889 2089 1932 Quam
2109 1900 2195 1921 sum-

1238 1964 1322 1983 mam
1349 1950 1485 1994 fatalem
1508 1950 1562 1983 hic
1589 1951 1707 1984 Cicero
1728 1952 1868 1992 dixerat,
1896 1952 2074 1984 Martianus
2092 1952 2195 1997 fatale

1238 2012 1377 2057 appellat
1395 2018 1692 2056 temperamentum,
1719 2025 1836 2045 annum
1859 2013 2008 2045 nimirum
2026 2015 2085 2055 56,
2109 2025 2193 2046 sum-

1237 2089 1320 2108 mam
1345 2088 1552 2108 numerorum
1579 2077 1601 2108 7
1622 2078 1651 2110 Χ
1672 2077 1705 2108 8.
1736 2076 1888 2120 Explicat
1910 2077 1994 2109 euim
2015 2076 2101 2108 idem
2124 2077 2193 2110 Mn-

1238 2139 1366 2173 crohius
1385 2139 1424 2183 (e.
1438 2141 1461 2172 6
1478 2140 1533 2184 s.)=
1556 2139 1688 2183 »Quum
1710 2145 1797 2171 aetas
1821 2146 1875 2171 tua
1895 2141 2195 2187 qrainquayesimurn

1238 2209 1269 2235 et
1298 2207 1428 2234 sextum
1459 2214 1577 2233 annum
1611 2201 1834 2245 compleverit,
1872 2213 1953 2245 quae
1986 2212 2108 2233 summa
2137 2202 2194 2235 tibi

1237 2266 1349 2310 fatalis
1376 2265 1471 2305 erit«,
1498 2271 1558 2298 cet.
1599 2265 1674 2296 Hoc
1699 2276 1797 2295 unum
1821 2264 1861 2296 ad
1885 2264 2109 2298 illustrandum
2139 2266 2193 2299 Ci-

1238 2341 1405 2368 ceronem,
1444 2327 1532 2372 quod
1566 2340 1585 2359 a
1623 2327 1726 2359 doctis
1763 2327 1992 2372 interpretibus
2030 2329 2193 2371 omissum,

1239 2390 1421 2424 addendum
1447 2401 1520 2421 esse
1543 2388 1686 2429 videtur,
1721 2388 1812 2420 illum
1847 2390 1953 2434 ipsum
1985 2391 2099 2423 aetatis
2124 2404 2193 2434 gra-

1240 2452 1315 2484 dum
1340 2451 1380 2483 ab
1402 2450 1618 2494 Hippocrate,
1643 2455 1725 2482 teste
1751 2450 1932 2484 Censorino
1949 2452 2025 2496 (14.
2041 2452 2100 2496 5),
2123 2465 2193 2485 sex-

1240 2519 1308 2546 tum
1330 2525 1348 2545 e
1377 2511 1580 2545 climacteriis
1606 2511 1689 2543 sitae
1719 2524 1836 2544 annum
1860 2512 1979 2546 dictum
2001 2525 2073 2546 csse
2096 2514 2192 2558 (conf.

1242 2574 1327 2610 Gell.
1353 2575 1394 2614 5,
1420 2573 1490 2617 10).

1316 2637 1522 2685 siderumque
1542 2635 1666 2682 cin-meli]
1688 2637 1775 2670 lurra
1792 2636 1835 2682 (ἓ.
1853 2637 1956 2683 758).
1972 2637 2053 2670 Item
2070 2643 2193 2684 septem

1242 2707 1318 2735 sunt
1343 2701 1453 2736 circuli
1475 2706 1507 2735 et
1533 2706 1582 2733 tot
1607 2700 1784 2747 planetae«
