2310 2860
223 85 310 131 528
799 81 996 123 Martiani
1034 80 1234 137 Capellae
1272 81 1344 122 lib.
1375 80 1450 122 IV.
1480 84 1512 132 ᾗ.
1533 82 1634 123 527.

533 190 689 233 Nullus
721 203 828 245 apex
859 198 918 230 tot
946 171 1066 244 prole
1098 187 1244 228 virum
1279 200 1358 242 par
1389 186 1537 228 accidit
1566 201 1784 243 unquam,

645 271 735 313 Nec
766 270 839 311 tibi
869 279 957 310 tam
989 268 1090 310 felix
1120 269 1240 309 sortis
1272 268 1408 310 honos
1439 268 1609 322 cecidit;

533 350 649 392 Inter
679 350 837 406 templa
867 349 999 391 deum
1029 348 1091 390 fas
1123 358 1203 401 est,
1233 350 1484 402 Dialectica,
1524 350 1626 402 fari,

648 432 702 473 Et
731 432 835 472 Jove
865 440 1090 487 conspecto
1120 431 1216 486 jura
1247 431 1433 473 docentis
1466 430 1566 484 agis.

100 562 189 604 528
387 562 511 612 Quae
540 562 667 617 igitur
694 563 947 618 introgressa
977 570 1038 603 est
1061 561 1186 602 Delio
1218 570 1491 612 convocante,
1523 560 1720 617 pallidior
1746 561 1975 617 paululum
2007 559 2179 615 femina,

217 642 294 685 sed
333 642 419 683 aeri
458 641 699 682 admodum
736 643 831 683 visu
877 650 917 682 et
964 641 1232 683 vibrantibus
1280 641 1479 682 continua
1519 641 1752 682 mobilitate
1794 640 2057 691 luminibus,
2115 641 2181 681 cui

220 723 356 764 crines
387 723 563 764 tortuosi
594 722 846 778 decentique
876 721 1107 762 inflexione
1141 721 1310 776 crispati
1343 731 1383 762 et
1412 722 1572 763 nexiles
1603 722 1880 773 videbantur,
1934 723 2009 776 qui
2039 732 2182 763 tamen

222 804 393 845 deducti
425 821 501 860 per
533 804 744 860 quosdam
781 813 1085 860 consequentes
1130 802 1288 858 gradus
1338 802 1397 849 ita>
1432 802 1617 844 formam
1668 803 1793 843 totius
1825 802 1970 858 capitis
2002 801 2184 842 circula-

219 885 340 935 bant,
372 894 418 925 ut
441 884 546 924 nihil
573 884 716 925 deesse
750 899 968 936 cerneres,
997 883 1107 925 nihil
1137 882 1410 940 superfluum
1436 884 1659 925 detineres.
1696 884 1780 925 Cui
1805 883 1980 939 quidem
2001 883 2181 939 pallium

218 965 581 1021 Athenai-umque
613 967 807 1018 vestitus,
838 966 914 1008 sed
938 975 1154 1021 gestamen
1185 965 1227 1005 in
1260 965 1461 1006 manibus
1493 965 1633 1006 suerat
1669 965 1891 1021 inopinum
1933 980 1980 1005 ac
2011 978 2185 1020 prorsus

219 1048 448 1103 gymnasiis
490 1049 688 1089 omnibus
731 1049 1018 1104 inexpertum.
1083 1046 1132 1087 In
1173 1046 1297 1087 laeva
1341 1045 1502 1100 quippe
1546 1060 1718 1100 serpens
1758 1045 1875 1100 gyris
1923 1043 2184 1084 immanibus

219 1129 457 1178 involutus,
508 1129 550 1168 in
581 1128 756 1168 dextera
795 1127 1008 1168 formulae
1046 1125 1264 1180 quaedam
1300 1123 1548 1164 florentibus
1589 1124 1798 1165 discolora
1830 1133 2048 1165 venustate
2082 1124 2185 1164 ceris

221 1207 411 1248 sollerter
451 1206 654 1259 effigiatae
695 1206 857 1246 latentis
895 1205 1014 1246 hami
1045 1219 1165 1246 nexu
1203 1204 1378 1246 interius
1418 1204 1694 1257 tenebantur3
1748 1204 1823 1245 sed
1855 1205 2061 1260 quoniam
2096 1205 2185 1259 ejus

221 1290 346 1330 laeva
384 1288 464 1329 sub
510 1287 637 1343 pallio
685 1287 907 1328 occulebat
953 1286 1124 1327 insidias
1174 1287 1410 1342 viperinas,
1467 1286 1628 1326 eunctis
1673 1285 1849 1326 dextera
1890 1268 2187 1340 praebebatiir.

222 1371 421 1425 Denique
453 1384 503 1410 ex
543 1369 623 1409 illis
665 1367 861 1409 formulis
892 1367 1025 1422 siquis
1057 1367 1249 1422 aliquam
1280 1366 1556 1422 percepisset,
1596 1381 1698 1407 mox
1732 1367 2024 1423 apprehensus
2057 1367 2187 1407 hamo

223 1452 275 1492 ad
306 1450 470 1491 latentis
507 1449 655 1504 anguis
682 1448 844 1490 virosos
876 1448 1056 1489 circulos
1088 1448 1361 1498 trahebatur,
1394 1447 1469 1502 qui
1500 1456 1642 1488 tamen
1673 1462 1775 1489 mox
1803 1463 2022 1504 emergens
2047 1448 2187 1504 primo

223 1533 493 1588 spinosorum
536 1531 729 1571 dentium
772 1532 969 1572 acumine
1009 1538 1220 1573 venenato
1253 1527 1429 1569 assiduis
1460 1527 1682 1568 hominem
1714 1529 1927 1568 morsibus
1960 1528 2188 1583 affligebat,

169 1625 176 1663 ὶ
226 1614 382 1654 dehine
426 1612 591 1654 ambitu
640 1611 865 1666 multiplici
908 1611 1215 1652 circumactum
1267 1607 1320 1647 ad
1366 1607 1624 1648 conditiones
1669 1609 1903 1662 propositas
1953 1609 2189 1660 coartabat3

170 1687 179 1757 j
228 1695 263 1734 si
303 1703 446 1735 autem
495 1691 732 1748 quamlibet
771 1690 1006 1733 formulam
1044 1689 1188 1732 nullus
1223 1688 1350 1729 vellet
1383 1702 1620 1738 assumere,
1662 1688 1923 1743 quibusdam
1956 1689 2091 1731 obviis
2124 1691 2188 1730 in-

232 1901 292 1935 que
319 1902 412 1934 quam
436 1888 575 1935 plurimi.
596 1889 700 1923 Gnor.
721 1909 766 1914 ·—-
802 1889 901 1924 Gellii
923 1891 996 1935 (1⁷,
1025 1891 1083 1935 15)
1105 1890 1184 1924 haec

229 1952 326 1985 verba
355 1958 444 1983 sunt:
470 1953 673 1985 „Carneades
700 1953 898 1985 academicus
924 1953 1100 1997 scripturus
1130 1952 1183 1985 ad-

230 2025 341 2046 versus
366 2014 456 2044 stoici
473 2014 615 2045 Zenonis
634 2013 733 2045 libros
762 2015 927 2058 superiora
951 2016 1094 2059 eorporis
1119 2015 1183 2047 lael-

232 2075 336 2107 leboro
366 2074 501 2107 candido
528 2074 687 2118 purgavit,
728 2087 769 2107 ne
801 2074 878 2119 quid
902 2089 941 2108 ex
966 2077 1123 2120 corruptis
1153 2077 1186 2108 in

233 2137 396 2168 stomacho
426 2137 611 2167 humoribus
641 2137 678 2167 ml
705 2135 862 2169 domicilia
894 2147 996 2181 usque
1021 2138 1115 2169 animi
1138 2149 1185 2169 re·

234 2198 391 2230 dundaret
406 2204 437 2228 et
452 2198 633 2229 instantiam
654 2199 857 2243 vigoremque
880 2198 995 2231 mentis
1016 2199 1184 2231 labefacta-

343 2257 438 2291 Adde
457 2259 598 2290 Plinium
622 2259 700 2302 (25,
725 2262 764 2301 5,
789 2261 850 2303 21)
876 2267 908 2292 et
928 2261 1095 2294 Valerium
1118 2263 1185 2294 Ma—

235 2324 353 2354 ximum
377 2323 439 2366 (8,
465 2323 498 2363 7,
531 2324 569 2363 53
600 2334 629 2366 p.
654 2324 724 2355 755
748 2324 879 2367 Turn),
910 2335 1005 2368 quem
1030 2324 1189 2358 Martiano

233 2266 291 2291 rel.
298 2275 309 2288 u

237 2393 309 2418 ante
340 2386 451 2418 oculos
486 2387 585 2418 fuisse
615 2390 710 2429 puto,
752 2387 824 2430 quia
852 2400 917 2420 non
948 2399 1020 2420 cum
1046 2389 1189 2429 Zenone,

238 2449 293 2480 sed
317 2461 388 2481 cum
411 2448 482 2492 ipso
506 2446 688 2492 Chrysippo
714 2448 946 2491 disputaturum
972 2451 1053 2482 illud
1075 2450 1190 2483 secisse

238 2509 438 2543 Carneadem
457 2510 570 2552 refert,
595 2511 679 2542 hunc
697 2509 781 2542 cuim
804 2522 932 2543 sensum
946 2512 1062 2546 habere
1079 2512 1187 2546 viden-

1234 1895 1287 1921 tur
1311 1887 1413 1921 nostri
1440 1887 1551 1921 verba:
1579 1885 1779 1921 Carneadem
1811 1887 1967 1920 hellebori
2000 1898 2060 1932 ope
2089 1886 2189 1930 Chry-

1236 1953 1327 1997 sippo
1355 1962 1462 1996 parem
1492 1952 1601 1984 fuisse.

1312 2014 1416 2060 apex]
1449 2016 1523 2047 Hoc
1555 2021 1604 2047 est
1624 2014 1812 2059 fastigium,
1848 2014 1987 2057 indeque
2014 2014 2115 2044 honor
2140 2011 2189 2042 vel

1238 2078 1398 2121 diyvzatio3
1433 2076 1581 2108 nimirum
1605 2081 1640 2107 ut
1664 2076 1696 2107 in
1723 2081 1836 2107 senatu
1863 2075 1969 2106 dix-ino
1994 2073 2052 2104 fari
2070 2073 2098 2104 ei
2115 2072 2190 2104 liee-

1237 2147 1296 2173 ret.
1328 2140 1395 2171 Pro
1421 2140 1517 2183 sortis
1546 2152 1565 2171 e
1596 2137 1853 2171 Reiehenauensi
1887 2143 1919 2168 et
1946 2137 2191 2168 Darmstattcnsi

1236 2204 1309 2245 lego
1334 2204 1448 2243 sortis,
1474 2203 1561 2246 quod
1585 2202 1698 2233 mirum
1723 2202 1755 2232 in
1773 2200 1946 2241 marginem
1968 2212 1984 2231 a
2006 2199 2121 2232 Grotio
2143 2211 2191 2231 re-

1236 2266 1375 2306 legatum
1401 2263 1518 2303 Fuisse,
1557 2263 1697 2306 itemque
1725 2263 1805 2306 jura
1833 2273 1889 2304 pro
1908 2262 1984 2305 jure
2014 2273 2031 2292 e
2056 2261 2191 2294 Reiche-

1240 2327 1374 2359 nauensi
1400 2332 1432 2357 et
1455 2326 1622 2359 Grotiano.

1316 2386 1499 2432 involutus]
1538 2387 1583 2418 Ut
1615 2391 1724 2417 noster
1761 2384 1863 2428 »gyris
1896 2385 2110 2426 involutum«,
2150 2384 2193 2416 ita

1239 2452 1329 2485 Saxo
1357 2447 1593 2483 Grammaticus
1616 2447 1664 2490 (2.
1687 2459 1718 2490 p.
1732 2447 1780 2478 20
1804 2446 1939 2490 Str-ph.)
1969 2446 2072 2490 »gyris
2091 2445 2192 2489 impli-

1238 2515 1352 2548 citum«
1378 2517 1557 2557 serpentem
1578 2511 1672 2551 dixit,
1699 2510 1880 2555 pariterque
1906 2510 1950 2554 (p.
1963 2509 2024 2552 65)
2050 2515 2193 2542 nostrum
