<?xml version="1.0" encoding="UTF-8"?>
<!DOCTYPE html PUBLIC "-//W3C//DTD XHTML 1.0 Transitional//EN"
    "http://www.w3.org/TR/xhtml1/DTD/xhtml1-transitional.dtd">
<html xmlns="http://www.w3.org/1999/xhtml" xml:lang="en" lang="en">
 <head>
  <title>
</title>
<meta http-equiv="Content-Type" content="text/html;charset=utf-8" />
  <meta name='ocr-system' content='tesseract 3.04.00' />
  <meta name='ocr-capabilities' content='ocr_page ocr_carea ocr_par ocr_line ocrx_word'/>
</head>
<body>
  <div class='ocr_page' id='page_1' title='image "./denuptiisphilolo00martuoft/denuptiisphilolo00martuoft_0037.png"; bbox 0 0 2310 2860; ppageno 0'>
   <div class='ocr_carea' id='block_1_1' title="bbox 761 70 2107 128">
    <p class='ocr_par' dir='ltr' id='par_1_1' title="bbox 761 70 2107 128">
     <span class='ocr_line' id='line_1_1' title="bbox 761 70 2107 128; baseline -0.001 -14"><span class='ocrx_word' id='word_1_1' title='bbox 761 71 959 114; x_wconf 84' lang='lat' dir='ltr'>Martiani</span> <span class='ocrx_word' id='word_1_2' title='bbox 998 70 1198 128; x_wconf 82' lang='lat' dir='ltr'>Capellae</span> <span class='ocrx_word' id='word_1_3' title='bbox 1237 71 1307 112; x_wconf 90' lang='lat' dir='ltr'>lib.</span> <span class='ocrx_word' id='word_1_4' title='bbox 1332 70 1363 112; x_wconf 95' lang='lat' dir='ltr'>I.</span> <span class='ocrx_word' id='word_1_5' title='bbox 1409 74 1439 123; x_wconf 57' lang='grc' dir='ltr'>ᾗ.</span> <span class='ocrx_word' id='word_1_6' title='bbox 1464 71 1505 113; x_wconf 81' lang='lat'>2.</span> <span class='ocrx_word' id='word_1_7' title='bbox 2079 75 2107 116; x_wconf 92' lang='lat'>7</span> 
     </span>
    </p>
   </div>
   <div class='ocr_carea' id='block_1_2' title="bbox 316 179 2162 316">
    <p class='ocr_par' dir='ltr' id='par_1_2' title="bbox 316 179 2162 316">
     <span class='ocr_line' id='line_1_2' title="bbox 551 179 1468 236; baseline -0.004 -14"><span class='ocrx_word' id='word_1_8' title='bbox 551 181 762 223; x_wconf 83' lang='lat' dir='ltr'>Carminis</span> <span class='ocrx_word' id='word_1_9' title='bbox 794 180 981 236; x_wconf 81' lang='lat' dir='ltr'>auspicio</span> <span class='ocrx_word' id='word_1_10' title='bbox 1012 188 1052 221; x_wconf 87' lang='lat' dir='ltr'>te</span> <span class='ocrx_word' id='word_1_11' title='bbox 1082 179 1235 235; x_wconf 86' lang='lat' dir='ltr'>probat</span> <span class='ocrx_word' id='word_1_12' title='bbox 1268 192 1468 219; x_wconf 88' lang='lat' dir='ltr'>annuere.</span> 
     </span>
     <span class='ocr_line' id='line_1_3' title="bbox 316 258 2162 316; baseline -0.001 -13"><span class='ocrx_word' id='word_1_13' title='bbox 316 263 436 303; x_wconf 85' lang='lat' dir='ltr'>Dum</span> <span class='ocrx_word' id='word_1_14' title='bbox 459 261 649 303; x_wconf 86' lang='lat' dir='ltr'>crebrius</span> <span class='ocrx_word' id='word_1_15' title='bbox 674 261 768 301; x_wconf 80' lang='lat' dir='ltr'>istos</span> <span class='ocrx_word' id='word_1_16' title='bbox 788 260 1027 314; x_wconf 80' lang='lat' dir='ltr'>Hymenaei</span> <span class='ocrx_word' id='word_1_17' title='bbox 1046 259 1300 309; x_wconf 81' lang='lat' dir='ltr'>versiculos,</span> <span class='ocrx_word' id='word_1_18' title='bbox 1330 258 1470 299; x_wconf 87' lang='lat' dir='ltr'>nescio</span> <span class='ocrx_word' id='word_1_19' title='bbox 1492 258 1598 314; x_wconf 89' lang='lat' dir='ltr'>quid</span> <span class='ocrx_word' id='word_1_20' title='bbox 1623 259 1845 316; x_wconf 88' lang='lat' dir='ltr'>inopinum</span> <span class='ocrx_word' id='word_1_21' title='bbox 1874 260 2103 301; x_wconf 82' lang='lat' dir='ltr'>intactum·</span> <span class='ocrx_word' id='word_1_22' title='bbox 2131 264 2162 306; x_wconf 73' lang='grc'>2</span> 
     </span>
    </p>
   </div>
   <div class='ocr_carea' id='block_1_3' title="bbox 147 341 2104 398">
    <p class='ocr_par' dir='ltr' id='par_1_3' title="bbox 147 341 2104 398">
     <span class='ocr_line' id='line_1_4' title="bbox 147 341 2104 398; baseline 0 -15"><span class='ocrx_word' id='word_1_23' title='bbox 147 357 234 398; x_wconf 91' lang='lat' dir='ltr'>que</span> <span class='ocrx_word' id='word_1_24' title='bbox 264 343 466 394; x_wconf 86' lang='lat' dir='ltr'>moliens,</span> <span class='ocrx_word' id='word_1_25' title='bbox 497 355 624 392; x_wconf 89' lang='lat' dir='ltr'>cano,</span> <span class='ocrx_word' id='word_1_26' title='bbox 656 341 815 397; x_wconf 83' lang='lat' dir='ltr'>capillis</span> <span class='ocrx_word' id='word_1_27' title='bbox 846 356 1089 396; x_wconf 84' lang='lat' dir='ltr'>respersum</span> <span class='ocrx_word' id='word_1_28' title='bbox 1119 341 1396 382; x_wconf 84' lang='lat' dir='ltr'>albicantibus</span> <span class='ocrx_word' id='word_1_29' title='bbox 1426 341 1628 383; x_wconf 82' lang='lat' dir='ltr'>verticem</span> <span class='ocrx_word' id='word_1_30' title='bbox 1652 342 2010 397; x_wconf 74' lang='lat' dir='ltr'>incrementisque</span> <span class='ocrx_word' id='word_1_31' title='bbox 2035 342 2104 384; x_wconf 88' lang='lat' dir='ltr'>lu-</span> 
     </span>
    </p>
   </div>
   <div class='ocr_carea' id='block_1_4' title="bbox 124 433 1103 2354">
    <p class='ocr_par' dir='ltr' id='par_1_4' title="bbox 139 433 1103 736">
     <span class='ocr_line' id='line_1_5' title="bbox 146 433 1103 484; baseline 0.002 -15"><span class='ocrx_word' id='word_1_32' title='bbox 146 436 264 483; x_wconf 90' lang='lat' dir='ltr'>(id.5,</span> <span class='ocrx_word' id='word_1_33' title='bbox 301 435 383 483; x_wconf 88' lang='lat'>75),</span> <span class='ocrx_word' id='word_1_34' title='bbox 423 437 604 469; x_wconf 80' lang='lat' dir='ltr'>Hesiodum</span> <span class='ocrx_word' id='word_1_35' title='bbox 634 437 796 476; x_wconf 79' lang='lat' dir='ltr'>huitatus,</span> <span class='ocrx_word' id='word_1_36' title='bbox 834 433 878 470; x_wconf 83' lang='grc' dir='ltr'>τὸ</span> <span class='ocrx_word' id='word_1_37' title='bbox 911 434 1103 484; x_wconf 71' lang='grc' dir='ltr'><em>γλυκερὸν</em></span> 
     </span>
     <span class='ocr_line' id='line_1_6' title="bbox 144 495 1099 544; baseline -0.003 -10"><span class='ocrx_word' id='word_1_38' title='bbox 144 495 266 543; x_wconf 73' lang='grc' dir='ltr'><em>στόμα</em></span> <span class='ocrx_word' id='word_1_39' title='bbox 288 499 419 540; x_wconf 77' lang='lat' dir='ltr'>tribuit3</span> <span class='ocrx_word' id='word_1_40' title='bbox 453 512 548 544; x_wconf 86' lang='lat' dir='ltr'>quam</span> <span class='ocrx_word' id='word_1_41' title='bbox 573 511 590 531; x_wconf 87' lang='lat' dir='ltr'>e</span> <span class='ocrx_word' id='word_1_42' title='bbox 606 498 730 530; x_wconf 88' lang='lat' dir='ltr'>Latinis</span> <span class='ocrx_word' id='word_1_43' title='bbox 748 498 843 530; x_wconf 81' lang='lat' dir='ltr'>etiam</span> <span class='ocrx_word' id='word_1_44' title='bbox 861 498 1031 530; x_wconf 80' lang='lat' dir='ltr'>Lueretius</span> <span class='ocrx_word' id='word_1_45' title='bbox 1048 499 1099 543; x_wconf 77' lang='lat'>(6,</span> 
     </span>
     <span class='ocr_line' id='line_1_7' title="bbox 142 561 1098 608; baseline 0.001 -14"><span class='ocrx_word' id='word_1_46' title='bbox 142 561 204 608; x_wconf 84' lang='grc'>95)</span> <span class='ocrx_word' id='word_1_47' title='bbox 242 563 403 607; x_wconf 72' lang='lat' dir='ltr'>»requiem</span> <span class='ocrx_word' id='word_1_48' title='bbox 436 564 619 603; x_wconf 79' lang='lat' dir='ltr'>hominum,</span> <span class='ocrx_word' id='word_1_49' title='bbox 655 563 826 606; x_wconf 80' lang='lat' dir='ltr'>divumque</span> <span class='ocrx_word' id='word_1_50' title='bbox 865 563 1098 606; x_wconf 67' lang='lat' dir='ltr'>voluptatem«,</span> 
     </span>
     <span class='ocr_line' id='line_1_8' title="bbox 139 625 1096 672; baseline -0.002 -13"><span class='ocrx_word' id='word_1_51' title='bbox 139 625 279 659; x_wconf 76' lang='lat' dir='ltr'>Ovidius</span> <span class='ocrx_word' id='word_1_52' title='bbox 297 625 378 672; x_wconf 82' lang='lat' dir='ltr'>(fast.</span> <span class='ocrx_word' id='word_1_53' title='bbox 391 629 424 668; x_wconf 81' lang='grc'>5,</span> <span class='ocrx_word' id='word_1_54' title='bbox 439 625 500 672; x_wconf 84' lang='grc'>80)</span> <span class='ocrx_word' id='word_1_55' title='bbox 523 643 534 656; x_wconf 80' lang='grc' dir='ltr'><strong>υ</strong></span> <span class='ocrx_word' id='word_1_56' title='bbox 541 627 672 671; x_wconf 88' lang='lat' dir='ltr'>primam</span> <span class='ocrx_word' id='word_1_57' title='bbox 696 627 744 659; x_wconf 86' lang='lat' dir='ltr'>sui</span> <span class='ocrx_word' id='word_1_58' title='bbox 759 626 865 659; x_wconf 84' lang='lat' dir='ltr'>chori«</span> <span class='ocrx_word' id='word_1_59' title='bbox 886 627 975 666; x_wconf 82' lang='lat' dir='ltr'>dixit,</span> <span class='ocrx_word' id='word_1_60' title='bbox 992 627 1096 668; x_wconf 74' lang='lat' dir='ltr'>Virgi-</span> 
     </span>
     <span class='ocr_line' id='line_1_9' title="bbox 140 688 1094 736; baseline -0.001 -15"><span class='ocrx_word' id='word_1_61' title='bbox 140 690 202 721; x_wconf 88' lang='lat' dir='ltr'>lius</span> <span class='ocrx_word' id='word_1_62' title='bbox 226 689 321 736; x_wconf 67' lang='lat' dir='ltr'>(Aen.</span> <span class='ocrx_word' id='word_1_63' title='bbox 333 692 367 731; x_wconf 82' lang='grc'>9,</span> <span class='ocrx_word' id='word_1_64' title='bbox 395 688 480 735; x_wconf 71' lang='lat'>5:25)</span> <span class='ocrx_word' id='word_1_65' title='bbox 498 703 555 734; x_wconf 87' lang='lat' dir='ltr'>pro</span> <span class='ocrx_word' id='word_1_66' title='bbox 580 690 683 722; x_wconf 80' lang='lat' dir='ltr'>Musis</span> <span class='ocrx_word' id='word_1_67' title='bbox 699 690 845 722; x_wconf 86' lang='lat' dir='ltr'>omnibus</span> <span class='ocrx_word' id='word_1_68' title='bbox 876 690 966 734; x_wconf 87' lang='lat' dir='ltr'>ponit</span> <span class='ocrx_word' id='word_1_69' title='bbox 986 702 1094 722; x_wconf 75' lang='lat' dir='ltr'>versu:</span> 
     </span>
    </p>

    <p class='ocr_par' dir='ltr' id='par_1_5' title="bbox 134 753 1094 1109">
     <span class='ocr_line' id='line_1_10' title="bbox 194 753 1044 796; baseline -0.001 -13"><span class='ocrx_word' id='word_1_70' title='bbox 194 766 205 779; x_wconf 69' lang='grc' dir='ltr'><strong>α</strong></span> <span class='ocrx_word' id='word_1_71' title='bbox 218 753 298 791; x_wconf 68' lang='lat' dir='ltr'>Vos,</span> <span class='ocrx_word' id='word_1_72' title='bbox 324 765 341 784; x_wconf 88' lang='grc'>0</span> <span class='ocrx_word' id='word_1_73' title='bbox 361 753 521 796; x_wconf 81' lang='lat' dir='ltr'>Calliope,</span> <span class='ocrx_word' id='word_1_74' title='bbox 548 765 681 795; x_wconf 77' lang='lat' dir='ltr'>precor,</span> <span class='ocrx_word' id='word_1_75' title='bbox 701 754 841 795; x_wconf 73' lang='lat' dir='ltr'>aspie-ate</span> <span class='ocrx_word' id='word_1_76' title='bbox 867 754 1016 784; x_wconf 78' lang='lat' dir='ltr'>canenti«</span> <span class='ocrx_word' id='word_1_77' title='bbox 1033 766 1044 792; x_wconf 84' lang='grc'>,-</span> 
     </span>
     <span class='ocr_line' id='line_1_11' title="bbox 138 814 1094 862; baseline 0 -15"><span class='ocrx_word' id='word_1_78' title='bbox 138 815 294 847; x_wconf 81' lang='lat' dir='ltr'>Horatius</span> <span class='ocrx_word' id='word_1_79' title='bbox 321 814 385 862; x_wconf 87' lang='lat' dir='ltr'>(od.</span> <span class='ocrx_word' id='word_1_80' title='bbox 408 817 443 856; x_wconf 82' lang='lat'>5,</span> <span class='ocrx_word' id='word_1_81' title='bbox 475 817 510 855; x_wconf 50' lang='lat'>«4,</span> <span class='ocrx_word' id='word_1_82' title='bbox 540 814 577 861; x_wconf 75' lang='lat'>2)</span> <span class='ocrx_word' id='word_1_83' title='bbox 616 816 812 857; x_wconf 76' lang='lat' dir='ltr'>»reginam«,</span> <span class='ocrx_word' id='word_1_84' title='bbox 838 828 874 848; x_wconf 87' lang='lat' dir='ltr'>ac</span> <span class='ocrx_word' id='word_1_85' title='bbox 900 815 1094 848; x_wconf 78' lang='lat' dir='ltr'>Plutarchus</span> 
     </span>
     <span class='ocr_line' id='line_1_12' title="bbox 140 877 1093 924; baseline 0.001 -14"><span class='ocrx_word' id='word_1_86' title='bbox 140 877 187 924; x_wconf 84' lang='lat' dir='ltr'>(in</span> <span class='ocrx_word' id='word_1_87' title='bbox 205 885 283 910; x_wconf 75' lang='lat' dir='ltr'>orat</span> <span class='ocrx_word' id='word_1_88' title='bbox 302 880 355 911; x_wconf 65' lang='lat' dir='ltr'>vit.</span> <span class='ocrx_word' id='word_1_89' title='bbox 373 892 403 923; x_wconf 86' lang='lat' dir='ltr'>p.</span> <span class='ocrx_word' id='word_1_90' title='bbox 416 881 484 911; x_wconf 86' lang='lat'>801</span> <span class='ocrx_word' id='word_1_91' title='bbox 511 886 542 911; x_wconf 88' lang='lat' dir='ltr'>et</span> <span class='ocrx_word' id='word_1_92' title='bbox 563 891 703 924; x_wconf 71' lang='lat' dir='ltr'>sympoS.</span> <span class='ocrx_word' id='word_1_93' title='bbox 717 880 751 920; x_wconf 83' lang='grc'>9,</span> <span class='ocrx_word' id='word_1_94' title='bbox 772 881 816 911; x_wconf 86' lang='grc'>15</span> <span class='ocrx_word' id='word_1_95' title='bbox 833 892 863 923; x_wconf 87' lang='lat' dir='ltr'>p.</span> <span class='ocrx_word' id='word_1_96' title='bbox 879 878 964 924; x_wconf 80' lang='lat'>745)</span> <span class='ocrx_word' id='word_1_97' title='bbox 983 892 1093 921; x_wconf 82' lang='lat' dir='ltr'>regum</span> 
     </span>
     <span class='ocr_line' id='line_1_13' title="bbox 136 940 1091 985; baseline 0 -12"><span class='ocrx_word' id='word_1_98' title='bbox 136 941 285 974; x_wconf 84' lang='lat' dir='ltr'>comitem</span> <span class='ocrx_word' id='word_1_99' title='bbox 310 941 458 985; x_wconf 86' lang='lat' dir='ltr'>appellat.</span> <span class='ocrx_word' id='word_1_100' title='bbox 493 940 693 985; x_wconf 81' lang='lat' dir='ltr'>Apollinaris</span> <span class='ocrx_word' id='word_1_101' title='bbox 708 940 863 972; x_wconf 89' lang='lat' dir='ltr'>Sidonius</span> <span class='ocrx_word' id='word_1_102' title='bbox 893 947 999 973; x_wconf 85' lang='lat' dir='ltr'>autem</span> <span class='ocrx_word' id='word_1_103' title='bbox 1026 942 1091 985; x_wconf 86' lang='lat' dir='ltr'>epi-</span> 
     </span>
     <span class='ocr_line' id='line_1_14' title="bbox 135 1002 1090 1050; baseline 0 -14"><span class='ocrx_word' id='word_1_104' title='bbox 135 1004 320 1036; x_wconf 81' lang='lat' dir='ltr'>thalamium</span> <span class='ocrx_word' id='word_1_105' title='bbox 343 1016 460 1036; x_wconf 89' lang='lat' dir='ltr'>canens</span> <span class='ocrx_word' id='word_1_106' title='bbox 489 1002 595 1050; x_wconf 90' lang='lat' dir='ltr'>(carm.</span> <span class='ocrx_word' id='word_1_107' title='bbox 610 1005 666 1044; x_wconf 75' lang='lat'>14,</span> <span class='ocrx_word' id='word_1_108' title='bbox 691 1004 727 1050; x_wconf 84' lang='lat' dir='ltr'>G)</span> <span class='ocrx_word' id='word_1_109' title='bbox 744 1004 914 1048; x_wconf 88' lang='lat' dir='ltr'>Calliopen</span> <span class='ocrx_word' id='word_1_110' title='bbox 933 1005 1026 1036; x_wconf 87' lang='lat' dir='ltr'>etiam</span> <span class='ocrx_word' id='word_1_111' title='bbox 1045 1005 1090 1036; x_wconf 90' lang='lat' dir='ltr'>in-</span> 
     </span>
     <span class='ocr_line' id='line_1_15' title="bbox 134 1066 1090 1109; baseline 0.001 -12"><span class='ocrx_word' id='word_1_112' title='bbox 134 1071 238 1106; x_wconf 75' lang='lat' dir='ltr'>vocat,</span> <span class='ocrx_word' id='word_1_113' title='bbox 262 1066 440 1109; x_wconf 84' lang='lat' dir='ltr'>eodemque</span> <span class='ocrx_word' id='word_1_114' title='bbox 458 1066 574 1105; x_wconf 83' lang='lat' dir='ltr'>verbo,</span> <span class='ocrx_word' id='word_1_115' title='bbox 600 1077 664 1109; x_wconf 87' lang='lat' dir='ltr'>quo</span> <span class='ocrx_word' id='word_1_116' title='bbox 683 1071 803 1105; x_wconf 87' lang='lat' dir='ltr'>noster,</span> <span class='ocrx_word' id='word_1_117' title='bbox 825 1067 963 1108; x_wconf 82' lang='lat' dir='ltr'>probare</span> <span class='ocrx_word' id='word_1_118' title='bbox 983 1066 1090 1098; x_wconf 88' lang='lat' dir='ltr'>utitur.</span> 
     </span>
    </p>

    <p class='ocr_par' dir='ltr' id='par_1_6' title="bbox 124 1126 1090 2354">
     <span class='ocr_line' id='line_1_16' title="bbox 207 1126 1090 1173; baseline 0 -14"><span class='ocrx_word' id='word_1_119' title='bbox 207 1126 364 1173; x_wconf 82' lang='lat' dir='ltr'>annuere]</span> <span class='ocrx_word' id='word_1_120' title='bbox 391 1127 573 1160; x_wconf 85' lang='lat' dir='ltr'>Verborum</span> <span class='ocrx_word' id='word_1_121' title='bbox 588 1127 621 1159; x_wconf 85' lang='lat' dir='ltr'>in</span> <span class='ocrx_word' id='word_1_122' title='bbox 634 1127 720 1159; x_wconf 89' lang='lat' dir='ltr'>hisce</span> <span class='ocrx_word' id='word_1_123' title='bbox 735 1127 880 1158; x_wconf 69' lang='lat' dir='ltr'>versibus</span> <span class='ocrx_word' id='word_1_124' title='bbox 895 1129 1090 1159; x_wconf 78' lang='lat' dir='ltr'>constructio</span> 
     </span>
     <span class='ocr_line' id='line_1_17' title="bbox 133 1189 1088 1234; baseline 0 -13"><span class='ocrx_word' id='word_1_125' title='bbox 133 1200 307 1234; x_wconf 85' lang='lat' dir='ltr'>eorumque</span> <span class='ocrx_word' id='word_1_126' title='bbox 320 1190 541 1234; x_wconf 75' lang='lat' dir='ltr'>interpretatio</span> <span class='ocrx_word' id='word_1_127' title='bbox 559 1190 604 1221; x_wconf 81' lang='lat' dir='ltr'>sic</span> <span class='ocrx_word' id='word_1_128' title='bbox 616 1189 759 1221; x_wconf 80' lang='lat' dir='ltr'>facienda</span> <span class='ocrx_word' id='word_1_129' title='bbox 775 1201 846 1221; x_wconf 90' lang='lat' dir='ltr'>esse</span> <span class='ocrx_word' id='word_1_130' title='bbox 861 1189 937 1221; x_wconf 88' lang='lat' dir='ltr'>mibi</span> <span class='ocrx_word' id='word_1_131' title='bbox 947 1190 1088 1221; x_wconf 70' lang='lat' dir='ltr'>videtur:</span> 
     </span>
     <span class='ocr_line' id='line_1_18' title="bbox 139 1249 1089 1296; baseline 0.002 -14"><span class='ocrx_word' id='word_1_132' title='bbox 139 1249 210 1282; x_wconf 73' lang='lat'>00!</span> <span class='ocrx_word' id='word_1_133' title='bbox 234 1257 292 1291; x_wconf 82' lang='lat' dir='ltr'>tu,</span> <span class='ocrx_word' id='word_1_134' title='bbox 318 1252 433 1295; x_wconf 84' lang='lat' dir='ltr'>copula</span> <span class='ocrx_word' id='word_1_135' title='bbox 451 1263 551 1292; x_wconf 82' lang='lat' dir='ltr'>sacra,</span> <span class='ocrx_word' id='word_1_136' title='bbox 580 1251 777 1294; x_wconf 78' lang='lat' dir='ltr'>Hymenaee,</span> <span class='ocrx_word' id='word_1_137' title='bbox 810 1263 905 1295; x_wconf 88' lang='lat' dir='ltr'>quem</span> <span class='ocrx_word' id='word_1_138' title='bbox 919 1252 1089 1296; x_wconf 85' lang='lat' dir='ltr'>perhibent</span> 
     </span>
     <span class='ocr_line' id='line_1_19' title="bbox 134 1310 1086 1355; baseline 0.003 -13"><span class='ocrx_word' id='word_1_139' title='bbox 134 1310 228 1342; x_wconf 88' lang='lat' dir='ltr'>deum</span> <span class='ocrx_word' id='word_1_140' title='bbox 241 1311 387 1342; x_wconf 74' lang='lat' dir='ltr'>thalamis</span> <span class='ocrx_word' id='word_1_141' title='bbox 403 1312 604 1355; x_wconf 81' lang='lat' dir='ltr'>psallentem,</span> <span class='ocrx_word' id='word_1_142' title='bbox 632 1318 732 1343; x_wconf 87' lang='lat' dir='ltr'>matre</span> <span class='ocrx_word' id='word_1_143' title='bbox 752 1312 915 1345; x_wconf 79' lang='lat' dir='ltr'>camoena</span> <span class='ocrx_word' id='word_1_144' title='bbox 933 1314 1086 1355; x_wconf 86' lang='lat' dir='ltr'>genitum,</span> 
     </span>
     <span class='ocr_line' id='line_1_20' title="bbox 133 1372 1086 1416; baseline 0.003 -13"><span class='ocrx_word' id='word_1_145' title='bbox 133 1372 189 1416; x_wconf 90' lang='lat' dir='ltr'>qui</span> <span class='ocrx_word' id='word_1_146' title='bbox 211 1372 331 1404; x_wconf 87' lang='lat' dir='ltr'>semina</span> <span class='ocrx_word' id='word_1_147' title='bbox 356 1372 467 1404; x_wconf 84' lang='lat' dir='ltr'>mundi</span> <span class='ocrx_word' id='word_1_148' title='bbox 485 1372 661 1416; x_wconf 82' lang='lat' dir='ltr'>pugnantia</span> <span class='ocrx_word' id='word_1_149' title='bbox 687 1373 823 1404; x_wconf 65' lang='lat' dir='ltr'>vinculis</span> <span class='ocrx_word' id='word_1_150' title='bbox 850 1375 973 1405; x_wconf 86' lang='lat' dir='ltr'>arcanis</span> <span class='ocrx_word' id='word_1_151' title='bbox 992 1376 1086 1407; x_wconf 86' lang='lat' dir='ltr'>strin-</span> 
     </span>
     <span class='ocr_line' id='line_1_21' title="bbox 131 1433 1088 1478; baseline 0.003 -14"><span class='ocrx_word' id='word_1_152' title='bbox 131 1445 222 1475; x_wconf 85' lang='lat' dir='ltr'>gens,</span> <span class='ocrx_word' id='word_1_153' title='bbox 256 1433 489 1478; x_wconf 83' lang='lat' dir='ltr'>complexuque</span> <span class='ocrx_word' id='word_1_154' title='bbox 512 1444 603 1464; x_wconf 84' lang='lat' dir='ltr'>sacro</span> <span class='ocrx_word' id='word_1_155' title='bbox 622 1433 712 1464; x_wconf 63' lang='lat' dir='ltr'>foves</span> <span class='ocrx_word' id='word_1_156' title='bbox 731 1433 861 1465; x_wconf 88' lang='lat' dir='ltr'>dissona</span> <span class='ocrx_word' id='word_1_157' title='bbox 875 1446 966 1466; x_wconf 81' lang='lat' dir='ltr'>nexa.</span> <span class='ocrx_word' id='word_1_158' title='bbox 1001 1436 1088 1467; x_wconf 71' lang='lat' dir='ltr'>Vici-</span> 
     </span>
     <span class='ocr_line' id='line_1_22' title="bbox 130 1492 1087 1542; baseline 0.003 -15"><span class='ocrx_word' id='word_1_159' title='bbox 130 1496 191 1528; x_wconf 85' lang='lat' dir='ltr'>bus</span> <span class='ocrx_word' id='word_1_160' title='bbox 221 1495 343 1542; x_wconf 83' lang='lat' dir='ltr'>(mutua</span> <span class='ocrx_word' id='word_1_161' title='bbox 363 1492 446 1541; x_wconf 64' lang='lat' dir='ltr'>vice)</span> <span class='ocrx_word' id='word_1_162' title='bbox 468 1495 553 1527; x_wconf 81' lang='lat' dir='ltr'>enim</span> <span class='ocrx_word' id='word_1_163' title='bbox 578 1495 734 1527; x_wconf 88' lang='lat' dir='ltr'>elementa</span> <span class='ocrx_word' id='word_1_164' title='bbox 753 1496 844 1537; x_wconf 81' lang='lat' dir='ltr'>ligas,</span> <span class='ocrx_word' id='word_1_165' title='bbox 870 1498 1087 1541; x_wconf 84' lang='lat' dir='ltr'>mundumque</span> 
     </span>
     <span class='ocr_line' id='line_1_23' title="bbox 130 1559 1087 1603; baseline 0 -11"><span class='ocrx_word' id='word_1_166' title='bbox 130 1560 269 1601; x_wconf 80' lang='lat' dir='ltr'>maritas,</span> <span class='ocrx_word' id='word_1_167' title='bbox 298 1565 392 1603; x_wconf 86' lang='lat' dir='ltr'>atque</span> <span class='ocrx_word' id='word_1_168' title='bbox 409 1571 518 1591; x_wconf 91' lang='lat' dir='ltr'>auram</span> <span class='ocrx_word' id='word_1_169' title='bbox 536 1559 651 1590; x_wconf 82' lang='lat' dir='ltr'>mentis</span> <span class='ocrx_word' id='word_1_170' title='bbox 675 1559 863 1603; x_wconf 82' lang='lat' dir='ltr'>corporibus</span> <span class='ocrx_word' id='word_1_171' title='bbox 885 1560 998 1600; x_wconf 86' lang='lat' dir='ltr'>socias,</span> <span class='ocrx_word' id='word_1_172' title='bbox 1022 1561 1087 1592; x_wconf 83' lang='lat' dir='ltr'>foe-</span> 
     </span>
     <span class='ocr_line' id='line_1_24' title="bbox 130 1623 1084 1668; baseline 0 -13"><span class='ocrx_word' id='word_1_173' title='bbox 130 1624 205 1655; x_wconf 83' lang='lat' dir='ltr'>dere</span> <span class='ocrx_word' id='word_1_174' title='bbox 229 1623 435 1668; x_wconf 85' lang='lat' dir='ltr'>eomplaeito,</span> <span class='ocrx_word' id='word_1_175' title='bbox 477 1623 537 1654; x_wconf 88' lang='lat' dir='ltr'>sub</span> <span class='ocrx_word' id='word_1_176' title='bbox 565 1634 629 1666; x_wconf 91' lang='lat' dir='ltr'>quo</span> <span class='ocrx_word' id='word_1_177' title='bbox 658 1628 771 1654; x_wconf 86' lang='lat' dir='ltr'>natura</span> <span class='ocrx_word' id='word_1_178' title='bbox 797 1624 948 1664; x_wconf 81' lang='lat' dir='ltr'>jugatur,</span> <span class='ocrx_word' id='word_1_179' title='bbox 988 1636 1084 1655; x_wconf 80' lang='lat' dir='ltr'>sexus</span> 
     </span>
     <span class='ocr_line' id='line_1_25' title="bbox 130 1687 1086 1731; baseline 0.001 -12"><span class='ocrx_word' id='word_1_180' title='bbox 130 1687 321 1728; x_wconf 80' lang='lat' dir='ltr'>concilians,</span> <span class='ocrx_word' id='word_1_181' title='bbox 363 1692 396 1719; x_wconf 85' lang='lat' dir='ltr'>et</span> <span class='ocrx_word' id='word_1_182' title='bbox 432 1687 492 1718; x_wconf 86' lang='lat' dir='ltr'>sub</span> <span class='ocrx_word' id='word_1_183' title='bbox 522 1698 628 1719; x_wconf 89' lang='lat' dir='ltr'>amore</span> <span class='ocrx_word' id='word_1_184' title='bbox 662 1687 766 1719; x_wconf 90' lang='lat' dir='ltr'>fidem.</span> <span class='ocrx_word' id='word_1_185' title='bbox 824 1687 872 1719; x_wconf 86' lang='lat' dir='ltr'>O!</span> <span class='ocrx_word' id='word_1_186' title='bbox 899 1688 1086 1731; x_wconf 66' lang='lat' dir='ltr'>Hymenaee</span> 
     </span>
     <span class='ocr_line' id='line_1_26' title="bbox 129 1751 1086 1795; baseline 0 -12"><span class='ocrx_word' id='word_1_187' title='bbox 129 1751 258 1792; x_wconf 84' lang='lat' dir='ltr'>deeenS,</span> <span class='ocrx_word' id='word_1_188' title='bbox 283 1751 338 1795; x_wconf 88' lang='lat' dir='ltr'>qui</span> <span class='ocrx_word' id='word_1_189' title='bbox 348 1751 501 1795; x_wconf 75' lang='lat' dir='ltr'>Cypridis</span> <span class='ocrx_word' id='word_1_190' title='bbox 517 1751 653 1783; x_wconf 79' lang='lat' dir='ltr'>maxima</span> <span class='ocrx_word' id='word_1_191' title='bbox 671 1762 745 1783; x_wconf 89' lang='lat' dir='ltr'>eura</span> <span class='ocrx_word' id='word_1_192' title='bbox 764 1763 817 1782; x_wconf 82' lang='lat' dir='ltr'>es:</span> <span class='ocrx_word' id='word_1_193' title='bbox 839 1751 912 1783; x_wconf 90' lang='lat' dir='ltr'>hine</span> <span class='ocrx_word' id='word_1_194' title='bbox 926 1752 1010 1783; x_wconf 87' lang='lat' dir='ltr'>enim</span> <span class='ocrx_word' id='word_1_195' title='bbox 1028 1752 1086 1783; x_wconf 87' lang='lat' dir='ltr'>tibi</span> 
     </span>
     <span class='ocr_line' id='line_1_27' title="bbox 129 1813 1084 1858; baseline 0 -13"><span class='ocrx_word' id='word_1_196' title='bbox 129 1813 244 1858; x_wconf 88' lang='lat' dir='ltr'>cupido</span> <span class='ocrx_word' id='word_1_197' title='bbox 257 1813 394 1855; x_wconf 83' lang='lat' dir='ltr'>flagrans</span> <span class='ocrx_word' id='word_1_198' title='bbox 409 1825 463 1844; x_wconf 87' lang='lat' dir='ltr'>ore</span> <span class='ocrx_word' id='word_1_199' title='bbox 478 1813 591 1853; x_wconf 86' lang='lat' dir='ltr'>micat,</span> <span class='ocrx_word' id='word_1_200' title='bbox 622 1824 680 1844; x_wconf 89' lang='lat' dir='ltr'>seu</span> <span class='ocrx_word' id='word_1_201' title='bbox 693 1813 853 1856; x_wconf 84' lang='lat' dir='ltr'>placuisse</span> <span class='ocrx_word' id='word_1_202' title='bbox 869 1813 926 1844; x_wconf 89' lang='lat' dir='ltr'>tibi</span> <span class='ocrx_word' id='word_1_203' title='bbox 940 1815 1084 1852; x_wconf 83' lang='lat' dir='ltr'>choreas,</span> 
     </span>
     <span class='ocr_line' id='line_1_28' title="bbox 130 1873 1084 1923; baseline 0.002 -16"><span class='ocrx_word' id='word_1_204' title='bbox 130 1877 217 1920; x_wconf 88' lang='lat' dir='ltr'>quod</span> <span class='ocrx_word' id='word_1_205' title='bbox 244 1875 343 1923; x_wconf 84' lang='lat' dir='ltr'>(quia)</span> <span class='ocrx_word' id='word_1_206' title='bbox 364 1877 511 1908; x_wconf 86' lang='lat' dir='ltr'>Bacchus</span> <span class='ocrx_word' id='word_1_207' title='bbox 528 1882 620 1920; x_wconf 85' lang='lat' dir='ltr'>pater</span> <span class='ocrx_word' id='word_1_208' title='bbox 649 1873 749 1922; x_wconf 84' lang='lat' dir='ltr'>(tuus)</span> <span class='ocrx_word' id='word_1_209' title='bbox 769 1881 833 1915; x_wconf 80' lang='lat' dir='ltr'>est,</span> <span class='ocrx_word' id='word_1_210' title='bbox 868 1888 925 1907; x_wconf 90' lang='lat' dir='ltr'>seu</span> <span class='ocrx_word' id='word_1_211' title='bbox 955 1883 1084 1909; x_wconf 78' lang='lat' dir='ltr'>cantare</span> 
     </span>
     <span class='ocr_line' id='line_1_29' title="bbox 130 1937 1083 1986; baseline 0.002 -16"><span class='ocrx_word' id='word_1_212' title='bbox 130 1940 168 1971; x_wconf 75' lang='lat' dir='ltr'>:ul</span> <span class='ocrx_word' id='word_1_213' title='bbox 192 1940 347 1971; x_wconf 83' lang='lat' dir='ltr'>thalamos</span> <span class='ocrx_word' id='word_1_214' title='bbox 373 1939 535 1981; x_wconf 80' lang='lat' dir='ltr'>genitricis</span> <span class='ocrx_word' id='word_1_215' title='bbox 567 1938 604 1986; x_wconf 92' lang='lat' dir='ltr'>(a</span> <span class='ocrx_word' id='word_1_216' title='bbox 621 1937 772 1984; x_wconf 66' lang='lat' dir='ltr'>Venere)</span> <span class='ocrx_word' id='word_1_217' title='bbox 803 1939 919 1979; x_wconf 89' lang='lat' dir='ltr'>habes,</span> <span class='ocrx_word' id='word_1_218' title='bbox 965 1953 1022 1972; x_wconf 90' lang='lat' dir='ltr'>scu</span> <span class='ocrx_word' id='word_1_219' title='bbox 1046 1941 1083 1972; x_wconf 87' lang='lat' dir='ltr'>li-</span> 
     </span>
     <span class='ocr_line' id='line_1_30' title="bbox 128 2002 1081 2046; baseline 0.002 -12"><span class='ocrx_word' id='word_1_220' title='bbox 128 2003 212 2034; x_wconf 86' lang='lat' dir='ltr'>mina</span> <span class='ocrx_word' id='word_1_221' title='bbox 242 2003 388 2034; x_wconf 87' lang='lat' dir='ltr'>florentia</span> <span class='ocrx_word' id='word_1_222' title='bbox 414 2002 508 2034; x_wconf 85' lang='lat' dir='ltr'>sertis</span> <span class='ocrx_word' id='word_1_223' title='bbox 535 2003 701 2034; x_wconf 68' lang='lat' dir='ltr'>verniferis</span> <span class='ocrx_word' id='word_1_224' title='bbox 723 2015 860 2043; x_wconf 87' lang='lat' dir='ltr'>comere,</span> <span class='ocrx_word' id='word_1_225' title='bbox 891 2005 1081 2046; x_wconf 83' lang='lat' dir='ltr'>consangui-</span> 
     </span>
     <span class='ocr_line' id='line_1_31' title="bbox 127 2062 1082 2110; baseline 0.002 -14"><span class='ocrx_word' id='word_1_226' title='bbox 127 2076 189 2096; x_wconf 85' lang='lat' dir='ltr'>neo</span> <span class='ocrx_word' id='word_1_227' title='bbox 218 2062 315 2110; x_wconf 84' lang='lat' dir='ltr'>(tibi)</span> <span class='ocrx_word' id='word_1_228' title='bbox 347 2064 459 2096; x_wconf 87' lang='lat' dir='ltr'>Gratia</span> <span class='ocrx_word' id='word_1_229' title='bbox 489 2064 571 2095; x_wconf 63' lang='lat' dir='ltr'>nina</span> <span class='ocrx_word' id='word_1_230' title='bbox 602 2065 690 2096; x_wconf 86' lang='lat' dir='ltr'>dedit</span> <span class='ocrx_word' id='word_1_231' title='bbox 719 2063 797 2110; x_wconf 88' lang='lat' dir='ltr'>(tres</span> <span class='ocrx_word' id='word_1_232' title='bbox 826 2065 957 2098; x_wconf 86' lang='lat' dir='ltr'>Gratiae</span> <span class='ocrx_word' id='word_1_233' title='bbox 986 2067 1082 2098; x_wconf 90' lang='lat' dir='ltr'>dede-</span> 
     </span>
     <span class='ocr_line' id='line_1_32' title="bbox 125 2125 1081 2174; baseline 0.002 -15"><span class='ocrx_word' id='word_1_234' title='bbox 125 2125 236 2174; x_wconf 67' lang='lat' dir='ltr'>runt),</span> <span class='ocrx_word' id='word_1_235' title='bbox 266 2128 433 2172; x_wconf 88' lang='lat' dir='ltr'>Calliopea</span> <span class='ocrx_word' id='word_1_236' title='bbox 455 2127 650 2160; x_wconf 89' lang='lat' dir='ltr'>connubium</span> <span class='ocrx_word' id='word_1_237' title='bbox 668 2128 774 2160; x_wconf 74' lang='lat' dir='ltr'>divum</span> <span class='ocrx_word' id='word_1_238' title='bbox 791 2140 988 2173; x_wconf 90' lang='lat' dir='ltr'>componens</span> <span class='ocrx_word' id='word_1_239' title='bbox 1007 2143 1081 2174; x_wconf 90' lang='lat' dir='ltr'>pro—</span> 
     </span>
     <span class='ocr_line' id='line_1_33' title="bbox 124 2189 1080 2237; baseline 0.002 -15"><span class='ocrx_word' id='word_1_240' title='bbox 124 2190 196 2230; x_wconf 77' lang='lat' dir='ltr'>bat,</span> <span class='ocrx_word' id='word_1_241' title='bbox 226 2195 256 2221; x_wconf 87' lang='lat' dir='ltr'>te</span> <span class='ocrx_word' id='word_1_242' title='bbox 275 2201 414 2221; x_wconf 84' lang='lat' dir='ltr'>annuere</span> <span class='ocrx_word' id='word_1_243' title='bbox 445 2189 588 2235; x_wconf 84' lang='lat' dir='ltr'>auspicio</span> <span class='ocrx_word' id='word_1_244' title='bbox 617 2189 793 2222; x_wconf 70' lang='lat' dir='ltr'>carminis«</span> <span class='ocrx_word' id='word_1_245' title='bbox 828 2189 919 2237; x_wconf 69' lang='lat' dir='ltr'>(Sive</span> <span class='ocrx_word' id='word_1_246' title='bbox 946 2193 1080 2224; x_wconf 88' lang='lat' dir='ltr'>choreae</span> 
     </span>
     <span class='ocr_line' id='line_1_34' title="bbox 125 2251 1079 2296; baseline 0.002 -13"><span class='ocrx_word' id='word_1_247' title='bbox 125 2251 181 2283; x_wconf 78' lang='lat' dir='ltr'>tibi</span> <span class='ocrx_word' id='word_1_248' title='bbox 210 2251 372 2295; x_wconf 88' lang='lat' dir='ltr'>placeant,</span> <span class='ocrx_word' id='word_1_249' title='bbox 399 2251 473 2294; x_wconf 82' lang='lat' dir='ltr'>quia</span> <span class='ocrx_word' id='word_1_250' title='bbox 502 2251 651 2283; x_wconf 87' lang='lat' dir='ltr'>Bacchus</span> <span class='ocrx_word' id='word_1_251' title='bbox 675 2257 767 2296; x_wconf 88' lang='lat' dir='ltr'>pater</span> <span class='ocrx_word' id='word_1_252' title='bbox 797 2257 871 2283; x_wconf 86' lang='lat' dir='ltr'>tuus</span> <span class='ocrx_word' id='word_1_253' title='bbox 898 2259 969 2294; x_wconf 67' lang='lat' dir='ltr'>est,</span> <span class='ocrx_word' id='word_1_254' title='bbox 1012 2254 1079 2285; x_wconf 76' lang='lat' dir='ltr'>sive</span> 
     </span>
     <span class='ocr_line' id='line_1_35' title="bbox 126 2312 1078 2354; baseline 0.003 -10"><span class='ocrx_word' id='word_1_255' title='bbox 126 2317 251 2344; x_wconf 84' lang='lat' dir='ltr'>eantare</span> <span class='ocrx_word' id='word_1_256' title='bbox 275 2312 315 2343; x_wconf 90' lang='lat' dir='ltr'>ad</span> <span class='ocrx_word' id='word_1_257' title='bbox 339 2312 494 2343; x_wconf 84' lang='lat' dir='ltr'>thalamos</span> <span class='ocrx_word' id='word_1_258' title='bbox 522 2324 539 2343; x_wconf 86' lang='lat' dir='ltr'>a</span> <span class='ocrx_word' id='word_1_259' title='bbox 562 2313 691 2345; x_wconf 72' lang='lat' dir='ltr'>Venere</span> <span class='ocrx_word' id='word_1_260' title='bbox 717 2319 835 2354; x_wconf 71' lang='lat' dir='ltr'>matre,</span> <span class='ocrx_word' id='word_1_261' title='bbox 871 2315 936 2346; x_wconf 73' lang='lat' dir='ltr'>sive</span> <span class='ocrx_word' id='word_1_262' title='bbox 969 2315 1078 2347; x_wconf 81' lang='lat' dir='ltr'>limina</span> 
     </span>
    </p>
   </div>
   <div class='ocr_carea' id='block_1_5' title="bbox 126 2372 1074 2416">
    <p class='ocr_par' dir='ltr' id='par_1_7' title="bbox 126 2372 1074 2416">
     <span class='ocr_line' id='line_1_36' title="bbox 126 2372 1074 2416; baseline 0.007 -14"><span class='ocrx_word' id='word_1_263' title='bbox 126 2372 217 2402; x_wconf 85' lang='lat' dir='ltr'>sertis</span> <span class='ocrx_word' id='word_1_264' title='bbox 244 2380 396 2405; x_wconf 81' lang='lat' dir='ltr'>coronare</span> <span class='ocrx_word' id='word_1_265' title='bbox 417 2386 434 2404; x_wconf 90' lang='lat' dir='ltr'>a</span> <span class='ocrx_word' id='word_1_266' title='bbox 451 2373 572 2406; x_wconf 86' lang='lat' dir='ltr'>Gratiis</span> <span class='ocrx_word' id='word_1_267' title='bbox 591 2374 837 2416; x_wconf 79' lang='lat' dir='ltr'>consanguineis</span> <span class='ocrx_word' id='word_1_268' title='bbox 860 2376 922 2406; x_wconf 89' lang='lat' dir='ltr'>tuis</span> <span class='ocrx_word' id='word_1_269' title='bbox 940 2377 1074 2409; x_wconf 83' lang='lat' dir='ltr'>habeas:</span> 
     </span>
    </p>
   </div>
   <div class='ocr_carea' id='block_1_6' title="bbox 76 2432 1074 2484">
    <p class='ocr_par' dir='ltr' id='par_1_8' title="bbox 76 2432 1074 2484">
     <span class='ocr_line' id='line_1_37' title="bbox 76 2432 1074 2484; baseline 0.009 -22"><span class='ocrx_word' id='word_1_270' title='bbox 76 2442 86 2443; x_wconf 53' lang='grc'><em>’</em></span> <span class='ocrx_word' id='word_1_271' title='bbox 125 2432 271 2478; x_wconf 83' lang='lat' dir='ltr'>Calliope</span> <span class='ocrx_word' id='word_1_272' title='bbox 298 2435 427 2467; x_wconf 84' lang='lat' dir='ltr'>omnino</span> <span class='ocrx_word' id='word_1_273' title='bbox 452 2436 650 2480; x_wconf 80' lang='lat' dir='ltr'>approbabit,</span> <span class='ocrx_word' id='word_1_274' title='bbox 677 2436 763 2480; x_wconf 78' lang='lat' dir='ltr'>quod</span> <span class='ocrx_word' id='word_1_275' title='bbox 793 2438 906 2469; x_wconf 83' lang='lat' dir='ltr'>annuis</span> <span class='ocrx_word' id='word_1_276' title='bbox 933 2439 1074 2484; x_wconf 85' lang='lat' dir='ltr'>auspicio</span> 
     </span>
    </p>
   </div>
   <div class='ocr_carea' id='block_1_7' title="bbox 125 2493 296 2541">
    <p class='ocr_par' dir='ltr' id='par_1_9' title="bbox 125 2493 296 2541">
     <span class='ocr_line' id='line_1_38' title="bbox 125 2493 296 2541; baseline -0.006 -13"><span class='ocrx_word' id='word_1_277' title='bbox 125 2493 296 2541; x_wconf 81' lang='lat' dir='ltr'>carminis).</span> 
     </span>
    </p>
   </div>
   <div class='ocr_carea' id='block_1_8' title="bbox 1149 434 2102 738">
    <p class='ocr_par' dir='ltr' id='par_1_10' title="bbox 1149 434 2102 738">
     <span class='ocr_line' id='line_1_39' title="bbox 1224 434 2102 482; baseline 0.005 -15"><span class='ocrx_word' id='word_1_278' title='bbox 1224 434 1325 481; x_wconf 80' lang='lat' dir='ltr'>Dum]</span> <span class='ocrx_word' id='word_1_279' title='bbox 1365 437 1516 469; x_wconf 82' lang='lat' dir='ltr'>Profecto</span> <span class='ocrx_word' id='word_1_280' title='bbox 1534 437 1667 477; x_wconf 86' lang='lat' dir='ltr'>mirum,</span> <span class='ocrx_word' id='word_1_281' title='bbox 1695 438 1734 469; x_wconf 90' lang='lat' dir='ltr'>ab</span> <span class='ocrx_word' id='word_1_282' title='bbox 1759 439 1907 470; x_wconf 85' lang='lat' dir='ltr'>omnibus</span> <span class='ocrx_word' id='word_1_283' title='bbox 1924 438 2102 482; x_wconf 84' lang='lat' dir='ltr'>interpreti-</span> 
     </span>
     <span class='ocr_line' id='line_1_40' title="bbox 1150 499 2101 539; baseline 0.003 -8"><span class='ocrx_word' id='word_1_284' title='bbox 1150 499 1228 539; x_wconf 84' lang='lat' dir='ltr'>bus,</span> <span class='ocrx_word' id='word_1_285' title='bbox 1262 505 1294 532; x_wconf 88' lang='lat' dir='ltr'>et</span> <span class='ocrx_word' id='word_1_286' title='bbox 1311 499 1426 532; x_wconf 90' lang='lat' dir='ltr'>Grotio</span> <span class='ocrx_word' id='word_1_287' title='bbox 1455 507 1488 533; x_wconf 89' lang='lat' dir='ltr'>et</span> <span class='ocrx_word' id='word_1_288' title='bbox 1514 501 1689 533; x_wconf 78' lang='lat' dir='ltr'>novissimo</span> <span class='ocrx_word' id='word_1_289' title='bbox 1716 502 1857 537; x_wconf 80' lang='lat' dir='ltr'>Goezio,</span> <span class='ocrx_word' id='word_1_290' title='bbox 1889 515 2001 534; x_wconf 67' lang='lat' dir='ltr'>versus</span> <span class='ocrx_word' id='word_1_291' title='bbox 2028 504 2101 534; x_wconf 81' lang='lat' dir='ltr'>illos</span> 
     </span>
     <span class='ocr_line' id='line_1_41' title="bbox 1150 563 2101 609; baseline 0.002 -14"><span class='ocrx_word' id='word_1_292' title='bbox 1150 563 1286 596; x_wconf 86' lang='lat' dir='ltr'>Saturae</span> <span class='ocrx_word' id='word_1_293' title='bbox 1312 564 1461 605; x_wconf 83' lang='lat' dir='ltr'>adscribi,</span> <span class='ocrx_word' id='word_1_294' title='bbox 1492 577 1590 609; x_wconf 88' lang='lat' dir='ltr'>quum</span> <span class='ocrx_word' id='word_1_295' title='bbox 1612 566 1901 609; x_wconf 78' lang='lat' dir='ltr'>quinquagenarius</span> <span class='ocrx_word' id='word_1_296' title='bbox 1925 567 2101 598; x_wconf 77' lang='lat' dir='ltr'>Martianus</span> 
     </span>
     <span class='ocr_line' id='line_1_42' title="bbox 1149 628 2100 674; baseline 0.003 -15"><span class='ocrx_word' id='word_1_297' title='bbox 1149 628 1217 672; x_wconf 88' lang='lat' dir='ltr'>ipse</span> <span class='ocrx_word' id='word_1_298' title='bbox 1257 631 1353 660; x_wconf 77' lang='lat' dir='ltr'>»istos</span> <span class='ocrx_word' id='word_1_299' title='bbox 1387 641 1486 661; x_wconf 75' lang='lat' dir='ltr'>cano«</span> <span class='ocrx_word' id='word_1_300' title='bbox 1521 629 1614 661; x_wconf 76' lang='lat' dir='ltr'>dicat.</span> <span class='ocrx_word' id='word_1_301' title='bbox 1674 630 1871 661; x_wconf 83' lang='lat' dir='ltr'>Fesellerunt</span> <span class='ocrx_word' id='word_1_302' title='bbox 1911 642 2025 674; x_wconf 85' lang='lat' dir='ltr'>nempe</span> <span class='ocrx_word' id='word_1_303' title='bbox 2043 642 2100 662; x_wconf 82' lang='lat' dir='ltr'>eos</span> 
     </span>
     <span class='ocr_line' id='line_1_43' title="bbox 1149 692 2100 738; baseline 0.005 -16"><span class='ocrx_word' id='word_1_304' title='bbox 1149 692 1259 732; x_wconf 72' lang='lat' dir='ltr'>verba,</span> <span class='ocrx_word' id='word_1_305' title='bbox 1288 705 1369 736; x_wconf 82' lang='lat' dir='ltr'>quae</span> <span class='ocrx_word' id='word_1_306' title='bbox 1394 693 1490 738; x_wconf 89' lang='lat' dir='ltr'>paulo</span> <span class='ocrx_word' id='word_1_307' title='bbox 1511 698 1586 738; x_wconf 87' lang='lat' dir='ltr'>post</span> <span class='ocrx_word' id='word_1_308' title='bbox 1612 698 1799 736; x_wconf 83' lang='lat' dir='ltr'>sequuntur,</span> <span class='ocrx_word' id='word_1_309' title='bbox 1828 700 1955 726; x_wconf 72' lang='lat' dir='ltr'>»satura</span> <span class='ocrx_word' id='word_1_310' title='bbox 1973 695 2100 727; x_wconf 88' lang='lat' dir='ltr'>commi-</span> 
     </span>
    </p>
   </div>
   <div class='ocr_carea' id='block_1_9' title="bbox 1124 753 2101 2535">
    <p class='ocr_par' dir='ltr' id='par_1_11' title="bbox 1148 753 1306 786">
     <span class='ocr_line' id='line_1_44' title="bbox 1148 753 1306 786; baseline -0.006 0"><span class='ocrx_word' id='word_1_311' title='bbox 1148 753 1306 786; x_wconf 56' lang='lat' dir='ltr'>nisenus«</span> 
     </span>
    </p>

    <p class='ocr_par' dir='ltr' id='par_1_12' title="bbox 1136 815 2101 1734">
     <span class='ocr_line' id='line_1_45' title="bbox 1223 815 2098 863; baseline 0.003 -17"><span class='ocrx_word' id='word_1_312' title='bbox 1223 817 1331 847; x_wconf 76' lang='lat' dir='ltr'>nescio</span> <span class='ocrx_word' id='word_1_313' title='bbox 1344 816 1423 863; x_wconf 80' lang='lat' dir='ltr'>quid</span> <span class='ocrx_word' id='word_1_314' title='bbox 1435 815 1614 861; x_wconf 75' lang='lat' dir='ltr'>inopinum]</span> <span class='ocrx_word' id='word_1_315' title='bbox 1642 815 1749 860; x_wconf 87' lang='lat' dir='ltr'>Saepe</span> <span class='ocrx_word' id='word_1_316' title='bbox 1764 816 1880 849; x_wconf 87' lang='lat' dir='ltr'>Cicero</span> <span class='ocrx_word' id='word_1_317' title='bbox 1894 817 2000 848; x_wconf 74' lang='lat' dir='ltr'>verbis</span> <span class='ocrx_word' id='word_1_318' title='bbox 2026 829 2098 849; x_wconf 79' lang='lat' dir='ltr'>»ne-</span> 
     </span>
     <span class='ocr_line' id='line_1_46' title="bbox 1145 877 2101 927; baseline 0.004 -20"><span class='ocrx_word' id='word_1_319' title='bbox 1145 877 1211 908; x_wconf 87' lang='lat' dir='ltr'>seio</span> <span class='ocrx_word' id='word_1_320' title='bbox 1234 877 1329 921; x_wconf 78' lang='lat' dir='ltr'>quidn</span> <span class='ocrx_word' id='word_1_321' title='bbox 1366 889 1444 909; x_wconf 90' lang='lat' dir='ltr'>usus</span> <span class='ocrx_word' id='word_1_322' title='bbox 1472 883 1538 918; x_wconf 67' lang='lat' dir='ltr'>cst,</span> <span class='ocrx_word' id='word_1_323' title='bbox 1581 889 1641 922; x_wconf 89' lang='lat' dir='ltr'>pro</span> <span class='ocrx_word' id='word_1_324' title='bbox 1661 877 1781 910; x_wconf 82' lang='lat' dir='ltr'>Archia</span> <span class='ocrx_word' id='word_1_325' title='bbox 1802 880 1841 910; x_wconf 85' lang='lat'>7:</span> <span class='ocrx_word' id='word_1_326' title='bbox 1874 881 1999 911; x_wconf 76' lang='lat' dir='ltr'>»neseio</span> <span class='ocrx_word' id='word_1_327' title='bbox 2022 880 2101 927; x_wconf 78' lang='lat' dir='ltr'>quid</span> 
     </span>
     <span class='ocr_line' id='line_1_47' title="bbox 1142 940 2099 987; baseline 0.003 -16"><span class='ocrx_word' id='word_1_328' title='bbox 1142 942 1361 983; x_wconf 76' lang='lat' dir='ltr'>praeclarum:</span> <span class='ocrx_word' id='word_1_329' title='bbox 1393 941 1541 985; x_wconf 87' lang='lat' dir='ltr'>idemque</span> <span class='ocrx_word' id='word_1_330' title='bbox 1573 940 1676 984; x_wconf 87' lang='lat' dir='ltr'>(orat.</span> <span class='ocrx_word' id='word_1_331' title='bbox 1701 942 1806 986; x_wconf 83' lang='lat' dir='ltr'>partit.</span> <span class='ocrx_word' id='word_1_332' title='bbox 1830 940 1898 987; x_wconf 79' lang='lat'>21)</span> <span class='ocrx_word' id='word_1_333' title='bbox 1933 945 2099 986; x_wconf 80' lang='lat' dir='ltr'>inopinata</span> 
     </span>
     <span class='ocr_line' id='line_1_48' title="bbox 1142 1003 2097 1050; baseline 0.003 -17"><span class='ocrx_word' id='word_1_334' title='bbox 1142 1014 1215 1034; x_wconf 87' lang='lat' dir='ltr'>esse</span> <span class='ocrx_word' id='word_1_335' title='bbox 1238 1003 1317 1034; x_wconf 82' lang='lat' dir='ltr'>dixit</span> <span class='ocrx_word' id='word_1_336' title='bbox 1336 1004 1557 1041; x_wconf 62' lang='lat' dir='ltr'>admirabiliag</span> <span class='ocrx_word' id='word_1_337' title='bbox 1595 1003 1777 1047; x_wconf 82' lang='lat' dir='ltr'>pariterque</span> <span class='ocrx_word' id='word_1_338' title='bbox 1801 1004 1956 1035; x_wconf 85' lang='lat' dir='ltr'>Horatius</span> <span class='ocrx_word' id='word_1_339' title='bbox 1979 1003 2043 1050; x_wconf 82' lang='lat' dir='ltr'>(od.</span> <span class='ocrx_word' id='word_1_340' title='bbox 2062 1007 2097 1045; x_wconf 91' lang='lat'>5,</span> 
     </span>
     <span class='ocr_line' id='line_1_49' title="bbox 1146 1062 2090 1110; baseline 0.004 -16"><span class='ocrx_word' id='word_1_341' title='bbox 1146 1065 1176 1103; x_wconf 83' lang='lat'>1,</span> <span class='ocrx_word' id='word_1_342' title='bbox 1206 1062 1242 1108; x_wconf 75' lang='lat'>2)</span> <span class='ocrx_word' id='word_1_343' title='bbox 1276 1065 1413 1096; x_wconf 87' lang='lat' dir='ltr'>earmina</span> <span class='ocrx_word' id='word_1_344' title='bbox 1446 1065 1634 1096; x_wconf 87' lang='lat' dir='ltr'>laudaturus</span> <span class='ocrx_word' id='word_1_345' title='bbox 1671 1078 1763 1096; x_wconf 81' lang='lat' dir='ltr'>»non</span> <span class='ocrx_word' id='word_1_346' title='bbox 1786 1066 1874 1110; x_wconf 86' lang='lat' dir='ltr'>prius</span> <span class='ocrx_word' id='word_1_347' title='bbox 1899 1079 1936 1098; x_wconf 87' lang='lat' dir='ltr'>ea</span> <span class='ocrx_word' id='word_1_348' title='bbox 1959 1067 2090 1098; x_wconf 75' lang='lat' dir='ltr'>audim-</span> 
     </span>
     <span class='ocr_line' id='line_1_50' title="bbox 1141 1128 2097 1176; baseline 0.005 -19"><span class='ocrx_word' id='word_1_349' title='bbox 1141 1128 1312 1171; x_wconf 86' lang='lat' dir='ltr'>praedicat.</span> <span class='ocrx_word' id='word_1_350' title='bbox 1349 1129 1468 1160; x_wconf 52' lang='lat' dir='ltr'>lvcis-cio</span> <span class='ocrx_word' id='word_1_351' title='bbox 1490 1129 1569 1176; x_wconf 77' lang='lat' dir='ltr'>quid</span> <span class='ocrx_word' id='word_1_352' title='bbox 1592 1129 1688 1170; x_wconf 81' lang='lat' dir='ltr'>igitur</span> <span class='ocrx_word' id='word_1_353' title='bbox 1713 1130 1898 1173; x_wconf 87' lang='lat' dir='ltr'>neutiquam</span> <span class='ocrx_word' id='word_1_354' title='bbox 1925 1143 1997 1162; x_wconf 90' lang='lat' dir='ltr'>eum</span> <span class='ocrx_word' id='word_1_355' title='bbox 2021 1143 2097 1162; x_wconf 85' lang='lat' dir='ltr'>eon-</span> 
     </span>
     <span class='ocr_line' id='line_1_51' title="bbox 1140 1190 2098 1235; baseline 0.003 -15"><span class='ocrx_word' id='word_1_356' title='bbox 1140 1195 1240 1221; x_wconf 87' lang='lat' dir='ltr'>temtu</span> <span class='ocrx_word' id='word_1_357' title='bbox 1263 1190 1399 1230; x_wconf 80' lang='lat' dir='ltr'>dietum,</span> <span class='ocrx_word' id='word_1_358' title='bbox 1431 1190 1487 1222; x_wconf 81' lang='lat' dir='ltr'>sed</span> <span class='ocrx_word' id='word_1_359' title='bbox 1510 1191 1549 1222; x_wconf 90' lang='lat' dir='ltr'>de</span> <span class='ocrx_word' id='word_1_360' title='bbox 1576 1191 1688 1231; x_wconf 81' lang='lat' dir='ltr'>grandi</span> <span class='ocrx_word' id='word_1_361' title='bbox 1717 1191 1899 1231; x_wconf 83' lang='lat' dir='ltr'>conamine,</span> <span class='ocrx_word' id='word_1_362' title='bbox 1942 1192 2030 1235; x_wconf 89' lang='lat' dir='ltr'>quod</span> <span class='ocrx_word' id='word_1_363' title='bbox 2066 1198 2098 1223; x_wconf 85' lang='lat' dir='ltr'>ct</span> 
     </span>
     <span class='ocr_line' id='line_1_52' title="bbox 1138 1251 2096 1297; baseline 0.001 -15"><span class='ocrx_word' id='word_1_364' title='bbox 1138 1251 1271 1283; x_wconf 77' lang='lat' dir='ltr'>verbum</span> <span class='ocrx_word' id='word_1_365' title='bbox 1287 1253 1393 1283; x_wconf 83' lang='lat' dir='ltr'>moliri</span> <span class='ocrx_word' id='word_1_366' title='bbox 1407 1252 1518 1283; x_wconf 88' lang='lat' dir='ltr'>innuit.</span> <span class='ocrx_word' id='word_1_367' title='bbox 1542 1252 1632 1284; x_wconf 80' lang='lat' dir='ltr'>llaec</span> <span class='ocrx_word' id='word_1_368' title='bbox 1646 1252 1774 1295; x_wconf 69' lang='lat' dir='ltr'>quidem</span> <span class='ocrx_word' id='word_1_369' title='bbox 1789 1253 1967 1285; x_wconf 82' lang='lat' dir='ltr'>Martianus</span> <span class='ocrx_word' id='word_1_370' title='bbox 1985 1259 2096 1297; x_wconf 74' lang='lat' dir='ltr'>patei-5</span> 
     </span>
     <span class='ocr_line' id='line_1_53' title="bbox 1138 1315 2095 1359; baseline 0.002 -13"><span class='ocrx_word' id='word_1_371' title='bbox 1138 1315 1196 1346; x_wconf 88' lang='lat' dir='ltr'>sed</span> <span class='ocrx_word' id='word_1_372' title='bbox 1228 1327 1361 1359; x_wconf 86' lang='lat' dir='ltr'>prorsus</span> <span class='ocrx_word' id='word_1_373' title='bbox 1396 1316 1589 1347; x_wconf 89' lang='lat' dir='ltr'>contrarium</span> <span class='ocrx_word' id='word_1_374' title='bbox 1624 1316 1722 1348; x_wconf 87' lang='lat' dir='ltr'>sentit</span> <span class='ocrx_word' id='word_1_375' title='bbox 1752 1316 1968 1349; x_wconf 71' lang='lat' dir='ltr'>interveniens</span> <span class='ocrx_word' id='word_1_376' title='bbox 2001 1317 2095 1348; x_wconf 83' lang='lat' dir='ltr'>filius.</span> 
     </span>
     <span class='ocr_line' id='line_1_54' title="bbox 1138 1379 2096 1424; baseline 0.002 -14"><span class='ocrx_word' id='word_1_377' title='bbox 1138 1379 1225 1411; x_wconf 80' lang='lat' dir='ltr'>Huic</span> <span class='ocrx_word' id='word_1_378' title='bbox 1253 1379 1338 1411; x_wconf 88' lang='lat' dir='ltr'>enim</span> <span class='ocrx_word' id='word_1_379' title='bbox 1369 1380 1578 1411; x_wconf 83' lang='lat' dir='ltr'>adscribenda</span> <span class='ocrx_word' id='word_1_380' title='bbox 1609 1385 1684 1411; x_wconf 87' lang='lat' dir='ltr'>sunt</span> <span class='ocrx_word' id='word_1_381' title='bbox 1716 1392 1798 1423; x_wconf 87' lang='lat' dir='ltr'>quae</span> <span class='ocrx_word' id='word_1_382' title='bbox 1836 1386 2030 1424; x_wconf 85' lang='lat' dir='ltr'>sequuntur,</span> <span class='ocrx_word' id='word_1_383' title='bbox 2064 1387 2096 1412; x_wconf 86' lang='lat' dir='ltr'>et</span> 
     </span>
     <span class='ocr_line' id='line_1_55' title="bbox 1139 1440 2093 1489; baseline 0.004 -19"><span class='ocrx_word' id='word_1_384' title='bbox 1139 1440 1185 1471; x_wconf 86' lang='lat' dir='ltr'>sic</span> <span class='ocrx_word' id='word_1_385' title='bbox 1210 1440 1338 1483; x_wconf 87' lang='lat' dir='ltr'>quidem</span> <span class='ocrx_word' id='word_1_386' title='bbox 1355 1441 1451 1472; x_wconf 71' lang='lat' dir='ltr'>verba</span> <span class='ocrx_word' id='word_1_387' title='bbox 1467 1441 1697 1472; x_wconf 83' lang='lat' dir='ltr'>construenda:</span> <span class='ocrx_word' id='word_1_388' title='bbox 1724 1443 1920 1474; x_wconf 68' lang='lat' dir='ltr'>„Martianus</span> <span class='ocrx_word' id='word_1_389' title='bbox 1955 1441 2058 1489; x_wconf 83' lang='lat' dir='ltr'>(filius</span> <span class='ocrx_word' id='word_1_390' title='bbox 2068 1440 2093 1487; x_wconf 86' lang='grc'>),</span> 
     </span>
     <span class='ocr_line' id='line_1_56' title="bbox 1138 1500 2092 1546; baseline 0.005 -15"><span class='ocrx_word' id='word_1_391' title='bbox 1138 1513 1203 1532; x_wconf 91' lang='lat' dir='ltr'>non</span> <span class='ocrx_word' id='word_1_392' title='bbox 1224 1501 1388 1544; x_wconf 84' lang='lat' dir='ltr'>perferens</span> <span class='ocrx_word' id='word_1_393' title='bbox 1410 1501 1561 1533; x_wconf 75' lang='lat' dir='ltr'>verticem</span> <span class='ocrx_word' id='word_1_394' title='bbox 1586 1500 1710 1546; x_wconf 82' lang='lat' dir='ltr'>(patris)</span> <span class='ocrx_word' id='word_1_395' title='bbox 1735 1504 1858 1546; x_wconf 87' lang='lat' dir='ltr'>capillis</span> <span class='ocrx_word' id='word_1_396' title='bbox 1880 1504 2092 1536; x_wconf 84' lang='lat' dir='ltr'>albicantibus</span> 
     </span>
     <span class='ocr_line' id='line_1_57' title="bbox 1137 1563 2093 1606; baseline 0.006 -14"><span class='ocrx_word' id='word_1_397' title='bbox 1137 1573 1319 1605; x_wconf 86' lang='lat' dir='ltr'>respersum</span> <span class='ocrx_word' id='word_1_398' title='bbox 1354 1563 1622 1606; x_wconf 83' lang='lat' dir='ltr'>incrementisque</span> <span class='ocrx_word' id='word_1_399' title='bbox 1664 1564 1852 1596; x_wconf 85' lang='lat' dir='ltr'>lustralibus</span> <span class='ocrx_word' id='word_1_400' title='bbox 1896 1565 2093 1598; x_wconf 83' lang='lat' dir='ltr'>decuriatum</span> 
     </span>
     <span class='ocr_line' id='line_1_58' title="bbox 1136 1625 2091 1672; baseline 0.006 -17"><span class='ocrx_word' id='word_1_401' title='bbox 1136 1625 1272 1668; x_wconf 83' lang='lat' dir='ltr'>ineptias</span> <span class='ocrx_word' id='word_1_402' title='bbox 1292 1626 1468 1667; x_wconf 80' lang='lat' dir='ltr'>aggarrire,</span> <span class='ocrx_word' id='word_1_403' title='bbox 1500 1626 1671 1658; x_wconf 66' lang='lat' dir='ltr'>intervenit</span> <span class='ocrx_word' id='word_1_404' title='bbox 1697 1627 1825 1658; x_wconf 82' lang='lat' dir='ltr'>dicens:</span> <span class='ocrx_word' id='word_1_405' title='bbox 1845 1628 1921 1672; x_wconf 91' lang='lat' dir='ltr'>quid</span> <span class='ocrx_word' id='word_1_406' title='bbox 1944 1629 2031 1661; x_wconf 84' lang='lat' dir='ltr'>istud</span> <span class='ocrx_word' id='word_1_407' title='bbox 2049 1630 2091 1661; x_wconf 90' lang='lat' dir='ltr'>mi</span> 
     </span>
     <span class='ocr_line' id='line_1_59' title="bbox 1136 1694 1338 1734; baseline 0.01 -15"><span class='ocrx_word' id='word_1_408' title='bbox 1136 1694 1247 1734; x_wconf 85' lang='lat' dir='ltr'>pater«</span> <span class='ocrx_word' id='word_1_409' title='bbox 1279 1695 1338 1721; x_wconf 74' lang='lat' dir='ltr'>cot.</span> 
     </span>
    </p>

    <p class='ocr_par' dir='ltr' id='par_1_13' title="bbox 1134 1750 2089 1982">
     <span class='ocr_line' id='line_1_60' title="bbox 1212 1750 2089 1797; baseline 0.005 -14"><span class='ocrx_word' id='word_1_410' title='bbox 1212 1750 1346 1797; x_wconf 82' lang='lat' dir='ltr'>capillis]</span> <span class='ocrx_word' id='word_1_411' title='bbox 1374 1751 1531 1783; x_wconf 86' lang='lat' dir='ltr'>Ordinem</span> <span class='ocrx_word' id='word_1_412' title='bbox 1544 1757 1667 1784; x_wconf 87' lang='lat' dir='ltr'>tantum</span> <span class='ocrx_word' id='word_1_413' title='bbox 1684 1752 1863 1794; x_wconf 66' lang='lat' dir='ltr'>verborum,</span> <span class='ocrx_word' id='word_1_414' title='bbox 1889 1766 1928 1785; x_wconf 82' lang='lat' dir='ltr'>cx</span> <span class='ocrx_word' id='word_1_415' title='bbox 1938 1754 2089 1796; x_wconf 70' lang='lat' dir='ltr'>flagiano</span> 
     </span>
     <span class='ocr_line' id='line_1_61' title="bbox 1135 1816 2088 1860; baseline 0.003 -13"><span class='ocrx_word' id='word_1_416' title='bbox 1135 1816 1245 1848; x_wconf 89' lang='lat' dir='ltr'>codice</span> <span class='ocrx_word' id='word_1_417' title='bbox 1265 1822 1296 1847; x_wconf 84' lang='lat' dir='ltr'>et</span> <span class='ocrx_word' id='word_1_418' title='bbox 1318 1816 1351 1848; x_wconf 87' lang='lat' dir='ltr'>in</span> <span class='ocrx_word' id='word_1_419' title='bbox 1375 1816 1458 1848; x_wconf 88' lang='lat' dir='ltr'>libro</span> <span class='ocrx_word' id='word_1_420' title='bbox 1484 1816 1747 1858; x_wconf 83' lang='lat' dir='ltr'>Norimbergensi</span> <span class='ocrx_word' id='word_1_421' title='bbox 1777 1818 1817 1849; x_wconf 90' lang='lat' dir='ltr'>ad</span> <span class='ocrx_word' id='word_1_422' title='bbox 1837 1819 2010 1860; x_wconf 81' lang='lat' dir='ltr'>marginem</span> <span class='ocrx_word' id='word_1_423' title='bbox 2033 1831 2088 1851; x_wconf 85' lang='lat' dir='ltr'>no-</span> 
     </span>
     <span class='ocr_line' id='line_1_62' title="bbox 1134 1878 2087 1927; baseline 0.003 -18"><span class='ocrx_word' id='word_1_424' title='bbox 1134 1883 1199 1909; x_wconf 90' lang='lat' dir='ltr'>tata</span> <span class='ocrx_word' id='word_1_425' title='bbox 1217 1878 1367 1919; x_wconf 87' lang='lat' dir='ltr'>lectione,</span> <span class='ocrx_word' id='word_1_426' title='bbox 1397 1878 1525 1911; x_wconf 57' lang='lat' dir='ltr'>mutari„</span> <span class='ocrx_word' id='word_1_427' title='bbox 1562 1879 1686 1911; x_wconf 86' lang='lat' dir='ltr'>Forsan</span> <span class='ocrx_word' id='word_1_428' title='bbox 1704 1880 1738 1913; x_wconf 83' lang='lat' dir='ltr'>in</span> <span class='ocrx_word' id='word_1_429' title='bbox 1756 1881 1913 1926; x_wconf 85' lang='lat' dir='ltr'>Priapeiis</span> <span class='ocrx_word' id='word_1_430' title='bbox 1941 1880 2020 1927; x_wconf 75' lang='lat'>(77,</span> <span class='ocrx_word' id='word_1_431' title='bbox 2043 1879 2087 1926; x_wconf 74' lang='lat'>2)</span> 
     </span>
     <span class='ocr_line' id='line_1_63' title="bbox 1134 1940 1403 1982; baseline 0 -10"><span class='ocrx_word' id='word_1_432' title='bbox 1134 1946 1245 1972; x_wconf 91' lang='lat' dir='ltr'>noster</span> <span class='ocrx_word' id='word_1_433' title='bbox 1266 1940 1403 1982; x_wconf 79' lang='lat' dir='ltr'>legerat:</span> 
     </span>
    </p>

    <p class='ocr_par' dir='ltr' id='par_1_14' title="bbox 1182 2005 1752 2050">
     <span class='ocr_line' id='line_1_64' title="bbox 1182 2005 1752 2050; baseline 0.005 -19"><span class='ocrx_word' id='word_1_434' title='bbox 1182 2021 1232 2027; x_wconf 92' lang='lat'>—-</span> <span class='ocrx_word' id='word_1_435' title='bbox 1249 2020 1295 2027; x_wconf 86' lang='lat'>—-</span> <span class='ocrx_word' id='word_1_436' title='bbox 1313 2021 1360 2028; x_wconf 93' lang='lat'><strong>—</strong></span> <span class='ocrx_word' id='word_1_437' title='bbox 1379 2022 1425 2026; x_wconf 95' lang='lat'><strong>—</strong></span> <span class='ocrx_word' id='word_1_438' title='bbox 1456 2015 1644 2050; x_wconf 76' lang='lat' dir='ltr'>»meumque</span> <span class='ocrx_word' id='word_1_439' title='bbox 1662 2005 1752 2035; x_wconf 81' lang='lat' dir='ltr'>emu&#39;s</span> 
     </span>
    </p>

    <p class='ocr_par' dir='ltr' id='par_1_15' title="bbox 1127 2064 2084 2360">
     <span class='ocr_line' id='line_1_65' title="bbox 1183 2064 1840 2108; baseline 0.003 -13"><span class='ocrx_word' id='word_1_440' title='bbox 1183 2064 1267 2096; x_wconf 82' lang='lat' dir='ltr'>Cum</span> <span class='ocrx_word' id='word_1_441' title='bbox 1291 2065 1390 2096; x_wconf 84' lang='lat' dir='ltr'>barba</span> <span class='ocrx_word' id='word_1_442' title='bbox 1418 2071 1514 2108; x_wconf 82' lang='lat' dir='ltr'>capnt</span> <span class='ocrx_word' id='word_1_443' title='bbox 1543 2065 1658 2097; x_wconf 77' lang='lat' dir='ltr'>albicet</span> <span class='ocrx_word' id='word_1_444' title='bbox 1687 2066 1840 2108; x_wconf 53' lang='lat' dir='ltr'>capillis«</span> 
     </span>
     <span class='ocr_line' id='line_1_66' title="bbox 1130 2127 2084 2174; baseline 0.002 -16"><span class='ocrx_word' id='word_1_445' title='bbox 1130 2127 1256 2159; x_wconf 86' lang='lat' dir='ltr'>Pariter</span> <span class='ocrx_word' id='word_1_446' title='bbox 1269 2128 1357 2160; x_wconf 81' lang='lat' dir='ltr'>Saxo</span> <span class='ocrx_word' id='word_1_447' title='bbox 1371 2128 1605 2160; x_wconf 85' lang='lat' dir='ltr'>Grammaticus</span> <span class='ocrx_word' id='word_1_448' title='bbox 1623 2127 1669 2173; x_wconf 76' lang='lat' dir='ltr'>(G.</span> <span class='ocrx_word' id='word_1_449' title='bbox 1681 2142 1711 2172; x_wconf 85' lang='lat' dir='ltr'>p.</span> <span class='ocrx_word' id='word_1_450' title='bbox 1725 2130 1741 2160; x_wconf 84' lang='lat'>-1</span> <span class='ocrx_word' id='word_1_451' title='bbox 1751 2127 1809 2174; x_wconf 73' lang='lat'>13)</span> <span class='ocrx_word' id='word_1_452' title='bbox 1825 2129 1879 2172; x_wconf 89' lang='lat' dir='ltr'>qui</span> <span class='ocrx_word' id='word_1_453' title='bbox 1893 2129 2084 2160; x_wconf 65' lang='lat' dir='ltr'>Martialium</span> 
     </span>
     <span class='ocr_line' id='line_1_67' title="bbox 1129 2189 2082 2234; baseline 0 -13"><span class='ocrx_word' id='word_1_454' title='bbox 1129 2189 1315 2222; x_wconf 82' lang='lat' dir='ltr'>imitandum</span> <span class='ocrx_word' id='word_1_455' title='bbox 1332 2190 1477 2234; x_wconf 81' lang='lat' dir='ltr'>saepiuS,</span> <span class='ocrx_word' id='word_1_456' title='bbox 1500 2196 1535 2221; x_wconf 90' lang='lat' dir='ltr'>ut</span> <span class='ocrx_word' id='word_1_457' title='bbox 1550 2190 1747 2234; x_wconf 84' lang='lat' dir='ltr'>Stephanius</span> <span class='ocrx_word' id='word_1_458' title='bbox 1776 2191 1902 2231; x_wconf 85' lang='lat' dir='ltr'>docuit,</span> <span class='ocrx_word' id='word_1_459' title='bbox 1930 2191 1990 2221; x_wconf 85' lang='lat' dir='ltr'>sibi</span> <span class='ocrx_word' id='word_1_460' title='bbox 2011 2202 2082 2234; x_wconf 87' lang='lat' dir='ltr'>pro·</span> 
     </span>
     <span class='ocr_line' id='line_1_68' title="bbox 1128 2251 2082 2297; baseline 0.001 -15"><span class='ocrx_word' id='word_1_461' title='bbox 1128 2258 1290 2296; x_wconf 85' lang='lat' dir='ltr'>posucrat,</span> <span class='ocrx_word' id='word_1_462' title='bbox 1324 2251 1498 2284; x_wconf 75' lang='lat' dir='ltr'>»Albicetu</span> <span class='ocrx_word' id='word_1_463' title='bbox 1531 2252 1658 2297; x_wconf 81' lang='lat' dir='ltr'>scripsit</span> <span class='ocrx_word' id='word_1_464' title='bbox 1696 2265 1897 2297; x_wconf 71' lang='lat' dir='ltr'>»quanquam</span> <span class='ocrx_word' id='word_1_465' title='bbox 1915 2253 2004 2284; x_wconf 78' lang='lat' dir='ltr'>senio</span> <span class='ocrx_word' id='word_1_466' title='bbox 2033 2263 2082 2283; x_wconf 80' lang='lat' dir='ltr'>ea·</span> 
     </span>
     <span class='ocr_line' id='line_1_69' title="bbox 1127 2315 1254 2360; baseline 0 -14"><span class='ocrx_word' id='word_1_467' title='bbox 1127 2315 1254 2360; x_wconf 76' lang='lat' dir='ltr'>pillus.u</span> 
     </span>
    </p>

    <p class='ocr_par' dir='ltr' id='par_1_16' title="bbox 1124 2378 2081 2535">
     <span class='ocr_line' id='line_1_70' title="bbox 1201 2378 2081 2426; baseline 0 -16"><span class='ocrx_word' id='word_1_468' title='bbox 1201 2380 1469 2426; x_wconf 75' lang='lat' dir='ltr'>incrementisque</span> <span class='ocrx_word' id='word_1_469' title='bbox 1485 2379 1671 2411; x_wconf 77' lang='lat' dir='ltr'>lustralibus</span> <span class='ocrx_word' id='word_1_470' title='bbox 1691 2378 1903 2423; x_wconf 72' lang='lat' dir='ltr'>‹leem-iatum]</span> <span class='ocrx_word' id='word_1_471' title='bbox 1940 2379 2014 2410; x_wconf 79' lang='lat' dir='ltr'>Hoc</span> <span class='ocrx_word' id='word_1_472' title='bbox 2031 2384 2081 2410; x_wconf 82' lang='lat' dir='ltr'>est</span> 
     </span>
     <span class='ocr_line' id='line_1_71' title="bbox 1126 2439 2077 2485; baseline 0 -15"><span class='ocrx_word' id='word_1_473' title='bbox 1126 2440 1443 2485; x_wconf 79' lang='lat' dir='ltr'>quinquagenarium,</span> <span class='ocrx_word' id='word_1_474' title='bbox 1472 2440 1529 2484; x_wconf 89' lang='lat' dir='ltr'>qui</span> <span class='ocrx_word' id='word_1_475' title='bbox 1539 2440 1608 2482; x_wconf 88' lang='lat' dir='ltr'>jam</span> <span class='ocrx_word' id='word_1_476' title='bbox 1636 2441 1746 2472; x_wconf 88' lang='lat' dir='ltr'>decem</span> <span class='ocrx_word' id='word_1_477' title='bbox 1767 2441 1866 2471; x_wconf 84' lang='lat' dir='ltr'>lustra</span> <span class='ocrx_word' id='word_1_478' title='bbox 1891 2439 2077 2482; x_wconf 80' lang='lat' dir='ltr'>peregerim.</span> 
     </span>
     <span class='ocr_line' id='line_1_72' title="bbox 1124 2500 2077 2535; baseline 0 -1"><span class='ocrx_word' id='word_1_479' title='bbox 1124 2501 1228 2534; x_wconf 73' lang='lat' dir='ltr'>vum.</span> <span class='ocrx_word' id='word_1_480' title='bbox 1248 2522 1290 2527; x_wconf 93' lang='lat'>—</span> <span class='ocrx_word' id='word_1_481' title='bbox 1309 2502 1472 2535; x_wconf 70' lang='lat' dir='ltr'>Lusa-alia</span> <span class='ocrx_word' id='word_1_482' title='bbox 1490 2508 1612 2534; x_wconf 88' lang='lat' dir='ltr'>certum</span> <span class='ocrx_word' id='word_1_483' title='bbox 1631 2508 1680 2534; x_wconf 86' lang='lat' dir='ltr'>est</span> <span class='ocrx_word' id='word_1_484' title='bbox 1698 2515 1715 2532; x_wconf 89' lang='lat' dir='ltr'>a</span> <span class='ocrx_word' id='word_1_485' title='bbox 1733 2500 1935 2532; x_wconf 84' lang='lat' dir='ltr'>multitudine</span> <span class='ocrx_word' id='word_1_486' title='bbox 1960 2501 2077 2534; x_wconf 88' lang='lat' dir='ltr'>lustro-</span> 
     </span>
    </p>
   </div>
  </div>
 </body>
</html>
