2310 2860
805 183 1004 226 Martiani
1036 182 1234 239 Capellae
1265 182 1336 224 lib.
1366 182 1419 225 V.
1451 184 1481 234 ᾗ.
1508 182 1606 224 471.
2099 186 2189 226 419

233 291 489 333 contradicit.
544 291 623 332 Hic
654 306 737 333 non
770 301 829 333 est
857 292 1065 332 incestum
1096 291 1249 342 libere,
1295 305 1373 332 nec
1403 289 1672 345 tyrannidem
1705 300 1838 347 potest
1867 290 2064 345 objicere.

230 382 327 413 sunt
356 372 508 414 ductus
549 371 767 414 artificiose
806 371 1010 413 tractandi
1045 381 1084 412 et
1123 386 1199 427 per
1228 381 1356 414 totam
1390 373 1622 414 orationem
1663 372 1868 414 subtiliter
1897 370 2186 423 diffundendi,

231 453 305 507 qui
338 468 361 494 a
391 454 531 495 colore
562 455 642 495 hoc
672 463 943 510 separantur,
983 453 1099 508 quod
1131 453 1246 495 color
1276 455 1318 494 in
1350 467 1434 494 una
1471 462 1633 494 tantum
1667 462 1805 508 parte,
1840 453 1991 494 ductus
2024 453 2066 493 in
2098 461 2184 493 tota

2131 290 2187 331 Hi
2218 293 2302 332 1171

229 548 355 575 causa
387 546 598 577 servatur.
655 537 821 577 Ductus
851 535 1064 591 reperitur
1094 550 1146 575 ex
1178 534 1394 575 causativo
1426 533 1527 585 litis,
1574 532 1655 573 hoc
1690 542 1750 574 est
1780 548 1831 574 ex
1863 549 1908 574 re
1938 547 2049 588 quae
2081 547 2184 573 con-
2213 532 2304 574 472

228 616 478 657 troversiam
517 617 637 669 facit,
684 632 796 673 quae
830 625 903 658 aut
932 616 1145 672 praeteriti
1177 617 1377 670 temporis
1410 625 1492 666 est,
1543 624 1589 656 ut
1617 630 1669 656 an
1700 615 1871 669 Ajacem
1907 616 2080 670 Ulysses
2111 630 2184 655 oc-

228 695 392 748 ciderit,
443 713 555 752 quae
593 698 771 740 ductum
812 698 1046 754 simplicem
1087 706 1218 749 tenet3
1277 706 1349 738 aut
1385 697 1419 737 si
1460 697 1688 753 praesentis
1721 697 1787 738 vel
1819 696 1951 737 futuri
1983 695 2184 751 temporis

226 778 376 829 fuerit,
430 795 578 821 omnes
618 779 770 821 ductus
812 779 1002 820 admittit.
1070 779 1183 833 Ergo
1221 778 1374 820 ductus
1405 778 1457 819 de
1489 778 1660 818 consilio
1705 778 1911 829 nascitur3
1960 776 2184 817 consilium

225 875 278 901 ex
310 863 523 903 causativo
559 862 640 903 litis
672 862 884 914 exoritur3
928 861 1195 903 causativum
1226 862 1304 902 litis
1337 871 1415 912 est,
1465 860 1580 915 quod
1612 860 1736 901 faciat
1765 859 2094 910 dubitationem,
2139 866 2187 898 ut

226 939 268 980 in
300 941 371 982 illo
396 943 565 996 tyranni
596 944 863 984 causativum
896 943 976 983 litis
1008 953 1088 994 est,
1128 943 1244 998 quod
1276 953 1483 999 tyrannus
1513 942 1747 983 custodiam
1798 951 1836 982 et
1868 942 1973 983 arcis
2005 939 2187 996 postulat

225 1031 263 1062 et
296 1038 534 1066 armorum.
603 1027 730 1067 Hunc
767 1026 947 1067 ductum
989 1036 1209 1068 servatum
1256 1033 1429 1065 testatur
1471 1023 1609 1079 prima
1654 1022 1912 1077 Philippica,
1960 1035 2046 1075 qua
2078 1019 2187 1060 mira

222 1102 450 1145 subtilitate
487 1105 757 1148 dominatum
795 1107 966 1148 Antonii
1005 1108 1181 1148 latenter
1222 1106 1459 1157 insimulat,
1513 1113 1558 1144 ut
1597 1105 1740 1144 omnia
1777 1102 1919 1144 dicens
1949 1102 2008 1144 nil
2041 1114 2187 1156 aspere

222 1183 376 1226 dixisse
408 1186 616 1228 videatur.

946 1346 1026 1387 DE
1061 1344 1351 1387 ARGUMEN
1359 1344 1464 1386 TIS.

392 1451 469 1492 His
501 1452 701 1493 omnibus
732 1452 979 1508 conquisitis
1012 1460 1262 1506 argumenta
1294 1449 1476 1491 videnda
1508 1458 1625 1501 sunt,
1657 1448 1815 1504 quibus
1848 1447 1900 1489 ad
1932 1446 2189 1502 quaestionis

223 1532 476 1588 ambiguum
521 1532 624 1574 fides
664 1533 803 1575 valeat
842 1532 1049 1574 adhiberi.

220 1691 323 1732 dedit3
357 1702 420 1735 quo
447 1702 581 1736 peregre
608 1692 752 1736 profecto
783 1691 939 1735 infamari
960 1690 1068 1735 eoepit
1090 1702 1183 1723 socer

219 1757 254 1786 ιή
275 1766 403 1786 nto-nm.
440 1753 576 1786 Maritus
602 1765 750 1794 reversus
775 1765 810 1785 se
836 1752 1015 1797 suspendit.
1038 1752 1181 1798 Imperat

221 1816 312 1847 alteri
335 1816 400 1848 filio
426 1821 517 1860 pater
542 1822 577 1846 ut
604 1816 738 1847 eandem
765 1816 879 1856 ducat,
907 1815 1071 1847 nolentem
1093 1814 1180 1847 abdi-

219 1883 307 1918 cat«,
334 1877 398 1908 nisi
426 1877 513 1920 qnod
542 1882 653 1909 noster
679 1877 879 1920 tyrannidem
907 1877 1062 1918 adjunxit.

294 1970 398 2010 potest
427 1962 579 2009 objicere]
611 1963 681 1996 Aut
704 1969 809 2007 potest
842 1964 1003 2006 glossema
1034 1970 1098 2006 cst,
1127 1970 1181 1996 aut

218 2027 404 2069 legendum:
434 2027 485 2058 hic
514 2038 580 2057 non
608 2027 640 2057 ei
667 2026 843 2064 incestmn5
878 2025 936 2057 sed
965 2025 1055 2069 prius
1079 2026 1180 2067 malo,

218 2095 254 2122 ut
280 2089 321 2120 sit
349 2087 475 2133 phrasis
500 2086 697 2120 Graecanica
722 2092 791 2119 »est
814 2087 981 2130 objicere«
1007 2086 1113 2121 Gnor.
1130 2108 1179 2114 —-

218 2153 357 2187 Codices
377 2151 456 2183 nihil
479 2156 611 2183 mutant.

293 2237 414 2284 colore]
448 2238 626 2271 Confirmat
649 2239 711 2270 1100
737 2235 976 2281 Quinctilianus
1002 2239 1087 2283 (12,
1115 2237 1183 2279 1Ο,’

220 2300 286 2341 ’713
325 2312 357 2344 p.
380 2301 453 2333 675
481 2299 628 2344 Spald.)=
657 2311 740 2331 nnon
774 2312 858 2331 unus
894 2300 985 2333 color
1012 2300 1180 2345 prooemii,

219 2363 426 2403 narrationis,
455 2370 730 2405 argumentorum,
765 2364 975 2406 egressionis,
1004 2364 1179 2410 peroratio-

219 2428 270 2460 nis
299 2427 502 2459 servabitur.«
550 2428 703 2462 Ceterum
736 2429 775 2461 de
805 2429 877 2475 ipso
903 2417 1019 2463 colore‘
1035 2429 1181 2462 videatur

221 2493 337 2525 Cicero
363 2492 415 2535 (de
440 2497 519 2524 orat.
539 2493 581 2532 5,
609 2493 657 2524 23
683 2499 716 2524 et
738 2493 811 2537 52).

295 2581 337 2601 ex
363 2567 548 2613 causativo]
590 2568 749 2602 subtilius
779 2571 898 2603 Curius
931 2569 1180 2602 Fortunatianus

221 2635 233 2677 (
240 2646 269 2678 p.
288 2633 370 2675 41)=
405 2632 565 2665 »Ductum
601 2632 684 2665 unde
720 2633 923 2667 invenimus?
962 2646 1003 2667 ex
1034 2634 1179 2667 consilio.

1114 1531 1240 1575 Fides
1277 1541 1420 1573 autem
1462 1531 1597 1572 tribus
1640 1529 1685 1572 fit
1724 1528 1878 1570 modis:
1911 1526 2189 1576 conciliando,

1232 1689 1414 1723 Consilium
1451 1688 1536 1721 unde
1568 1687 1770 1720 invenimus?
1806 1697 1847 1718 ex
1881 1692 2035 1729 tempore.
2079 1683 2191 1726 Ipsum

1231 1759 1358 1797 1011111115
1382 1753 1543 1796 quomodo
1570 1751 1772 1783 invenimus?
1800 1762 1839 1782 ex
1865 1748 2027 1782 causativo
2050 1746 2142 1777 litim

1304 1815 1458 1861 Ajacem]
1486 1815 1612 1847 Eodem
1638 1815 1785 1859 exemplo
1810 1819 1885 1859 post
1912 1813 2103 1845 Ciceronem
2131 1809 2190 1853 (in-

1231 1885 1316 1911 vent.
1339 1881 1376 1920 1,
1403 1881 1442 1920 8,
1472 1879 1547 1911 0011.
1567 1877 1664 1911 Auet.
1693 1879 1733 1910 ad
1757 1879 1901 1910 IIcrenn.
1921 1877 1961 1917 2,
1989 1874 2048 1918 19)
2069 1873 2190 1917 Quine-

1230 1945 1361 1977 tilianns
1388 1945 1441 1989 (4,
1467 1944 1506 1985 2,
1534 1946 1597 1986 155
1623 1957 1656 1989 p.
1674 1945 1738 1986 66,
1770 1950 1802 1976 et
1822 1946 1861 1984 5,
1890 1943 1952 1983 10,
1976 1941 2042 1981 413
2070 1952 2100 1984 p.
2116 1939 2187 1970 251

1231 2008 1357 2053 Spald.)
1382 2020 1460 2040 usus
1485 2014 1561 2040 erat.

1303 2068 1396 2116 fides]
1425 2069 1541 2103 Cicero
1566 2070 1686 2115 (partit.
1710 2070 1742 2101 9.
1769 2069 1825 2100 12.
1851 2067 1925 2111 15):
1951 2065 2064 2109 »Quae
2085 2064 2124 2095 ad
2146 2063 2188 2094 fa·

1230 2133 1376 2166 ciendam
1391 2133 1487 2176 fidem
1507 2134 1723 2178 pertinent—
1736 2133 1768 2164 in
1787 2130 2061 2164 confirmationem
2086 2133 2119 2159 et
2140 2137 2187 2157 re-

1229 2195 1476 2239 prehensionem
1489 2195 1683 2228 dividuntur.
1698 2195 1780 2226 Nam
1795 2194 1826 2226 in
1844 2191 2061 2226 confirmando
2079 2193 2188 2220 nostra

1228 2259 1364 2301 probare
1387 2257 1597 2289 volumnszin
1619 2256 1882 2301 reprehendendo
1905 2255 2094 2293 redarguere
2112 2260 2186 2280 con-

1229 2321 1351 2352 tra1·ia.«
1393 2320 1437 2352 Et
1462 2321 1524 2352 alio
1555 2321 1628 2354 loco
1648 2322 1733 2365 (top.
1762 2319 1805 2363 2)
1834 2321 2058 2362 argumentum
2077 2311 2188 2343 definit

1236 2382 1426 2423 arationem,
1468 2395 1549 2427 quae
1577 2383 1623 2414 rei
1654 2382 1770 2413 dubiae
1797 2380 1892 2412 saciat
1923 2378 2046 2420 fidem«
2091 2372 2189 2405 Adde

1231 2446 1484 2489 Quinctilianum
1508 2447 1568 2492 (5,
1598 2447 1660 2487 103
1687 2459 1718 2490 p.
1740 2445 1815 2476 226
1840 2439 1985 2485 Spald.)‚
2016 2437 2072 2482 qui
2100 2442 2188 2481 11051->

1230 2520 1325 2552 quam
1347 2509 1380 2540 in
1409 2508 1593 2540 universum
1619 2509 1660 2539 de
1682 2505 1878 2549 aryzaententis
1902 2501 1998 2539 dixit,
2037 2510 2102 2543 quo
2131 2509 2189 2528 no-

1229 2570 1331 2610 mine,
1364 2570 1482 2614 inquit,
1515 2568 1774 2613 ”complectimur
1806 2564 1925 2602 onmia,
1963 2572 2047 2605 quae
2073 2559 2189 2591 Graeci

1230 2628 1508 2678 ἐνθυμήματα,
1548 2624 1848 2674 ἐπιχειρήματα,
1883 2619 2105 2663 ἀποδείξεις
2135 2631 2186 2651 *⁰⁴

1711 2691 1757 2722 55

2219 1440 2309 1482 475
