2310 2860
741 138 941 180 Martiani
973 138 1172 195 Capellae
1202 140 1275 183 lib.
1303 140 1382 182 IX.
1413 144 1444 193 ᾗ.
1467 142 1569 185 925.

2060 151 2145 193 719

174 244 537 286 Lacedaemonios
568 245 609 286 in
641 245 843 296 Graecia,
875 245 915 286 in
949 245 1067 292 Italia
1099 246 1317 300 Sybaritas
1349 249 1537 291 tibicines
1568 251 1622 292 ad
1655 253 1815 307 proelia
1849 256 2014 310 praeire
2045 258 2141 311 quis

172 326 357 366 neseiat?
411 326 561 367 Tubas
600 341 683 367 non
723 327 863 367 solum
895 327 1116 382 sonIpcdcs
1157 337 1286 382 atque
1325 330 1459 380 bella,
1507 332 1583 373 scd
1624 348 1776 389 agonas
1822 351 1974 377 acuere
2007 348 2142 379 certa-

171 422 361 463 111anUO
400 408 722 460 lnelanOI'Uln‚
775 423 890 449 nunc
934 421 1109 464 qtlquO
1148 419 1432 463 compertum.

170 490 320 530 nostris
351 489 544 530 cantibus
575 488 818 530 celebrata?
878 490 1145 529 Graecarum
1177 490 1338 544 quippe
1371 491 1544 532 urbium
1578 495 1741 536 multae
1770 497 1822 538 ad
1854 498 1992 553 lyram
2027 500 2137 555 leges

169 570 427 626 decretaque
458 571 629 627 publica
661 572 908 612 recitabant.
951 571 1346 612 perturbationibus
1374 574 1617 616 annnorum
1651 580 1954 635 corporeisque
1983 583 2140 624 morbis

168 653 420 694 medicabile
457 652 649 694 erebrius
689 668 861 694 carmen
901 653 1082 694 insonui.

165 815 261 847 alium
292 815 334 847 ita
364 817 497 861 reperiri
526 822 614 861 puto.
651 817 777 849 Forsan
804 817 932 849 illorum
961 823 1128 849 auctorum

164 877 296 922 aliquis,
323 879 378 922 qui
410 891 427 910 a
455 879 632 911 Plutarcho
658 879 690 910 in
712 879 891 911 Alexandri
917 879 981 911 vita
1008 892 1125 911 memo-

162 947 289 983 rantur,
324 944 385 974 hoe
413 943 659 987 perscripserat,
695 945 780 976 unde
803 944 982 976 Martianus
1011 944 1044 976 id
1072 945 1125 976 de-

163 1006 322 1038 sumserit.
346 1007 490 1039 Memmi.
513 1025 561 1031 —
603 1008 750 1039 Historia
790 1008 861 1053 ipsa
895 1014 1000 1041 exstat
1042 1008 1126 1052 apud

160 1070 339 1102 Diodorum
375 1070 522 1102 Siculum
551 1072 630 1114 (17,
668 1073 750 1114 77),
803 1072 998 1104 Strabonem
1036 1073 1123 1114 (ΙΙ,

158 1146 192 1178 p.
211 1135 283 1166 505
305 1133 474 1177 casaub),
503 1134 651 1166 Curtium
673 1136 726 1178 (6,
746 1136 798 1177 5),
824 1136 989 1167 Justinum
1009 1137 1062 1178 (2,
1090 1137 1124 1176 4,

158 1196 226 1236 553
255 1196 318 1236 12,
342 1197 382 1235 5,
414 1198 454 1237 53
487 1197 554 1237 42,
581 1199 623 1238 5,
654 1198 707 1241 7);
733 1198 916 1229 Thalestrin
941 1198 1006 1229 sive
1028 1198 1123 1229 Mini-

157 1260 264 1302 thyam
295 1260 488 1303 appellatam
511 1261 628 1293 serunt.
653 1261 776 1294 Confer
792 1262 935 1293 l‘etitum
959 1262 999 1293 de
1022 1261 1121 1293 Ama-

158 1321 295 1353 zonibus
321 1323 364 1364 (p.
378 1322 451 1353 564
468 1322 582 1366 sequ.).

235 1382 418 1428 Sybaritas]
446 1384 544 1416 Haud
569 1384 636 1416 scio
663 1396 703 1416 an
723 1384 904 1416 Martianus
927 1385 1121 1427 negligentia

157 1446 269 1489 lapsus
294 1447 351 1486 sit,
387 1446 494 1478 animo
528 1447 598 1488 ejus
624 1447 816 1479 obversante
842 1447 975 1479 historia
1001 1447 1056 1479 illa
1081 1447 1120 1479 de

157 1509 343 1554 Sybaritani
358 1510 517 1543 exereitus
537 1511 680 1555 equitatu
702 1512 741 1542 ad
765 1512 972 1555 symphoniae
992 1517 1119 1543 cantum

156 1575 325 1606 saltatione
343 1575 480 1618 quadam
497 1575 617 1606 moveri
635 1575 732 1606 solito
749 1575 851 1619 (Plin.
868 1576 903 1614 8,
921 1575 999 1617 64),
1024 1588 1118 1618 quem

152 1644 258 1670 tamen
288 1651 326 1670 ea
354 1639 424 1683 ipsa
449 1651 482 1670 re
514 1639 601 1671 bello
631 1639 738 1670 minus
765 1639 916 1670 idoneum
947 1639 1047 1670 fnisse
1070 1639 1118 1670 in-

154 1701 329 1743 telligimus
354 1713 394 1732 ex
423 1700 594 1733 Athenaeo
617 1701 696 1745 (12,
725 1701 789 1741 193
815 1713 846 1744 p.
867 1701 964 1744 520).

226 1764 344 1810 tubas]
378 1765 538 1796 Boethius
568 1765 629 1809 (dc
653 1765 774 1797 musica
816 1766 853 1804 1,
892 1765 928 1805 1,
962 1764 995 1796 in
1029 1776 1116 1809 oper.

152 1838 182 1870 p.
204 1827 329 1869 1575)=
352 1827 486 1858 »Nonne
511 1826 592 1858 illud
623 1827 720 1858 etiam
749 1826 952 1857 manifestum
981 1832 1048 1867 est,
1083 1827 1117 1859 in

151 1888 271 1920 bellum
310 1888 521 1932 pugnantium
555 1887 679 1920 animos
713 1888 861 1919 tubarum
893 1887 1032 1920 carmine
1066 1900 1116 1922 ac·

151 1951 283 1985 cendi‘?«
1042 1938 1046 1941 θ

227 2014 362 2060 ayonas]
380 2015 466 2048 Vide
486 2015 572 2047 hune
589 2027 710 2048 morem
729 2015 813 2060 apud
833 2017 976 2048 Plinium
990 2017 1063 2049 hist.
1083 2029 1114 2051 n.

147 2079 202 2112 lib.
228 2081 267 2120 73
294 2080 430 2112 Tertull.
465 2079 505 2111 de
537 2086 640 2124 spect.
667 2093 736 2124 cap.
766 2082 829 2121 113
863 2081 977 2113 Sidon.
1001 2080 1112 2126 Apoll·

147 2141 181 2173 in
211 2155 282 2186 pan.
307 2143 376 2174 urb.
403 2142 520 2182 Narh.;
547 2142 678 2175 Heliod.
704 2143 760 2176 lib.
785 2143 844 2176 ult.
866 2143 1031 2176 Gnor.—
1060 2145 1113 2176 De

149 2204 226 2237 tuba
249 2205 341 2248 signo
364 2206 617 2247 commissionis,
652 2207 698 2239 uti
721 2219 816 2240 verae
840 2219 968 2252 pugnae
991 2208 1035 2240 ita
1058 2220 1111 2240 va-

147 2266 267 2299 riorum
293 2268 518 2310 certaminum,
546 2269 619 2301 vide
644 2269 735 2301 locos
759 2275 901 2302 veterum
921 2271 1006 2315 apud
1023 2271 1110 2304 Just.

146 2329 237 2374 Lips.
261 2328 394 2362 saturn.
413 2330 462 2371 11,
485 2332 549 2371 19,
576 2344 607 2375 p.
629 2332 719 2374 1083
753 2333 780 2364 F
784 2332 848 2364 abr.
871 2331 1022 2376 Agonist.
1047 2333 1109 2375 ΠΙ,

148 2392 204 2425 16.
231 2390 369 2423 Aeneid.
387 2392 427 2432 5,
461 2393 548 2424 1152

203 2453 268 2486 »At
295 2454 372 2486 tuba
394 2465 437 2486 cer
455 2455 575 2486 missos
601 2456 705 2488 medio
733 2458 822 2490 canit
840 2470 958 2504 αῃφεπτ
981 2458 1099 2492 ludos.-

145 2517 227 2552 Stat.
249 2517 320 2550 silv.
348 2517 413 2559 111,
442 2519 480 2558 1,
505 2518 594 2560 159,
624 2520 705 2551 conf.
726 2522 817 2553 151:

201 2582 293 2617 -Jam
317 2583 463 2627 placidae
488 2582 568 2616 dam
595 2584 690 2630 siqua
713 2586 838 2619 tubae,-

1151 653 1264 694 Nam
1307 654 1573 710 phreneticos
1614 661 1874 717 symphonia
1919 664 2139 716 resanavi3

1179 817 1278 851 Addo
1300 819 1454 866 Sophoel.
1481 823 1534 855 El.
1560 825 1651 865 7113
1676 824 1761 857 Poll.
1788 827 1828 866 4,
1859 827 2038 861 86—89.
2064 827 2140 860 Non

1180 882 1271 913 deest
1298 883 1425 916 tubicen
1453 885 1485 916 in
1515 886 1620 917 tabula
1646 886 1728 930 pieta
1757 900 1796 919 ex
1823 889 2069 932 amphitheatro,
2106 889 2139 921 in

1179 958 1242 990 qua
1272 954 1441 992 apparatus
1472 951 1653 981 certaniinis
1680 952 1836 993 cernitur,
1870 953 1902 984 in
1926 954 2013 986 Guit.
2040 953 2141 985 Gellii

1177 1011 1387 1055 Pompejanis
1413 1013 1475 1044 tab.
1503 1015 1558 1046 73.
1584 1015 1763 1047 {Vindemia
1789 1016 1844 1061 (in
1871 1016 2006 1060 Sylloge
2039 1017 2136 1062 epigr.

1177 1087 1207 1118 p.
1235 1075 1309 1119 (36).

1251 1139 1295 1168 cul
1323 1137 1446 1183 lyram]
1479 1139 1554 1172 Huc
1587 1140 1671 1171 refer
1706 1141 1786 1172 illud
1816 1140 2005 1173 Aristotelis
2035 1143 2140 1186 prohl,

1176 1209 1243 1241 cap.
1267 1199 1327 1229 19:
1351 1196 1414 1233 διὰ
1434 1198 1471 1233 τί
1493 1196 1604 1242 νόμοι,
1624 1201 1838 1236 καλοῦνται
1859 1199 1930 1242 οὕς
1954 1201 2136 1250 ᾄδουσιν,

1174 1257 1200 1306 ᾖ
1224 1258 1283 1296 ὅτι
1306 1262 1400 1309 πρὶν
1427 1263 1665 1299 ἐπίστασθαι
1688 1261 1895 1311 γράμματα
1921 1259 2019 1313 ᾖδον
2040 1265 2139 1307 τοὺς

1173 1319 1322 1367 νόμους
1345 1330 1377 1356 et
1402 1326 1635 1358 confinen—
1657 1327 1753 1359 Adde
1772 1329 1973 1361 Clementem
1992 1329 2134 1361 Alexan-

1174 1386 1300 1417 drinum
1317 1387 1441 1430 (strom.
1458 1389 1495 1427 1,
1522 1400 1554 1431 p.
1568 1389 1673 1432 508)=
1696 1388 1816 1432 μέλος
1839 1401 1880 1425 τε
1896 1384 1948 1426 αὖ
1976 1390 2137 1437 πρῶτος

1172 1451 1382 1496 περιέθηκε
1407 1456 1492 1491 τοῖς
1515 1448 1716 1497 ποιήμασι,
1745 1451 1809 1487 καὶ
1835 1451 1930 1494 τοὺς
1951 1455 2134 1489 Λακεδαι-

1171 1513 1320 1557 μονίων
1352 1512 1500 1558 νόμους
1535 1515 1790 1561 ἐμελοποὶησε
1831 1516 2084 1565 Τέρπανδρος
2112 1516 2135 1552 ὸ

1166 1572 1410 1615 Ἀντιῦὄαῑος.
1424 1576 1595 1608 Αρὲἒειηιιιη
1612 1590 1741 1621 qnoque
1755 1579 1832 1621 (var.
1846 1580 1875 1610 h.
1886 1580 1920 1618 2,
1939 1580 2002 1622 59)
2017 1580 2049 1612 in
2063 1592 2133 1624 par-

1170 1645 1219 1670 tes
1246 1651 1359 1671 vocare
1387 1640 1479 1681 lieet,
1505 1641 1561 1672 sed
1590 1642 1684 1672 simul
1707 1642 1802 1674 etiam
1825 1644 2018 1676 conferenda
2046 1651 2133 1685 sunt,

1170 1713 1252 1745 qnae
1280 1701 1467 1734 Nitzschius
1495 1702 1615 1745 (molet.
1646 1703 1685 1734 de
1710 1704 1783 1735 hist.
1810 1705 1942 1737 Homeri
1962 1707 1995 1745 1,
2036 1719 2064 1750 p.
2082 1708 2132 1739 58

1170 1765 1273 1809 sequ.)
1292 1766 1331 1797 de
1354 1766 1440 1797 omni
1467 1767 1528 1798 hoe
1546 1773 1733 1809 argumento
1758 1768 1907 1800 sollerter
1928 1776 1960 1801 et
1985 1777 2132 1803 accurate

1167 1827 1302 1861 monuit,

1242 1887 1554 1934 perturbationibus]
1583 1889 1707 1922 Similis
1732 1891 1823 1924 loeus
1848 1894 1930 1937 ajtud
1956 1895 2131 1926 Boethium

1167 1952 1206 1984 dc
1228 1953 1349 1985 musica
1372 1953 1425 1985 lib.
1447 1955 1485 1993 1,
1514 1966 1581 1997 cap.
1604 1956 1633 1986 1.
1670 1955 1774 1987 Gno‘r.
1789 1975 1837 1981 -—
1857 1957 1955 1989 Adde
1967 1957 2129 1990 Aristote-

1165 2014 1229 2046 lem
1254 2015 1363 2059 (polit.
1391 2017 1431 2056 S,
1460 2014 1518 2059 ὅ),
1547 2016 1756 2049 Plutarchum
1785 2018 1846 2062 (de
1876 2019 1993 2051 xil-tute
2017 2020 2129 2052 morali

1166 2092 1196 2124 p.
1213 2078 1318 2125 441),
1345 2085 1377 2111 et
1392 2078 1598 2112 Athenaeum
1623 2081 1683 2125 (ΙΙΙ
1710 2095 1740 2125 p.
1759 2083 1832 2114 625
1855 2084 1876 2114 f.
1901 2083 2000 2127 Cas.)-

1239 2146 1462 2192 cotporeisque
1483 2143 1613 2190 morbis]
1640 2146 1826 2178 Macrobius
1849 2147 1894 2191 (in
1919 2160 2019 2180 somn.
2039 2148 2129 2192 Seip.

1163 2208 1202 2249 2,
1227 2208 1279 2252 5):
1303 2209 1370 2241 »Ita
1395 2209 1534 2254 deniqne
1553 2210 1656 2241 omnis
1683 2211 1811 2242 habitus
1830 2211 1952 2243 animae
1979 2213 2126 2245 cantibus

1162 2271 1372 2312 gubernatur,
1398 2277 1434 2303 ut
1458 2277 1489 2303 et
1512 2272 1552 2304 ad
1574 2272 1694 2304 bellum
1719 2273 1905 2316 progressui
1923 2279 1955 2305 et
1973 2273 2049 2305 item
2073 2286 2123 2306 re-

1161 2333 1269 2376 ceptui
1296 2338 1429 2365 canatur
1449 2353 1497 2358 —
1524 2334 1603 2365 iram
1633 2334 1790 2375 suggerit,
1825 2334 2025 2367 elementiam
2050 2347 2122 2368 sua-

1160 2395 1232 2436 det,
1262 2408 1429 2439 corporum
1449 2408 1576 2444 quoque
1597 2397 1715 2427 morbis
1738 2396 1906 2436 medetur,-
1942 2409 2015 2428 nam
2047 2398 2122 2431 hine

1158 2464 1209 2491 est
1243 2459 1331 2503 quod
1371 2461 1475 2502 aegris
1519 2459 1661 2492 remedia
1696 2465 1900 2503 praestantes
1932 2463 2122 2504 praecinere

1155 2522 1332 2554 dicuntum«
1365 2518 1574 2562 Ἐπαοιὸἀς
1602 2521 1776 2564 signifieat,
1802 2522 1920 2566 quihus
1942 2523 2010 2565 jam
2035 2523 2121 2556 Aes-

1155 2585 1316 2632 culapium
1338 2599 1432 2620 usum
1458 2593 1571 2619 auctor
1598 2592 1645 2617 est
1669 2585 1831 2618 Pindarus
1856 2587 1965 2631 (Pyth.
1983 2589 2019 2626 5,
2046 2588 2119 2632 51)·

1506 412 1622 462 Quid
1663 415 1780 469 pacis.
1818 418 1963 458 munia
1998 433 2139 459 nonne
2169 422 2260 464 92ίί
