2310 2860
722 342 1572 411 MARTIANI

926 497 1097 541 MINEI
1139 499 1364 543 FELICIS

169 635 1032 735 CAPE

1194 637 2119 766 LLAE,

772 820 909 863 AFRI
955 820 1484 865 CARTHAGINIENSIS
1494 855 1506 874 ‚

965 951 1324 1004 DEARTE

492 1088 1790 1177 GRAMMATIG'A'

1015 1263 1156 1297 LIBER
1187 1263 1257 1297 111.

808 1377 1057 1453 Rursum
1089 1411 1308 1454 Camoena
1338 1426 1475 1468 parvo

223 1539 458 1586 Grammatica]
486 1540 636 1573 Perlceto
663 1542 758 1573 tertio
781 1542 842 1574 boc
865 1542 947 1574 libro
973 1543 1109 1587 quilibet

147 1603 283 1644 videbit,
315 1603 444 1635 minime
470 1607 570 1634 totam
597 1602 649 1635 hic
675 1603 874 1647 propositam
905 1615 977 1635 csse
1005 1616 1106 1646 gram-

145 1666 308 1707 maticam,
341 1665 399 1697 sed
425 1665 601 1706 fragmenta
626 1664 740 1709 potius
767 1665 923 1709 quaedam
948 1666 1019 1708 ejus
1042 1666 1104 1698 dis-

145 1730 294 1775 ciplinae.
327 1729 430 1772 Cujus
454 1728 500 1760 rei
524 1740 652 1761 cansam
676 1728 859 1772 perspicere
883 1729 960 1761 mihi
984 1729 1104 1762 videor.

144 1794 288 1825 Primum
315 1793 399 1825 enim
431 1792 604 1825 absurdum
638 1792 702 1836 ipsi
730 1792 890 1825 Martiano
926 1793 1103 1835 videbatur,

142 1856 220 1889 Jovi
255 1857 290 1888 in
322 1856 463 1888 omnium
500 1856 634 1887 deorum
670 1861 784 1887 senatu
820 1856 902 1887 hanc
942 1868 1104 1901 exponere

142 1918 226 1950 velle
248 1923 363 1958 artem,
392 1929 473 1961 quae
496 1917 626 1949 nonnisi
651 1917 760 1960 pueris
783 1917 919 1948 traditur
943 1917 984 1962 (ξ.
1002 1919 1102 1965 265),

141 1980 226 2012 unde
247 1979 343 2011 etiam
358 1979 533 2019 Minervae,
559 1977 808 2011 Grammaticam
826 1978 1100 2024 interrumpentis‚

138 2043 218 2075 baec
243 2041 358 2074 inserit
384 2040 427 2085 (ξ.
450 2040 538 2084 526)
568 2039 681 2071 verba:
708 2052 809 2084 »quae
834 2040 977 2084 (omnia)
1003 2041 1031 2072 si
1060 2042 1100 2074 ab

139 2105 339 2138 scholaribus
361 2103 594 2138 inchoamentis
609 2103 642 2135 in
663 2109 809 2136 senatum
828 2104 978 2136 coelitum
996 2105 1098 2147 ducis,

137 2168 290 2201 decursae
311 2167 444 2212 peritiae
459 2166 592 2209 gratiam
607 2166 828 2197 deformabis.«
860 2166 986 2199 Deinde
1008 2179 1098 2200 suam

136 2236 246 2263 noster
275 2228 555 2274 encyclopaediam
587 2228 622 2261 in
657 2239 769 2260 eorum
801 2233 925 2260 tantuin
963 2229 1097 2271 gratiam

136 2294 273 2326 scrihere
312 2299 454 2338 poterat,
500 2292 556 2338 qui
590 2291 701 2336 primis
736 2291 896 2334 ejusmodi
926 2292 1095 2325 elementis

130 2355 197 2397 jam
221 2355 336 2387 imbuti
359 2359 477 2387 essent.
511 2353 582 2387 Alii
605 2353 708 2394 enim,
738 2354 817 2387 haec
843 2366 978 2399 prorsus
1003 2355 1094 2398 igno-

133 2423 252 2460 rantes,
271 2418 466 2453 martianum
481 2429 523 2449 ne
538 2419 705 2462 hueusque
719 2417 848 2462 quidem
864 2417 1093 2452 intellexerint·

133 2479 276 2512 Omnino
310 2484 416 2511 autem
444 2479 618 2525 praeterire
647 2480 730 2512 lianc
756 2479 891 2524 primam
922 2492 940 2512 e
967 2486 1090 2525 septem

131 2544 252 2576 arcibus
289 2555 388 2588 quum
422 2542 586 2586 nequiret,
631 2553 670 2575 ea
709 2543 848 2585 elegisse
883 2543 1025 2585 videtur,
1057 2544 1093 2577 in

129 2607 246 2652 quibus
278 2606 331 2639 vel
357 2605 544 2638 dissentiret
571 2617 590 2637 a
617 2605 836 2650 superioribus
867 2606 1091 2651 grammaticis>

129 2668 181 2703 vei
202 2668 319 2704 clarius
338 2680 373 2700 se
400 2668 517 2705 docere
537 2677 636 2715 posse
659 2671 797 2714 putaret.

1234 1541 1377 1588 rursum]
1406 1542 1532 1576 Sensus
1556 1541 1652 1585 liujus
1675 1542 1822 1575 carminis
1845 1544 1897 1577 hie
1920 1550 1984 1577 est:
2012 1545 2113 1578 »Rur-

1160 1616 1216 1637 sus
1242 1605 1378 1647 accingit
1405 1617 1440 1637 se
1465 1607 1560 1638 Musa
1585 1606 1626 1638 ad
1648 1606 1768 1638 similes
1791 1607 1933 1649 sahulas,
1965 1609 2112 1652 qualibus

1156 1666 1190 1698 in
1216 1667 1343 1698 duobus
1365 1666 1526 1711 prioribus
1550 1666 1640 1698 libris
1659 1668 1890 1711 mythologicas
1916 1674 1949 1701 et
1971 1671 2111 1715 philoso-

1155 1730 1266 1774 phicas
1293 1730 1455 1763 doctrinas
1480 1730 1641 1762 velaverat
1667 1735 1764 1775 atque
1786 1738 1968 1774 ornaverat,
1998 1739 2033 1766 ut
2059 1734 2111 1768 de-

1155 1792 1326 1825 lectatione
1358 1805 1488 1838 quoque
1519 1793 1626 1838 aliqua
1654 1793 1822 1827 difficultas
1859 1801 1892 1827 et
1918 1796 2019 1839 frigus
2048 1798 2110 1830 dis-

1155 1855 1248 1887 cendi
1269 1860 1494 1899 compensetur
1516 1856 1559 1900 (v.
1577 1857 1596 1888 1
1610 1875 1659 1881 —
1672 1855 1742 1899 10).
1775 1856 1839 1889 Cui
1856 1857 2034 1892 Martianus
2058 1859 2113 1891 ob·

1152 1916 1305 1960 loquitur,
1329 1922 1424 1957 artes,
1446 1928 1526 1961 quas
1550 1916 1675 1949 sobrias
1693 1918 1790 1950 modo
1815 1919 1997 1963 appellavit,
2029 1922 2112 1954 serio

1152 1980 1334 2012 tractandas
1356 1992 1428 2014 esse
1452 1981 1493 2026 (v.
1514 1980 1694 2026 11—1ss);
1721 1981 1779 2015 sed
1808 1982 2030 2016 cavillabunda
2055 1985 2112 2016 illa

1150 2044 1290 2088 reponit,
1321 2045 1408 2077 omni
1425 2049 1533 2077 tamen
1557 2045 1710 2078 orationis
1735 2051 1845 2077 ornatu
1875 2059 1983 2080 carere
2004 2048 2110 2093 ipsum

1149 2117 1216 2138 non
1238 2118 1354 2150 posse,
1381 2107 1588 2151 quaeritque,
1613 2118 1679 2152 quo
1696 2107 1807 2140 ordine
1828 2113 1913 2140 artes
1934 2109 2109 2143 traditurus

1149 2166 1192 2199 sit
1216 2167 1265 2212 (v.
1292 2168 1484 2212 17—25).
1521 2169 1712 2213 Respondet
1727 2169 1922 2211 Martianus,
1958 2182 1993 2204 se
2020 2172 2107 2216 ipsas

1146 2228 1318 2273 loquentes
1338 2230 1570 2274 producturum
1590 2242 1662 2263 esse
1675 2231 1717 2277 (v.
1735 2231 1914 2275 {zo—29),
1940 2243 2003 2276 quo
2020 2233 2105 2265 facto

1145 2290 1240 2323 Musa
1256 2292 1317 2323 hoc
1339 2291 1446 2336 ipsum
1462 2292 1648 2334 figmentum
1668 2305 1740 2326 esse
1762 2296 1866 2335 arguit
1885 2294 1931 2337 (v.
1941 2293 2104 2336 50—54)

1143 2352 1387 2397 Martianusque
1416 2353 1519 2386 vietus
1540 2366 1655 2387 manus
1675 2355 1730 2387 dat
1746 2355 1793 2400 (v.
1816 2356 1864 2388 ΞΕ
1887 2359 1920 2387 et
1939 2353 2015 2398 56).
2050 2353 2102 2388 Si-

1142 2416 1233 2450 milis
1254 2422 1305 2449 est
1322 2417 1453 2459 Virgilii
1474 2418 1634 2451 sententia
1659 2418 1706 2463 (in
1727 2417 1829 2452 culice
1855 2415 1910 2460 4)=

1197 2478 1334 2511 »Omnis
1355 2484 1392 2511 ut
1412 2479 1566 2512 historiae
1586 2491 1647 2524 per
1664 2479 1777 2511 ludum
1799 2481 1951 2510 consonet
1969 2475 2048 2510 ordo

1190 2540 1354 2582 Notitiae,
1379 2541 1494 2573 ducam
1516 2552 1610 2574 voces
1622 2553 1631 2571 ε
1648 2541 1722 2572 lieet
1740 2537 1868 2570 invidus
1892 2537 1998 2577 adsit,

1193 2603 1348 2651 Quisquis
1368 2606 1442 2648 erit,
1467 2600 1596 2649 culpare
1613 2603 1707 2646 jocos
1729 2602 1923 2648 Illusamque
1942 2607 2094 2645 paratus:

1191 2665 1341 2701 Pondere
1364 2667 1418 2701 vel
1439 2667 1550 2701 culicis
1572 2665 1673 2700 levior
1691 2662 1845 2711 famaque
1862 2662 2013 2707 feretum

2146 1448 2173 1459 ι
2151 1426 2154 1429 .

2175 1422 2227 1462 ‚¹-
