2310 2860
94 863 180 906 507

94 1192 183 1234 508
217 1189 356 1220 mutas
397 1188 569 1229 exeant,
618 1189 657 1219 et
687 1177 781 1219 ideo
817 1187 979 1220 veteres
1016 1178 1122 1219 lacte
1153 1180 1196 1219 in
1227 1179 1489 1220 nominativo
1524 1177 1739 1218 dixerunt.

216 188 305 228 51⁴}
781 180 980 223 Martiani
1017 178 1217 236 Capellae
1252 178 1323 219 lib.
1353 177 1430 220 III.
1469 180 1501 230 ς).
1522 178 1624 220 506.

217 295 379 350 generis
389 308 401 345 3
441 291 521 332 nisi
551 301 662 345 quae
694 297 789 330 ante
812 289 841 331 S
868 287 910 332 B.
934 285 1117 338 habent,
1146 283 1362 328 interdum
1387 283 1429 326 D
1460 284 1692 341 recipiunt,
1721 294 1770 326 ut
1795 299 1937 328 socors
1967 286 2167 339 socordis,

220 373 431 415 interdum
464 369 526 421 T,
578 379 625 411 ut
662 368 826 420 sollers,
874 369 998 409 iners.
1058 365 1110 408 In
1148 366 1307 422 plurali
1342 381 1520 423 quoque
1553 374 1729 422 excepto
1759 366 1942 422 genitivo
1972 377 2012 407 et
2043 381 2170 409 accu-

215 454 348 495 sativo
379 450 581 492 omnibus
617 449 783 491 casibus
820 447 1010 488 similiter
1048 445 1327 488 declinantur.
1384 446 1500 489 Nam
1532 445 1747 503 quaedam
1785 447 1828 487 in
1867 460 1945 487 um
1974 448 2169 501 genitivo,

216 531 455 574 accusativo
498 531 540 572 in
581 545 624 571 es
666 538 843 579 exeunt,
900 536 947 569 ut
985 527 1125 579 Mars,
1177 528 1343 582 Arun53
1399 528 1614 585 quaedam
1652 529 1695 570 in
1742 529 1857 580 iuni,
1900 537 1949 569 ut
1992 530 2170 584 sapiens,

213 614 394 670 patien5‚
443 622 484 653 et
520 612 574 653 ob
614 611 695 653 hoc
735 609 962 652 accusativi
1000 624 1150 651 eorum
1195 610 1239 651 in
1279 611 1312 651 is
1356 620 1524 651 exeunt.
1592 610 1802 665 Pleraque
1845 619 1988 652 autem
2019 625 2072 652 ex
2105 610 2170 652 his

213 696 387 738 nomina
427 694 562 735 tribus
605 693 831 750 generibus
872 691 1119 733 eommunia
1153 701 1273 744 sunt,
1319 701 1359 733 et
1387 691 1407 733 I
1438 692 1625 743 literam,
1667 706 1801 747 quam
1831 690 1991 732 habent
2019 701 2170 733 neutra

212 774 252 815 in
286 775 547 816 nominativo
588 773 766 831 plurali,
804 772 906 815 dant
941 774 1066 815 etiam
1099 773 1293 829 genitivis
1331 773 1602 829 reliquorum
1634 788 1842 830 generum
1881 787 1981 814 cum
2014 773 2170 828 quibus

215 855 462 895 communia
504 863 613 895 sunt.
673 854 714 895 T
751 854 872 895 litera
911 864 1063 896 neutra
1099 864 1266 896 tantum
1305 855 1480 897 nomina
1520 854 1736 910 quaedam
1774 867 1913 910 pauca
1951 852 2170 903 finiuntur,

215 944 262 976 ut
288 936 366 992 git,
410 935 527 991 quod
558 950 644 976 non
688 933 948 986 declinatur,
1001 944 1041 976 et
1070 943 1218 991 caput,
1267 936 1462 991 sinciput.
1523 934 1713 986 Quidam
1746 949 1885 990 quum
1917 934 1982 976 lac
2012 933 2171 984 dicunt,

214 1017 416 1072 adjiciunt
454 1019 514 1069 T,
551 1027 724 1074 propter
756 1017 872 1073 quod
904 1017 1005 1060 facit
1037 1018 1179 1071 lactis;
1239 1016 1312 1059 sed
1341 1016 1569 1072 Virgilius:
1600 1017 1716 1068 „Lac
1749 1017 1856 1057 mihi
1895 1032 1981 1058 non
2017 1025 2172 1058 aestate

212 1095 398 1150 novum,
444 1113 530 1139 non
568 1098 724 1154 frigore
761 1097 909 1149 defit“;
961 1099 1124 1155 quippe
1165 1113 1305 1155 quum
1346 1099 1464 1140 nulla
1507 1098 1623 1154 apud
1667 1114 1743 1140 nos
1774 1099 1949 1140 nomina
1985 1100 2029 1140 in
2064 1097 2170 1139 duas

1798 1177 1844 1218 X
1873 1178 1993 1219 litera
2025 1181 2171 1218 termi-

212 1270 414 1302 natorum
450 1260 665 1317 quaedam
704 1261 748 1302 in
788 1260 971 1316 genitivo
1012 1259 1191 1315 plurali,
1231 1258 1273 1298 in
1311 1257 1469 1313 quibus
1507 1257 1651 1298 omnia
1690 1258 1957 1309 communia,
2003 1259 2045 1298 in
2079 1259 2170 1298 ium

213 1350 391 1392 exeunt,
435 1350 475 1382 et
512 1341 567 1381 ob
602 1340 683 1381 hoc
721 1341 962 1381 accusativo
998 1340 1041 1381 in
1080 1339 1098 1380 Ι
1129 1349 1169 1380 et
1199 1339 1253 1390 S;
1314 1337 1503 1393 plurima
1539 1352 1642 1378 vero
1681 1338 1863 1392 genitivo
1899 1338 1944 1379 in
1973 1337 2017 1379 V
2055 1346 2095 1379 et
2125 1337 2172 1380 M

211 1437 296 1463 non
333 1430 564 1478 praeeunte
603 1421 648 1474 I,
690 1430 729 1462 et
767 1420 822 1462 ob
863 1420 944 1461 hoc
984 1419 1028 1460 in
1061 1420 1098 1461 E
1130 1429 1170 1460 et
1199 1420 1227 1460 S
1264 1420 1505 1460 accusativo
1547 1429 1715 1461 exeunt.
1783 1420 1898 1462 Nam
1928 1420 1971 1461 in
1996 1418 2172 1475 reliquis

212 1503 496 1554 consentiunt,
534 1510 677 1557 utpote
719 1515 858 1556 quum
897 1500 1166 1554 singulariter
1197 1500 1341 1542 omnia
1370 1500 1412 1541 in
1443 1500 1706 1541 nominativo
1736 1499 1922 1540 habeant
1951 1499 2017 1549 X,
2055 1500 2172 1553 geni-

211 1585 346 1624 tivum
380 1585 422 1625 in
455 1585 475 1625 Ι
508 1593 547 1624 et
579 1584 605 1624 S
644 1591 792 1637 agunt,
837 1581 1032 1623 dativum
1063 1581 1106 1621 in
1137 1580 1156 1621 I
1185 1580 1374 1630 literam,
1407 1580 1645 1621 ablativum
1676 1581 1718 1620 in
1751 1580 1788 1621 E
1819 1580 1887 1621 vel
1915 1579 2171 1628 Idefiniant‚

212 1663 461 1718 adiectaque
492 1663 539 1704 M
571 1663 863 1703 accusativum
899 1661 1107 1703 definiunt
1139 1661 1429 1716 implentque3
1485 1660 1704 1716 pluraliter
1734 1676 1836 1702 vero
1869 1660 2062 1702 dativum
2095 1659 2172 1700 ab—

212 1743 483 1798 lativumque
523 1744 602 1784 hus
647 1742 813 1798 syllaba
850 1741 1014 1785 finiunt.
1087 1742 1203 1785 Nam
1243 1740 1297 1781 dc
1335 1740 1503 1791 ceteris,
1549 1740 1950 1796 quibus'dissident
1989 1749 2171 1790 veteres,

206 1823 385 1879 quidam
427 1835 621 1866 atrocum
665 1832 704 1865 et
746 1823 961 1876 ferocum,
1012 1836 1101 1880 qua
1143 1820 1305 1864 ratione
1344 1819 1542 1860 omnium
1590 1818 1637 1861 X
1680 1819 1800 1861 litera
1837 1818 2056 1862 finitorum
2085 1833 2173 1861 una

211 1905 372 1960 species
412 1903 638 1946 videbitur.
720 1903 833 1945 Huic
874 1904 921 1946 X
963 1903 1109 1946 literae
1146 1914 1295 1945 omnes
1339 1899 1507 1943 vocales
1546 1899 1873 1956 praeferuntur,
1929 1908 1978 1942 ut
2012 1914 2170 1956 capax,

212 1985 379 2036 frutex,
426 1986 597 2041 pernix,
639 1994 785 2037 atrox,
836 1984 988 2028 redux,
1059 1985 1128 2028 Ex
1172 1982 1236 2024 his
1288 1980 1535 2023 nominibus
1572 1978 1789 2036 quaedam
1827 1983 1870 2021 in
1909 1980 2170 2022 nominativo

288 2166 367 2212 ium]
398 2167 533 2200 Grotius
560 2168 593 2200 in
621 2169 778 2210 margine:
811 2168 883 2201 nalii
910 2175 1006 2202 turm«
1047 2168 1163 2203 Codex

212 2229 416 2262 monacensis
438 2236 606 2274 utrumque
630 2232 776 2275 praebet,
805 2232 862 2264 sed
886 2233 947 2265 hoc
969 2231 1031 2263 etsi
1053 2244 1163 2264 verum

214 2294 270 2332 sit,
294 2292 442 2324 Mai-[iani
466 2297 572 2324 tamen
598 2293 774 2325 sententiae
795 2295 922 2326 minime
946 2300 1053 2338 aptum
1075 2299 1134 2325 est.

285 2354 418 2401 exeant]
445 2356 510 2388 Pro
538 2356 695 2389 Grotiano
721 2357 889 2389 indicativo
920 2363 1041 2390 exeunt
1063 2357 1164 2390 codex

214 2418 479 2450 Darmstattensis
501 2423 534 2452 et
553 2419 757 2451 Monacensis
781 2419 854 2462 (C),
884 2419 1164 2464 Cassiodorusque

213 2482 258 2523 (p.
275 2481 360 2523 550)
383 2481 500 2512 rectius
523 2480 640 2512 habent
660 2481 905 2522 conjunctivum.
931 2481 1059 2524 Virgilii
1074 2481 1165 2513 locus

215 2547 264 2573 est
288 2542 321 2573 in
341 2542 460 2584 eclogis
482 2542 535 2586 (2,
566 2542 640 2585 22).
668 2542 718 2574 De
741 2553 775 2573 re
800 2542 868 2585 ipsa
890 2543 998 2575 confer
1023 2543 1165 2587 superio-

216 2614 281 2634 rem
306 2609 414 2635 notam
438 2603 479 2648 (§.
496 2603 598 2644 256),
629 2608 660 2637 et
683 2603 882 2636 Priscianuui
907 2605 953 2649 (7,
977 2604 1012 2644 9,
1035 2605 1104 2646 485
1135 2617 1165 2650 Ρ.

1213 2166 1287 2201 525
1313 2165 1399 2209 Rr.)=
1431 2165 1499 2197 »Iac
1529 2166 1639 2204 lactis,
1673 2164 1761 2209 quod
1793 2163 1980 2207 quibusdam
2010 2162 2115 2206 placet
2139 2162 2170 2192 in

1215 2228 1409 2262 nominativo
1441 2240 1498 2271 per
1538 2239 1713 2272 apocopam
1744 2233 1774 2258 te
1808 2225 1964 2269 proserri3
2005 2225 2064 2257 hoc
2088 2226 2170 2257 lactc

1214 2293 1299 2326 enim
1323 2291 1471 2323 dicebant
1496 2291 1648 2333 antiqui.u

1289 2357 1324 2387 in
1349 2353 1393 2399 E]
1429 2353 1587 2397 Supplevi
1611 2364 1629 2385 e
1653 2351 1814 2384 codicibus
1844 2351 2032 2385 monacensi
2057 2350 2115 2395 (C)
2140 2357 2171 2383 et

1215 2415 1464 2450 Darnnstattensi
1485 2414 1632 2446 voculam
1653 2415 1688 2445 in
1698 2414 1716 2452 ,²
1734 2425 1829 2457 quam
1850 2413 1985 2446 Grotius
2004 2413 2170 2445 omiserat:

1216 2486 1249 2513 et
1272 2491 1313 2512 ex
1334 2478 1423 2512 libris
1447 2483 1520 2510 ante
1543 2489 1615 2510 eum
1640 2477 1733 2509 editis
1759 2483 1833 2521 post
1853 2477 1976 2509 literam
1996 2476 2025 2508 E
2044 2476 2170 2508 restitui

1224 2544 1292 2576 „vel
1308 2543 1361 2585 1«;
1387 2542 1461 2576 licet
1479 2554 1545 2575 non
1565 2542 1633 2574 sine
1650 2553 1744 2573 causa
1766 2542 1845 2573 haec
1865 2540 1998 2574 Grotius
2018 2539 2168 2580 omiserit,

1217 2609 1290 2653 quia
1321 2608 1358 2639 ad
1387 2618 1422 2639 ea
1449 2618 1530 2651 quae
1556 2617 1631 2640 mox
1653 2605 1692 2639 de
1719 2604 1890 2640 accusativi
1919 2603 2106 2636 formatione
2130 2615 2168 2634 ex
