<?xml version="1.0" encoding="UTF-8"?>
<!DOCTYPE html PUBLIC "-//W3C//DTD XHTML 1.0 Transitional//EN"
    "http://www.w3.org/TR/xhtml1/DTD/xhtml1-transitional.dtd">
<html xmlns="http://www.w3.org/1999/xhtml" xml:lang="en" lang="en">
 <head>
  <title>
</title>
<meta http-equiv="Content-Type" content="text/html;charset=utf-8" />
  <meta name='ocr-system' content='tesseract 3.04.00' />
  <meta name='ocr-capabilities' content='ocr_page ocr_carea ocr_par ocr_line ocrx_word'/>
</head>
<body>
  <div class='ocr_page' id='page_1' title='image "./denuptiisphilolo00martuoft_0094.png"; bbox 0 0 2310 2860; ppageno 0'>
   <div class='ocr_carea' id='block_1_1' title="bbox 802 204 1550 261">
    <p class='ocr_par' dir='ltr' id='par_1_1' title="bbox 802 204 1550 261">
     <span class='ocr_line' id='line_1_1' title="bbox 802 204 1550 261; baseline 0.003 -13"><span class='ocrx_word' id='word_1_1' title='bbox 802 205 1002 248; x_wconf 80' lang='lat' dir='ltr'>Martiani</span> <span class='ocrx_word' id='word_1_2' title='bbox 1033 204 1232 261; x_wconf 78' lang='lat' dir='ltr'>Capellae</span> <span class='ocrx_word' id='word_1_3' title='bbox 1261 205 1334 248; x_wconf 86' lang='lat' dir='ltr'>lib.</span> <span class='ocrx_word' id='word_1_4' title='bbox 1353 206 1386 248; x_wconf 92' lang='lat' dir='ltr'>I.</span> <span class='ocrx_word' id='word_1_5' title='bbox 1423 209 1454 260; x_wconf 62' lang='lat'>§-</span> <span class='ocrx_word' id='word_1_6' title='bbox 1476 207 1550 250; x_wconf 78' lang='lat'>24.</span> 
     </span>
    </p>
   </div>
   <div class='ocr_carea' id='block_1_2' title="bbox 658 312 1438 367">
    <p class='ocr_par' dir='ltr' id='par_1_2' title="bbox 658 312 1438 367">
     <span class='ocr_line' id='line_1_2' title="bbox 658 312 1438 367; baseline 0 -12"><span class='ocrx_word' id='word_1_7' title='bbox 658 312 713 356; x_wconf 86' lang='lat' dir='ltr'>Et</span> <span class='ocrx_word' id='word_1_8' title='bbox 742 312 788 355; x_wconf 82' lang='lat' dir='ltr'>fit</span> <span class='ocrx_word' id='word_1_9' title='bbox 817 313 1055 355; x_wconf 85' lang='lat' dir='ltr'>collibitum</span> <span class='ocrx_word' id='word_1_10' title='bbox 1076 325 1262 353; x_wconf 85' lang='lat' dir='ltr'>manere</span> <span class='ocrx_word' id='word_1_11' title='bbox 1290 312 1438 367; x_wconf 83' lang='lat' dir='ltr'>jussis,</span> 
     </span>
    </p>
   </div>
   <div class='ocr_carea' id='block_1_3' title="bbox 658 384 1518 451">
    <p class='ocr_par' dir='ltr' id='par_1_3' title="bbox 658 384 1518 451">
     <span class='ocr_line' id='line_1_3' title="bbox 658 384 1518 451; baseline 0 -15"><span class='ocrx_word' id='word_1_12' title='bbox 658 395 805 446; x_wconf 86' lang='lat' dir='ltr'>Quam</span> <span class='ocrx_word' id='word_1_13' title='bbox 836 409 977 451; x_wconf 87' lang='lat' dir='ltr'>quum</span> <span class='ocrx_word' id='word_1_14' title='bbox 1005 394 1182 436; x_wconf 86' lang='lat' dir='ltr'>Deliaco</span> <span class='ocrx_word' id='word_1_15' title='bbox 1212 408 1361 436; x_wconf 81' lang='lat' dir='ltr'>meare</span> <span class='ocrx_word' id='word_1_16' title='bbox 1392 394 1485 436; x_wconf 79' lang='lat' dir='ltr'>fatu</span> <span class='ocrx_word' id='word_1_17' title='bbox 1512 384 1518 390; x_wconf 46' lang='lat'><strong>⁴</strong></span> 
     </span>
    </p>
   </div>
   <div class='ocr_carea' id='block_1_4' title="bbox 663 475 1524 541">
    <p class='ocr_par' dir='ltr' id='par_1_4' title="bbox 663 475 1524 541">
     <span class='ocr_line' id='line_1_4' title="bbox 663 475 1524 541; baseline -0.002 -23"><span class='ocrx_word' id='word_1_18' title='bbox 663 476 782 518; x_wconf 83' lang='lat' dir='ltr'>Cura</span> <span class='ocrx_word' id='word_1_19' title='bbox 812 486 941 541; x_wconf 61' lang='lat' dir='ltr'>atque</span> <span class='ocrx_word' id='word_1_20' title='bbox 971 475 1145 517; x_wconf 86' lang='lat' dir='ltr'>arbitrio</span> <span class='ocrx_word' id='word_1_21' title='bbox 1175 489 1407 517; x_wconf 87' lang='lat' dir='ltr'>monemur</span> <span class='ocrx_word' id='word_1_22' title='bbox 1436 475 1524 517; x_wconf 89' lang='lat' dir='ltr'>isto.</span> 
     </span>
    </p>
   </div>
   <div class='ocr_carea' id='block_1_5' title="bbox 665 556 1682 614">
    <p class='ocr_par' dir='ltr' id='par_1_5' title="bbox 665 556 1682 614">
     <span class='ocr_line' id='line_1_5' title="bbox 665 556 1682 614; baseline 0.003 -16"><span class='ocrx_word' id='word_1_23' title='bbox 665 556 795 598; x_wconf 83' lang='lat' dir='ltr'>Hune</span> <span class='ocrx_word' id='word_1_24' title='bbox 834 557 995 613; x_wconf 86' lang='lat' dir='ltr'>quippe</span> <span class='ocrx_word' id='word_1_25' title='bbox 1025 556 1281 613; x_wconf 86' lang='lat' dir='ltr'>ambiguum</span> <span class='ocrx_word' id='word_1_26' title='bbox 1309 556 1428 598; x_wconf 84' lang='lat' dir='ltr'>nefas</span> <span class='ocrx_word' id='word_1_27' title='bbox 1457 566 1682 614; x_wconf 83' lang='lat' dir='ltr'>putamus:</span> 
     </span>
    </p>
   </div>
   <div class='ocr_carea' id='block_1_6' title="bbox 659 636 1551 693">
    <p class='ocr_par' dir='ltr' id='par_1_6' title="bbox 659 636 1551 693">
     <span class='ocr_line' id='line_1_6' title="bbox 659 636 1551 693; baseline 0.002 -14"><span class='ocrx_word' id='word_1_28' title='bbox 659 636 716 680; x_wconf 84' lang='lat' dir='ltr'>Et</span> <span class='ocrx_word' id='word_1_29' title='bbox 745 651 1033 693; x_wconf 85' lang='lat' dir='ltr'>quaecunque</span> <span class='ocrx_word' id='word_1_30' title='bbox 1059 637 1161 690; x_wconf 85' lang='lat' dir='ltr'>fuit,</span> <span class='ocrx_word' id='word_1_31' title='bbox 1203 637 1314 693; x_wconf 86' lang='lat' dir='ltr'>perit</span> <span class='ocrx_word' id='word_1_32' title='bbox 1342 638 1551 681; x_wconf 84' lang='lat' dir='ltr'>voluntas.</span> 
     </span>
    </p>
   </div>
   <div class='ocr_carea' id='block_1_7' title="bbox 660 718 1318 770">
    <p class='ocr_par' dir='ltr' id='par_1_7' title="bbox 660 718 1318 770">
     <span class='ocr_line' id='line_1_7' title="bbox 660 718 1318 770; baseline -0.002 -9"><span class='ocrx_word' id='word_1_33' title='bbox 660 719 875 770; x_wconf 82' lang='lat' dir='ltr'>Quocirca</span> <span class='ocrx_word' id='word_1_34' title='bbox 905 718 1045 761; x_wconf 86' lang='lat' dir='ltr'>officio</span> <span class='ocrx_word' id='word_1_35' title='bbox 1076 718 1318 761; x_wconf 84' lang='lat' dir='ltr'>decentiore</span> 
     </span>
    </p>
   </div>
   <div class='ocr_carea' id='block_1_8' title="bbox 664 800 1464 857">
    <p class='ocr_par' dir='ltr' id='par_1_8' title="bbox 664 800 1464 857">
     <span class='ocr_line' id='line_1_8' title="bbox 664 800 1464 857; baseline 0.003 -16"><span class='ocrx_word' id='word_1_36' title='bbox 664 800 791 842; x_wconf 81' lang='lat' dir='ltr'>Paret</span> <span class='ocrx_word' id='word_1_37' title='bbox 819 800 1094 857; x_wconf 83' lang='lat' dir='ltr'>praecluibus</span> <span class='ocrx_word' id='word_1_38' title='bbox 1125 800 1260 842; x_wconf 90' lang='lat' dir='ltr'>libens</span> <span class='ocrx_word' id='word_1_39' title='bbox 1290 802 1464 857; x_wconf 84' lang='lat' dir='ltr'>profatis</span> 
     </span>
    </p>
   </div>
   <div class='ocr_carea' id='block_1_9' title="bbox 661 882 1479 937">
    <p class='ocr_par' dir='ltr' id='par_1_9' title="bbox 661 882 1479 937">
     <span class='ocr_line' id='line_1_9' title="bbox 661 882 1479 937; baseline 0 -13"><span class='ocrx_word' id='word_1_40' title='bbox 661 882 794 924; x_wconf 79' lang='lat' dir='ltr'>Arcas</span> <span class='ocrx_word' id='word_1_41' title='bbox 825 882 868 925; x_wconf 81' lang='lat' dir='ltr'>in</span> <span class='ocrx_word' id='word_1_42' title='bbox 899 882 1109 924; x_wconf 79' lang='lat' dir='ltr'>thalamos</span> <span class='ocrx_word' id='word_1_43' title='bbox 1141 883 1290 925; x_wconf 87' lang='lat' dir='ltr'>venire</span> <span class='ocrx_word' id='word_1_44' title='bbox 1321 883 1479 937; x_wconf 80' lang='lat' dir='ltr'>jussus.</span> 
     </span>
    </p>
   </div>
   <div class='ocr_carea' id='block_1_10' title="bbox 663 963 1532 1022">
    <p class='ocr_par' dir='ltr' id='par_1_10' title="bbox 663 963 1532 1022">
     <span class='ocr_line' id='line_1_10' title="bbox 663 963 1532 1022; baseline 0 -15"><span class='ocrx_word' id='word_1_45' title='bbox 663 963 748 1007; x_wconf 81' lang='lat' dir='ltr'>Sed</span> <span class='ocrx_word' id='word_1_46' title='bbox 777 973 825 1005; x_wconf 86' lang='lat' dir='ltr'>tu</span> <span class='ocrx_word' id='word_1_47' title='bbox 855 964 1000 1016; x_wconf 85' lang='lat' dir='ltr'>Delie,</span> <span class='ocrx_word' id='word_1_48' title='bbox 1043 979 1130 1022; x_wconf 89' lang='lat' dir='ltr'>quo</span> <span class='ocrx_word' id='word_1_49' title='bbox 1160 964 1368 1006; x_wconf 81' lang='lat' dir='ltr'>Tonantis</span> <span class='ocrx_word' id='word_1_50' title='bbox 1400 974 1532 1007; x_wconf 81' lang='lat' dir='ltr'>exstet</span> 
     </span>
    </p>
   </div>
   <div class='ocr_carea' id='block_1_11' title="bbox 660 1044 1605 1102">
    <p class='ocr_par' dir='ltr' id='par_1_11' title="bbox 660 1044 1605 1102">
     <span class='ocr_line' id='line_1_11' title="bbox 660 1044 1605 1102; baseline 0.002 -16"><span class='ocrx_word' id='word_1_51' title='bbox 660 1044 851 1101; x_wconf 79' lang='lat' dir='ltr'>Compar</span> <span class='ocrx_word' id='word_1_52' title='bbox 880 1047 1146 1102; x_wconf 85' lang='lat' dir='ltr'>propositum</span> <span class='ocrx_word' id='word_1_53' title='bbox 1186 1044 1424 1101; x_wconf 85' lang='lat' dir='ltr'>volensque</span> <span class='ocrx_word' id='word_1_54' title='bbox 1454 1055 1605 1099; x_wconf 77' lang='lat' dir='ltr'>nutus,</span> 
     </span>
    </p>
   </div>
   <div class='ocr_carea' id='block_1_12' title="bbox 602 1123 1472 1182">
    <p class='ocr_par' dir='ltr' id='par_1_12' title="bbox 602 1123 1472 1182">
     <span class='ocr_line' id='line_1_12' title="bbox 602 1123 1472 1182; baseline 0 -14"><span class='ocrx_word' id='word_1_55' title='bbox 602 1127 610 1175; x_wconf 62' lang='grc' dir='ltr'>ζ’</span> <span class='ocrx_word' id='word_1_56' title='bbox 661 1123 814 1179; x_wconf 84' lang='lat' dir='ltr'>Instes,</span> <span class='ocrx_word' id='word_1_57' title='bbox 851 1140 955 1169; x_wconf 83' lang='lat' dir='ltr'>nam</span> <span class='ocrx_word' id='word_1_58' title='bbox 984 1125 1131 1168; x_wconf 89' lang='lat' dir='ltr'>solitus</span> <span class='ocrx_word' id='word_1_59' title='bbox 1160 1126 1273 1170; x_wconf 85' lang='lat' dir='ltr'>ciere</span> <span class='ocrx_word' id='word_1_60' title='bbox 1303 1136 1472 1182; x_wconf 81' lang='lat' dir='ltr'>pectus,</span> 
     </span>
    </p>
   </div>
   <div class='ocr_carea' id='block_1_13' title="bbox 202 1256 1161 1366">
    <p class='ocr_par' dir='ltr' id='par_1_13' title="bbox 202 1256 1161 1366">
     <span class='ocr_line' id='line_1_13' title="bbox 202 1256 1161 1303; baseline 0.002 -15"><span class='ocrx_word' id='word_1_61' title='bbox 202 1268 243 1288; x_wconf 77' lang='lat' dir='ltr'>ex</span> <span class='ocrx_word' id='word_1_62' title='bbox 258 1256 403 1299; x_wconf 81' lang='lat' dir='ltr'>ambigua</span> <span class='ocrx_word' id='word_1_63' title='bbox 419 1263 541 1290; x_wconf 85' lang='lat' dir='ltr'>tautum</span> <span class='ocrx_word' id='word_1_64' title='bbox 557 1258 647 1290; x_wconf 78' lang='lat' dir='ltr'>verbi</span> <span class='ocrx_word' id='word_1_65' title='bbox 664 1260 867 1303; x_wconf 75' lang='lat' dir='ltr'>disparamus</span> <span class='ocrx_word' id='word_1_66' title='bbox 877 1261 1032 1292; x_wconf 76' lang='lat' dir='ltr'>relatione</span> <span class='ocrx_word' id='word_1_67' title='bbox 1049 1260 1161 1300; x_wconf 84' lang='lat' dir='ltr'>oritur,</span> 
     </span>
     <span class='ocr_line' id='line_1_14' title="bbox 203 1320 1160 1366; baseline 0.004 -15"><span class='ocrx_word' id='word_1_68' title='bbox 203 1326 236 1351; x_wconf 85' lang='lat' dir='ltr'>et</span> <span class='ocrx_word' id='word_1_69' title='bbox 258 1320 440 1365; x_wconf 81' lang='lat' dir='ltr'>interpretis</span> <span class='ocrx_word' id='word_1_70' title='bbox 464 1327 513 1352; x_wconf 87' lang='lat' dir='ltr'>est</span> <span class='ocrx_word' id='word_1_71' title='bbox 536 1321 715 1363; x_wconf 86' lang='lat' dir='ltr'>subjeetum</span> <span class='ocrx_word' id='word_1_72' title='bbox 745 1334 915 1366; x_wconf 79' lang='lat' dir='ltr'>quaerere,</span> <span class='ocrx_word' id='word_1_73' title='bbox 943 1323 982 1354; x_wconf 87' lang='lat' dir='ltr'>de</span> <span class='ocrx_word' id='word_1_74' title='bbox 1009 1334 1073 1366; x_wconf 86' lang='lat' dir='ltr'>quo</span> <span class='ocrx_word' id='word_1_75' title='bbox 1098 1324 1160 1355; x_wconf 81' lang='lat' dir='ltr'>hoc</span> 
     </span>
    </p>
   </div>
   <div class='ocr_carea' id='block_1_14' title="bbox 199 1383 1166 2686">
    <p class='ocr_par' dir='ltr' id='par_1_14' title="bbox 199 1383 1161 2059">
     <span class='ocr_line' id='line_1_15' title="bbox 203 1383 1159 1430; baseline 0.002 -16"><span class='ocrx_word' id='word_1_76' title='bbox 203 1383 334 1414; x_wconf 80' lang='lat' dir='ltr'>dicatur.</span> <span class='ocrx_word' id='word_1_77' title='bbox 381 1383 480 1427; x_wconf 81' lang='lat' dir='ltr'>Quod</span> <span class='ocrx_word' id='word_1_78' title='bbox 503 1384 530 1415; x_wconf 88' lang='lat' dir='ltr'>si</span> <span class='ocrx_word' id='word_1_79' title='bbox 555 1384 594 1416; x_wconf 83' lang='lat' dir='ltr'>ad</span> <span class='ocrx_word' id='word_1_80' title='bbox 611 1385 806 1417; x_wconf 84' lang='lat' dir='ltr'>Mercurium</span> <span class='ocrx_word' id='word_1_81' title='bbox 828 1392 859 1417; x_wconf 85' lang='lat' dir='ltr'>et</span> <span class='ocrx_word' id='word_1_82' title='bbox 879 1385 1066 1430; x_wconf 81' lang='lat' dir='ltr'>Apollinem</span> <span class='ocrx_word' id='word_1_83' title='bbox 1084 1386 1159 1428; x_wconf 85' lang='lat' dir='ltr'>jun·</span> 
     </span>
     <span class='ocr_line' id='line_1_16' title="bbox 201 1445 1160 1491; baseline 0.003 -15"><span class='ocrx_word' id='word_1_84' title='bbox 201 1450 272 1477; x_wconf 81' lang='lat' dir='ltr'>etos</span> <span class='ocrx_word' id='word_1_85' title='bbox 292 1445 411 1477; x_wconf 83' lang='lat' dir='ltr'>referre</span> <span class='ocrx_word' id='word_1_86' title='bbox 431 1445 590 1486; x_wconf 83' lang='lat' dir='ltr'>volueris,</span> <span class='ocrx_word' id='word_1_87' title='bbox 622 1447 720 1478; x_wconf 82' lang='lat' dir='ltr'>totius</span> <span class='ocrx_word' id='word_1_88' title='bbox 749 1447 900 1478; x_wconf 83' lang='lat' dir='ltr'>orationis</span> <span class='ocrx_word' id='word_1_89' title='bbox 926 1459 1059 1491; x_wconf 84' lang='lat' dir='ltr'>prorsus</span> <span class='ocrx_word' id='word_1_90' title='bbox 1084 1459 1160 1479; x_wconf 89' lang='lat' dir='ltr'>con-</span> 
     </span>
     <span class='ocr_line' id='line_1_17' title="bbox 199 1508 1160 1551; baseline 0.003 -12"><span class='ocrx_word' id='word_1_91' title='bbox 199 1508 317 1539; x_wconf 77' lang='lat' dir='ltr'>trarius</span> <span class='ocrx_word' id='word_1_92' title='bbox 341 1519 456 1540; x_wconf 82' lang='lat' dir='ltr'>sensus</span> <span class='ocrx_word' id='word_1_93' title='bbox 490 1509 613 1541; x_wconf 80' lang='lat' dir='ltr'>evadet.</span> <span class='ocrx_word' id='word_1_94' title='bbox 656 1509 725 1542; x_wconf 89' lang='lat' dir='ltr'>Sed</span> <span class='ocrx_word' id='word_1_95' title='bbox 758 1511 797 1541; x_wconf 91' lang='lat' dir='ltr'>de</span> <span class='ocrx_word' id='word_1_96' title='bbox 827 1511 989 1543; x_wconf 83' lang='lat' dir='ltr'>Mercurio</span> <span class='ocrx_word' id='word_1_97' title='bbox 1017 1516 1160 1551; x_wconf 78' lang='lat' dir='ltr'>tantum,</span> 
     </span>
     <span class='ocr_line' id='line_1_18' title="bbox 200 1571 1159 1621; baseline 0.004 -19"><span class='ocrx_word' id='word_1_98' title='bbox 200 1571 257 1614; x_wconf 81' lang='lat' dir='ltr'>qui</span> <span class='ocrx_word' id='word_1_99' title='bbox 284 1583 371 1604; x_wconf 90' lang='lat' dir='ltr'>nune</span> <span class='ocrx_word' id='word_1_100' title='bbox 401 1571 561 1621; x_wconf 75' lang='lat' dir='ltr'>loquitur,</span> <span class='ocrx_word' id='word_1_101' title='bbox 592 1572 673 1605; x_wconf 86' lang='lat' dir='ltr'>illud</span> <span class='ocrx_word' id='word_1_102' title='bbox 699 1574 901 1617; x_wconf 70' lang='lat' dir='ltr'>disparemus</span> <span class='ocrx_word' id='word_1_103' title='bbox 924 1586 962 1606; x_wconf 81' lang='lat' dir='ltr'>eo</span> <span class='ocrx_word' id='word_1_104' title='bbox 987 1574 1088 1617; x_wconf 79' lang='lat' dir='ltr'>magis</span> <span class='ocrx_word' id='word_1_105' title='bbox 1113 1574 1159 1606; x_wconf 90' lang='lat' dir='ltr'>in-</span> 
     </span>
     <span class='ocr_line' id='line_1_19' title="bbox 200 1635 1160 1680; baseline 0.002 -14"><span class='ocrx_word' id='word_1_106' title='bbox 200 1635 346 1678; x_wconf 84' lang='lat' dir='ltr'>telligere</span> <span class='ocrx_word' id='word_1_107' title='bbox 365 1635 457 1675; x_wconf 88' lang='lat' dir='ltr'>licet,</span> <span class='ocrx_word' id='word_1_108' title='bbox 488 1648 552 1679; x_wconf 87' lang='lat' dir='ltr'>quo</span> <span class='ocrx_word' id='word_1_109' title='bbox 577 1636 695 1668; x_wconf 81' lang='lat' dir='ltr'>certius</span> <span class='ocrx_word' id='word_1_110' title='bbox 715 1637 748 1668; x_wconf 85' lang='lat' dir='ltr'>id</span> <span class='ocrx_word' id='word_1_111' title='bbox 766 1638 853 1680; x_wconf 87' lang='lat' dir='ltr'>quod</span> <span class='ocrx_word' id='word_1_112' title='bbox 873 1638 1020 1680; x_wconf 85' lang='lat' dir='ltr'>seqnitur</span> <span class='ocrx_word' id='word_1_113' title='bbox 1038 1649 1160 1669; x_wconf 76' lang='lat' dir='ltr'>»mone-</span> 
     </span>
     <span class='ocr_line' id='line_1_20' title="bbox 201 1697 1159 1744; baseline 0.001 -14"><span class='ocrx_word' id='word_1_114' title='bbox 201 1710 294 1730; x_wconf 77' lang='lat' dir='ltr'>mur«</span> <span class='ocrx_word' id='word_1_115' title='bbox 319 1698 414 1730; x_wconf 83' lang='lat' dir='ltr'>etiam</span> <span class='ocrx_word' id='word_1_116' title='bbox 433 1697 473 1729; x_wconf 84' lang='lat' dir='ltr'>de</span> <span class='ocrx_word' id='word_1_117' title='bbox 492 1699 657 1730; x_wconf 74' lang='lat' dir='ltr'>Mercurio</span> <span class='ocrx_word' id='word_1_118' title='bbox 671 1699 738 1731; x_wconf 81' lang='lat' dir='ltr'>solo</span> <span class='ocrx_word' id='word_1_119' title='bbox 755 1699 818 1731; x_wconf 82' lang='lat' dir='ltr'>diei</span> <span class='ocrx_word' id='word_1_120' title='bbox 836 1699 949 1744; x_wconf 84' lang='lat' dir='ltr'>potuit.</span> <span class='ocrx_word' id='word_1_121' title='bbox 976 1699 1159 1733; x_wconf 77' lang='lat' dir='ltr'>contextus</span> 
     </span>
     <span class='ocr_line' id='line_1_21' title="bbox 202 1760 1161 1807; baseline 0.001 -14"><span class='ocrx_word' id='word_1_122' title='bbox 202 1762 299 1803; x_wconf 82' lang='lat' dir='ltr'>igitur</span> <span class='ocrx_word' id='word_1_123' title='bbox 319 1760 472 1793; x_wconf 86' lang='lat' dir='ltr'>orationis</span> <span class='ocrx_word' id='word_1_124' title='bbox 487 1762 568 1794; x_wconf 84' lang='lat' dir='ltr'>hane</span> <span class='ocrx_word' id='word_1_125' title='bbox 587 1762 730 1806; x_wconf 85' lang='lat' dir='ltr'>postulat</span> <span class='ocrx_word' id='word_1_126' title='bbox 744 1762 1054 1807; x_wconf 73' lang='lat' dir='ltr'>interpretationem:</span> <span class='ocrx_word' id='word_1_127' title='bbox 1074 1763 1161 1797; x_wconf 85' lang='lat' dir='ltr'>»Sed</span> 
     </span>
     <span class='ocr_line' id='line_1_22' title="bbox 203 1825 1160 1871; baseline 0.002 -14"><span class='ocrx_word' id='word_1_128' title='bbox 203 1825 297 1857; x_wconf 85' lang='lat' dir='ltr'>nullo</span> <span class='ocrx_word' id='word_1_129' title='bbox 321 1837 460 1869; x_wconf 81' lang='lat' dir='ltr'>unquam</span> <span class='ocrx_word' id='word_1_130' title='bbox 476 1830 619 1869; x_wconf 83' lang='lat' dir='ltr'>tempore</span> <span class='ocrx_word' id='word_1_131' title='bbox 632 1827 732 1867; x_wconf 81' lang='lat' dir='ltr'>magis</span> <span class='ocrx_word' id='word_1_132' title='bbox 751 1826 878 1870; x_wconf 82' lang='lat' dir='ltr'>dispare</span> <span class='ocrx_word' id='word_1_133' title='bbox 898 1827 1058 1871; x_wconf 84' lang='lat' dir='ltr'>(amoveo)</span> <span class='ocrx_word' id='word_1_134' title='bbox 1077 1827 1160 1859; x_wconf 71' lang='lat' dir='ltr'>velle</span> 
     </span>
     <span class='ocr_line' id='line_1_23' title="bbox 208 1888 1161 1933; baseline 0.001 -15"><span class='ocrx_word' id='word_1_135' title='bbox 208 1899 333 1927; x_wconf 82' lang='lat' dir='ltr'>mcum⁷</span> <span class='ocrx_word' id='word_1_136' title='bbox 382 1892 415 1919; x_wconf 85' lang='lat' dir='ltr'>et</span> <span class='ocrx_word' id='word_1_137' title='bbox 445 1898 607 1930; x_wconf 77' lang='lat' dir='ltr'>nunquam</span> <span class='ocrx_word' id='word_1_138' title='bbox 643 1888 742 1929; x_wconf 81' lang='lat' dir='ltr'>magis</span> <span class='ocrx_word' id='word_1_139' title='bbox 775 1888 865 1920; x_wconf 85' lang='lat' dir='ltr'>lubet</span> <span class='ocrx_word' id='word_1_140' title='bbox 893 1900 1004 1933; x_wconf 83' lang='lat' dir='ltr'>parere</span> <span class='ocrx_word' id='word_1_141' title='bbox 1041 1888 1161 1930; x_wconf 82' lang='lat' dir='ltr'>jussis,</span> 
     </span>
     <span class='ocr_line' id='line_1_24' title="bbox 205 1949 1161 1994; baseline 0.003 -12"><span class='ocrx_word' id='word_1_142' title='bbox 205 1963 301 1994; x_wconf 79' lang='lat' dir='ltr'>quam</span> <span class='ocrx_word' id='word_1_143' title='bbox 321 1962 418 1994; x_wconf 85' lang='lat' dir='ltr'>quum</span> <span class='ocrx_word' id='word_1_144' title='bbox 434 1949 568 1983; x_wconf 86' lang='lat' dir='ltr'>Deliaco</span> <span class='ocrx_word' id='word_1_145' title='bbox 586 1951 715 1984; x_wconf 81' lang='lat' dir='ltr'>obedire</span> <span class='ocrx_word' id='word_1_146' title='bbox 734 1951 863 1984; x_wconf 86' lang='lat' dir='ltr'>oraculo</span> <span class='ocrx_word' id='word_1_147' title='bbox 887 1964 961 1985; x_wconf 86' lang='lat' dir='ltr'>cura</span> <span class='ocrx_word' id='word_1_148' title='bbox 981 1958 1014 1985; x_wconf 88' lang='lat' dir='ltr'>et</span> <span class='ocrx_word' id='word_1_149' title='bbox 1032 1952 1161 1985; x_wconf 83' lang='lat' dir='ltr'>arbitrio</span> 
     </span>
     <span class='ocr_line' id='line_1_25' title="bbox 210 2013 558 2059; baseline 0.003 -14"><span class='ocrx_word' id='word_1_150' title='bbox 210 2013 374 2059; x_wconf 83' lang='lat' dir='ltr'>Apollinis</span> <span class='ocrx_word' id='word_1_151' title='bbox 397 2025 558 2046; x_wconf 77' lang='lat' dir='ltr'>moneor.«</span> 
     </span>
    </p>

    <p class='ocr_par' dir='ltr' id='par_1_15' title="bbox 207 2074 1166 2686">
     <span class='ocr_line' id='line_1_26' title="bbox 281 2074 1161 2123; baseline 0.001 -15"><span class='ocrx_word' id='word_1_152' title='bbox 281 2074 381 2120; x_wconf 65' lang='lat' dir='ltr'>hamc]</span> <span class='ocrx_word' id='word_1_153' title='bbox 408 2075 447 2108; x_wconf 73' lang='lat' dir='ltr'>Itl</span> <span class='ocrx_word' id='word_1_154' title='bbox 473 2082 522 2107; x_wconf 88' lang='lat' dir='ltr'>est</span> <span class='ocrx_word' id='word_1_155' title='bbox 545 2075 741 2120; x_wconf 82' lang='lat' dir='ltr'>Apollinem.</span> <span class='ocrx_word' id='word_1_156' title='bbox 759 2076 922 2110; x_wconf 76' lang='lat' dir='ltr'>Vch.—</span> <span class='ocrx_word' id='word_1_157' title='bbox 947 2078 1021 2110; x_wconf 81' lang='lat' dir='ltr'>Non</span> <span class='ocrx_word' id='word_1_158' title='bbox 1044 2077 1161 2123; x_wconf 84' lang='lat' dir='ltr'>placet,</span> 
     </span>
     <span class='ocr_line' id='line_1_27' title="bbox 207 2136 1161 2184; baseline 0.004 -16"><span class='ocrx_word' id='word_1_159' title='bbox 207 2136 283 2181; x_wconf 79' lang='lat' dir='ltr'>quia</span> <span class='ocrx_word' id='word_1_160' title='bbox 307 2137 448 2181; x_wconf 83' lang='lat' dir='ltr'>proxime</span> <span class='ocrx_word' id='word_1_161' title='bbox 471 2138 633 2182; x_wconf 77' lang='lat' dir='ltr'>praecedit</span> <span class='ocrx_word' id='word_1_162' title='bbox 657 2138 767 2182; x_wconf 75' lang='lat' dir='ltr'>fatus,</span> <span class='ocrx_word' id='word_1_163' title='bbox 793 2138 878 2171; x_wconf 86' lang='lat' dir='ltr'>haud</span> <span class='ocrx_word' id='word_1_164' title='bbox 901 2139 1032 2184; x_wconf 82' lang='lat' dir='ltr'>Apollo.</span> <span class='ocrx_word' id='word_1_165' title='bbox 1060 2140 1161 2172; x_wconf 88' lang='lat' dir='ltr'>Guel-</span> 
     </span>
     <span class='ocr_line' id='line_1_28' title="bbox 207 2200 1163 2246; baseline 0.004 -14"><span class='ocrx_word' id='word_1_166' title='bbox 207 2200 393 2243; x_wconf 72' lang='lat' dir='ltr'>ferbytanus</span> <span class='ocrx_word' id='word_1_167' title='bbox 413 2201 540 2245; x_wconf 85' lang='lat' dir='ltr'>quidem</span> <span class='ocrx_word' id='word_1_168' title='bbox 564 2201 666 2234; x_wconf 83' lang='lat' dir='ltr'>codex</span> <span class='ocrx_word' id='word_1_169' title='bbox 687 2214 744 2245; x_wconf 86' lang='lat' dir='ltr'>pro</span> <span class='ocrx_word' id='word_1_170' title='bbox 773 2204 859 2235; x_wconf 77' lang='lat' dir='ltr'>hunc</span> <span class='ocrx_word' id='word_1_171' title='bbox 876 2203 972 2235; x_wconf 80' lang='lat' dir='ltr'>habet</span> <span class='ocrx_word' id='word_1_172' title='bbox 994 2216 1102 2246; x_wconf 80' lang='lat' dir='ltr'>nunc,</span> <span class='ocrx_word' id='word_1_173' title='bbox 1130 2209 1163 2236; x_wconf 90' lang='lat' dir='ltr'>et</span> 
     </span>
     <span class='ocr_line' id='line_1_29' title="bbox 208 2263 1161 2309; baseline 0.003 -14"><span class='ocrx_word' id='word_1_174' title='bbox 208 2263 255 2296; x_wconf 75' lang='lat' dir='ltr'>sic</span> <span class='ocrx_word' id='word_1_175' title='bbox 277 2263 383 2306; x_wconf 81' lang='lat' dir='ltr'>legere</span> <span class='ocrx_word' id='word_1_176' title='bbox 398 2264 550 2296; x_wconf 79' lang='lat' dir='ltr'>Barthius</span> <span class='ocrx_word' id='word_1_177' title='bbox 572 2266 615 2309; x_wconf 84' lang='lat' dir='ltr'>(p.</span> <span class='ocrx_word' id='word_1_178' title='bbox 639 2266 748 2309; x_wconf 74' lang='lat'>1242)</span> <span class='ocrx_word' id='word_1_179' title='bbox 768 2267 862 2298; x_wconf 86' lang='lat' dir='ltr'>etiam</span> <span class='ocrx_word' id='word_1_180' title='bbox 875 2266 982 2309; x_wconf 81' lang='lat' dir='ltr'>jussit.</span> <span class='ocrx_word' id='word_1_181' title='bbox 1009 2267 1078 2300; x_wconf 77' lang='lat' dir='ltr'>Sed</span> <span class='ocrx_word' id='word_1_182' title='bbox 1093 2267 1161 2300; x_wconf 85' lang='lat' dir='ltr'>vul-</span> 
     </span>
     <span class='ocr_line' id='line_1_30' title="bbox 208 2327 1163 2374; baseline 0.005 -16"><span class='ocrx_word' id='word_1_183' title='bbox 208 2333 318 2369; x_wconf 81' lang='lat' dir='ltr'>gatam</span> <span class='ocrx_word' id='word_1_184' title='bbox 341 2327 456 2358; x_wconf 87' lang='lat' dir='ltr'>retinui</span> <span class='ocrx_word' id='word_1_185' title='bbox 479 2328 665 2369; x_wconf 83' lang='lat' dir='ltr'>lectionem,</span> <span class='ocrx_word' id='word_1_186' title='bbox 693 2330 767 2373; x_wconf 82' lang='lat' dir='ltr'>quia</span> <span class='ocrx_word' id='word_1_187' title='bbox 787 2330 956 2374; x_wconf 81' lang='lat' dir='ltr'>perspicua</span> <span class='ocrx_word' id='word_1_188' title='bbox 975 2336 1033 2363; x_wconf 78' lang='lat' dir='ltr'>est.</span> <span class='ocrx_word' id='word_1_189' title='bbox 1057 2331 1163 2363; x_wconf 77' lang='lat' dir='ltr'>Fatus</span> 
     </span>
     <span class='ocr_line' id='line_1_31' title="bbox 209 2389 1164 2437; baseline 0.005 -17"><span class='ocrx_word' id='word_1_190' title='bbox 209 2389 295 2421; x_wconf 83' lang='lat' dir='ltr'>enim</span> <span class='ocrx_word' id='word_1_191' title='bbox 317 2394 449 2432; x_wconf 81' lang='lat' dir='ltr'>quartae</span> <span class='ocrx_word' id='word_1_192' title='bbox 473 2389 692 2422; x_wconf 76' lang='lat' dir='ltr'>declinationis</span> <span class='ocrx_word' id='word_1_193' title='bbox 712 2392 877 2423; x_wconf 78' lang='lat' dir='ltr'>oraculum</span> <span class='ocrx_word' id='word_1_194' title='bbox 898 2398 947 2423; x_wconf 91' lang='lat' dir='ltr'>est</span> <span class='ocrx_word' id='word_1_195' title='bbox 972 2392 1015 2436; x_wconf 89' lang='lat' dir='ltr'>(v.</span> <span class='ocrx_word' id='word_1_196' title='bbox 1041 2391 1069 2437; x_wconf 83' lang='lat'>§.</span> <span class='ocrx_word' id='word_1_197' title='bbox 1092 2393 1164 2425; x_wconf 78' lang='lat'>124</span> 
     </span>
     <span class='ocr_line' id='line_1_32' title="bbox 208 2451 1163 2500; baseline 0.002 -16"><span class='ocrx_word' id='word_1_198' title='bbox 208 2458 241 2484; x_wconf 80' lang='lat' dir='ltr'>et</span> <span class='ocrx_word' id='word_1_199' title='bbox 269 2457 335 2484; x_wconf 92' lang='lat' dir='ltr'>not.</span> <span class='ocrx_word' id='word_1_200' title='bbox 361 2451 543 2495; x_wconf 81' lang='lat' dir='ltr'>praeced.),</span> <span class='ocrx_word' id='word_1_201' title='bbox 576 2454 660 2485; x_wconf 82' lang='lat' dir='ltr'>unde</span> <span class='ocrx_word' id='word_1_202' title='bbox 679 2454 875 2488; x_wconf 82' lang='lat' dir='ltr'>Prudentius</span> <span class='ocrx_word' id='word_1_203' title='bbox 909 2455 1028 2499; x_wconf 85' lang='lat' dir='ltr'>(apoth.</span> <span class='ocrx_word' id='word_1_204' title='bbox 1060 2456 1163 2500; x_wconf 73' lang='lat'>594)=</span> 
     </span>
     <span class='ocr_line' id='line_1_33' title="bbox 221 2515 1164 2563; baseline 0.005 -17"><span class='ocrx_word' id='word_1_205' title='bbox 221 2515 384 2547; x_wconf 60' lang='lat' dir='ltr'>„Promite</span> <span class='ocrx_word' id='word_1_206' title='bbox 406 2520 547 2548; x_wconf 85' lang='lat' dir='ltr'>secretos</span> <span class='ocrx_word' id='word_1_207' title='bbox 569 2516 697 2559; x_wconf 56' lang='lat' dir='ltr'>fatus-5</span> <span class='ocrx_word' id='word_1_208' title='bbox 724 2524 755 2549; x_wconf 87' lang='lat' dir='ltr'>et</span> <span class='ocrx_word' id='word_1_209' title='bbox 780 2518 979 2563; x_wconf 76' lang='lat' dir='ltr'>Apollinaris</span> <span class='ocrx_word' id='word_1_210' title='bbox 1009 2519 1164 2553; x_wconf 85' lang='lat' dir='ltr'>Sidonius</span> 
     </span>
     <span class='ocr_line' id='line_1_34' title="bbox 208 2576 1165 2624; baseline 0.006 -17"><span class='ocrx_word' id='word_1_211' title='bbox 208 2577 316 2621; x_wconf 84' lang='lat' dir='ltr'>(epist.</span> <span class='ocrx_word' id='word_1_212' title='bbox 341 2578 376 2617; x_wconf 79' lang='lat'>9,</span> <span class='ocrx_word' id='word_1_213' title='bbox 401 2578 458 2609; x_wconf 81' lang='lat'>15.</span> <span class='ocrx_word' id='word_1_214' title='bbox 482 2589 514 2620; x_wconf 91' lang='lat' dir='ltr'>p.</span> <span class='ocrx_word' id='word_1_215' title='bbox 531 2577 604 2609; x_wconf 76' lang='lat'>276</span> <span class='ocrx_word' id='word_1_216' title='bbox 624 2576 733 2621; x_wconf 89' lang='lat' dir='ltr'>Sirm.)</span> <span class='ocrx_word' id='word_1_217' title='bbox 757 2580 844 2611; x_wconf 74' lang='lat' dir='ltr'>»licta</span> <span class='ocrx_word' id='word_1_218' title='bbox 860 2580 953 2623; x_wconf 76' lang='lat' dir='ltr'>fatu«</span> <span class='ocrx_word' id='word_1_219' title='bbox 976 2593 1036 2624; x_wconf 84' lang='lat' dir='ltr'>pro</span> <span class='ocrx_word' id='word_1_220' title='bbox 1059 2581 1165 2613; x_wconf 81' lang='lat' dir='ltr'>»salsis</span> 
     </span>
     <span class='ocr_line' id='line_1_35' title="bbox 213 2637 1166 2686; baseline 0.004 -16"><span class='ocrx_word' id='word_1_221' title='bbox 213 2638 372 2671; x_wconf 66' lang='lat' dir='ltr'>oraculis«</span> <span class='ocrx_word' id='word_1_222' title='bbox 400 2637 534 2682; x_wconf 78' lang='lat' dir='ltr'>scripsit.</span> <span class='ocrx_word' id='word_1_223' title='bbox 572 2638 663 2682; x_wconf 70' lang='lat' dir='ltr'>Quin</span> <span class='ocrx_word' id='word_1_224' title='bbox 684 2639 768 2684; x_wconf 84' lang='lat' dir='ltr'>apud</span> <span class='ocrx_word' id='word_1_225' title='bbox 789 2639 979 2674; x_wconf 77' lang='lat' dir='ltr'>Ciceronem</span> <span class='ocrx_word' id='word_1_226' title='bbox 1001 2642 1096 2675; x_wconf 79' lang='lat' dir='ltr'>etiam</span> <span class='ocrx_word' id='word_1_227' title='bbox 1113 2642 1166 2686; x_wconf 79' lang='lat' dir='ltr'>(de</span> 
     </span>
    </p>
   </div>
   <div class='ocr_carea' id='block_1_15' title="bbox 1208 1255 2171 2496">
    <p class='ocr_par' dir='ltr' id='par_1_16' title="bbox 1211 1255 2169 1545">
     <span class='ocr_line' id='line_1_36' title="bbox 1211 1255 2160 1303; baseline 0 -13"><span class='ocrx_word' id='word_1_228' title='bbox 1211 1259 1340 1291; x_wconf 72' lang='lat' dir='ltr'>divinat.</span> <span class='ocrx_word' id='word_1_229' title='bbox 1366 1260 1404 1299; x_wconf 79' lang='lat'>1,</span> <span class='ocrx_word' id='word_1_230' title='bbox 1434 1257 1497 1302; x_wconf 83' lang='lat'>51)</span> <span class='ocrx_word' id='word_1_231' title='bbox 1521 1257 1598 1290; x_wconf 71' lang='lat' dir='ltr'>»sari</span> <span class='ocrx_word' id='word_1_232' title='bbox 1621 1257 1731 1302; x_wconf 77' lang='lat' dir='ltr'>fatus«</span> <span class='ocrx_word' id='word_1_233' title='bbox 1754 1267 1814 1303; x_wconf 86' lang='lat' dir='ltr'>pro</span> <span class='ocrx_word' id='word_1_234' title='bbox 1839 1256 1986 1291; x_wconf 83' lang='lat' dir='ltr'>»oracula</span> <span class='ocrx_word' id='word_1_235' title='bbox 2007 1255 2160 1290; x_wconf 75' lang='lat' dir='ltr'>fundere«</span> 
     </span>
     <span class='ocr_line' id='line_1_37' title="bbox 1212 1321 2168 1366; baseline 0 -13"><span class='ocrx_word' id='word_1_236' title='bbox 1212 1321 1395 1354; x_wconf 80' lang='lat' dir='ltr'>Cassandra</span> <span class='ocrx_word' id='word_1_237' title='bbox 1426 1321 1510 1353; x_wconf 88' lang='lat' dir='ltr'>dicit.</span> <span class='ocrx_word' id='word_1_238' title='bbox 1549 1321 1629 1353; x_wconf 87' lang='lat' dir='ltr'>Loci</span> <span class='ocrx_word' id='word_1_239' title='bbox 1661 1322 1746 1366; x_wconf 80' lang='lat' dir='ltr'>apud</span> <span class='ocrx_word' id='word_1_240' title='bbox 1779 1328 1923 1354; x_wconf 91' lang='lat' dir='ltr'>nostrum</span> <span class='ocrx_word' id='word_1_241' title='bbox 1956 1332 2071 1353; x_wconf 88' lang='lat' dir='ltr'>sensus</span> <span class='ocrx_word' id='word_1_242' title='bbox 2103 1326 2168 1353; x_wconf 80' lang='lat' dir='ltr'>est:</span> 
     </span>
     <span class='ocr_line' id='line_1_38' title="bbox 1219 1384 2169 1429; baseline 0 -13"><span class='ocrx_word' id='word_1_243' title='bbox 1219 1385 1357 1429; x_wconf 84' lang='lat' dir='ltr'>»quippe</span> <span class='ocrx_word' id='word_1_244' title='bbox 1389 1385 1478 1416; x_wconf 82' lang='lat' dir='ltr'>nefas</span> <span class='ocrx_word' id='word_1_245' title='bbox 1517 1390 1666 1428; x_wconf 80' lang='lat' dir='ltr'>putamus</span> <span class='ocrx_word' id='word_1_246' title='bbox 1704 1386 1789 1417; x_wconf 85' lang='lat' dir='ltr'>hunc</span> <span class='ocrx_word' id='word_1_247' title='bbox 1821 1384 1953 1429; x_wconf 68' lang='lat' dir='ltr'>(latum)</span> <span class='ocrx_word' id='word_1_248' title='bbox 1987 1384 2169 1427; x_wconf 78' lang='lat' dir='ltr'>ambiguum</span> 
     </span>
     <span class='ocr_line' id='line_1_39' title="bbox 1214 1447 2169 1493; baseline 0 -13"><span class='ocrx_word' id='word_1_249' title='bbox 1214 1447 1398 1493; x_wconf 78' lang='lat' dir='ltr'>(eredere).«</span> <span class='ocrx_word' id='word_1_250' title='bbox 1423 1447 1584 1489; x_wconf 78' lang='lat' dir='ltr'>Ambigua</span> <span class='ocrx_word' id='word_1_251' title='bbox 1601 1448 1686 1480; x_wconf 86' lang='lat' dir='ltr'>enim</span> <span class='ocrx_word' id='word_1_252' title='bbox 1703 1447 1832 1481; x_wconf 83' lang='lat' dir='ltr'>oracula</span> <span class='ocrx_word' id='word_1_253' title='bbox 1846 1448 1941 1491; x_wconf 68' lang='lat' dir='ltr'>vulgo</span> <span class='ocrx_word' id='word_1_254' title='bbox 1959 1448 2069 1480; x_wconf 75' lang='lat' dir='ltr'>habita</span> <span class='ocrx_word' id='word_1_255' title='bbox 2096 1459 2169 1481; x_wconf 82' lang='lat' dir='ltr'>esse</span> 
     </span>
     <span class='ocr_line' id='line_1_40' title="bbox 1213 1517 1408 1545; baseline -0.015 0"><span class='ocrx_word' id='word_1_256' title='bbox 1213 1518 1325 1545; x_wconf 86' lang='lat' dir='ltr'>notum</span> <span class='ocrx_word' id='word_1_257' title='bbox 1350 1517 1408 1543; x_wconf 81' lang='lat' dir='ltr'>est.</span> 
     </span>
    </p>

    <p class='ocr_par' dir='ltr' id='par_1_17' title="bbox 1212 1572 2171 2058">
     <span class='ocr_line' id='line_1_41' title="bbox 1280 1572 2171 1619; baseline 0 -14"><span class='ocrx_word' id='word_1_258' title='bbox 1280 1572 1379 1619; x_wconf 81' lang='lat' dir='ltr'>peril]</span> <span class='ocrx_word' id='word_1_259' title='bbox 1393 1573 1431 1605; x_wconf 84' lang='lat' dir='ltr'>ln</span> <span class='ocrx_word' id='word_1_260' title='bbox 1448 1573 1656 1604; x_wconf 82' lang='lat' dir='ltr'>membranis:</span> <span class='ocrx_word' id='word_1_261' title='bbox 1673 1572 1736 1604; x_wconf 82' lang='lat' dir='ltr'>»Et</span> <span class='ocrx_word' id='word_1_262' title='bbox 1753 1584 1964 1618; x_wconf 86' lang='lat' dir='ltr'>quaecunque</span> <span class='ocrx_word' id='word_1_263' title='bbox 1978 1573 2074 1606; x_wconf 78' lang='lat' dir='ltr'>fucrit</span> <span class='ocrx_word' id='word_1_264' title='bbox 2087 1572 2171 1617; x_wconf 83' lang='lat' dir='ltr'>perit</span> 
     </span>
     <span class='ocr_line' id='line_1_42' title="bbox 1212 1635 2169 1682; baseline 0 -14"><span class='ocrx_word' id='word_1_265' title='bbox 1212 1636 1398 1675; x_wconf 68' lang='lat' dir='ltr'>voluutas«3</span> <span class='ocrx_word' id='word_1_266' title='bbox 1421 1641 1456 1666; x_wconf 89' lang='lat' dir='ltr'>ut</span> <span class='ocrx_word' id='word_1_267' title='bbox 1479 1635 1620 1679; x_wconf 77' lang='lat' dir='ltr'>suspicio</span> <span class='ocrx_word' id='word_1_268' title='bbox 1643 1647 1703 1668; x_wconf 87' lang='lat' dir='ltr'>nos</span> <span class='ocrx_word' id='word_1_269' title='bbox 1723 1636 1835 1668; x_wconf 80' lang='lat' dir='ltr'>subeat</span> <span class='ocrx_word' id='word_1_270' title='bbox 1853 1651 1866 1664; x_wconf 68' lang='lat' dir='ltr'>u</span> <span class='ocrx_word' id='word_1_271' title='bbox 1874 1636 1994 1682; x_wconf 84' lang='lat' dir='ltr'>praeit«</span> <span class='ocrx_word' id='word_1_272' title='bbox 2015 1636 2169 1680; x_wconf 75' lang='lat' dir='ltr'>Capellae</span> 
     </span>
     <span class='ocr_line' id='line_1_43' title="bbox 1212 1699 2168 1745; baseline 0 -13"><span class='ocrx_word' id='word_1_273' title='bbox 1212 1700 1367 1732; x_wconf 88' lang='lat' dir='ltr'>relictum.</span> <span class='ocrx_word' id='word_1_274' title='bbox 1408 1699 1631 1744; x_wconf 79' lang='lat' dir='ltr'>Quaecunque</span> <span class='ocrx_word' id='word_1_275' title='bbox 1661 1699 1722 1732; x_wconf 87' lang='lat' dir='ltr'>suit</span> <span class='ocrx_word' id='word_1_276' title='bbox 1748 1707 1860 1741; x_wconf 81' lang='lat' dir='ltr'>antea,</span> <span class='ocrx_word' id='word_1_277' title='bbox 1894 1701 1997 1745; x_wconf 77' lang='lat' dir='ltr'>praeit</span> <span class='ocrx_word' id='word_1_278' title='bbox 2023 1701 2085 1732; x_wconf 82' lang='lat' dir='ltr'>ista</span> <span class='ocrx_word' id='word_1_279' title='bbox 2114 1711 2168 1733; x_wconf 84' lang='lat' dir='ltr'>vo-</span> 
     </span>
     <span class='ocr_line' id='line_1_44' title="bbox 1214 1762 2171 1809; baseline 0.002 -14"><span class='ocrx_word' id='word_1_280' title='bbox 1214 1764 1330 1796; x_wconf 80' lang='lat' dir='ltr'>luntas.</span> <span class='ocrx_word' id='word_1_281' title='bbox 1357 1762 1483 1794; x_wconf 48' lang='lat' dir='ltr'>Bima.</span> <span class='ocrx_word' id='word_1_282' title='bbox 1514 1763 1659 1807; x_wconf 34' lang='lat' dir='ltr'>(adversl</span> <span class='ocrx_word' id='word_1_283' title='bbox 1694 1776 1725 1807; x_wconf 83' lang='lat' dir='ltr'>p.</span> <span class='ocrx_word' id='word_1_284' title='bbox 1749 1764 1844 1807; x_wconf 78' lang='grc'>956)</span> <span class='ocrx_word' id='word_1_285' title='bbox 1864 1785 1911 1791; x_wconf 71' lang='lat'>-</span> <span class='ocrx_word' id='word_1_286' title='bbox 1961 1764 2047 1797; x_wconf 79' lang='lat' dir='ltr'>Vide</span> <span class='ocrx_word' id='word_1_287' title='bbox 2074 1775 2171 1809; x_wconf 82' lang='lat' dir='ltr'>quam</span> 
     </span>
     <span class='ocr_line' id='line_1_45' title="bbox 1212 1824 2169 1869; baseline 0.001 -12"><span class='ocrx_word' id='word_1_288' title='bbox 1212 1825 1294 1857; x_wconf 81' lang='lat' dir='ltr'>male</span> <span class='ocrx_word' id='word_1_289' title='bbox 1320 1830 1483 1865; x_wconf 77' lang='lat' dir='ltr'>nostrum,</span> <span class='ocrx_word' id='word_1_290' title='bbox 1511 1837 1606 1868; x_wconf 85' lang='lat' dir='ltr'>quem</span> <span class='ocrx_word' id='word_1_291' title='bbox 1623 1824 1825 1869; x_wconf 79' lang='lat' dir='ltr'>interpretari</span> <span class='ocrx_word' id='word_1_292' title='bbox 1842 1825 2088 1868; x_wconf 81' lang='lat' dir='ltr'>aggrediuntur,</span> <span class='ocrx_word' id='word_1_293' title='bbox 2115 1828 2169 1858; x_wconf 78' lang='lat' dir='ltr'>ha-</span> 
     </span>
     <span class='ocr_line' id='line_1_46' title="bbox 1213 1885 2169 1932; baseline 0.001 -13"><span class='ocrx_word' id='word_1_294' title='bbox 1213 1887 1309 1919; x_wconf 88' lang='lat' dir='ltr'>beant</span> <span class='ocrx_word' id='word_1_295' title='bbox 1334 1885 1443 1919; x_wconf 82' lang='lat' dir='ltr'>critici.</span> <span class='ocrx_word' id='word_1_296' title='bbox 1482 1886 1660 1919; x_wconf 76' lang='lat' dir='ltr'>Martianus</span> <span class='ocrx_word' id='word_1_297' title='bbox 1683 1886 1813 1918; x_wconf 87' lang='lat' dir='ltr'>omnino</span> <span class='ocrx_word' id='word_1_298' title='bbox 1835 1892 1921 1919; x_wconf 85' lang='lat' dir='ltr'>recte</span> <span class='ocrx_word' id='word_1_299' title='bbox 1946 1886 2072 1932; x_wconf 84' lang='lat' dir='ltr'>sibique</span> <span class='ocrx_word' id='word_1_300' title='bbox 2095 1898 2169 1920; x_wconf 89' lang='lat' dir='ltr'>con-</span> 
     </span>
     <span class='ocr_line' id='line_1_47' title="bbox 1213 1951 2170 1996; baseline -0.001 -12"><span class='ocrx_word' id='word_1_301' title='bbox 1213 1958 1301 1985; x_wconf 85' lang='lat' dir='ltr'>stans</span> <span class='ocrx_word' id='word_1_302' title='bbox 1333 1951 1523 1996; x_wconf 70' lang='lat' dir='ltr'>seripsemt3</span> <span class='ocrx_word' id='word_1_303' title='bbox 1558 1951 1616 1983; x_wconf 84' lang='lat' dir='ltr'>sed</span> <span class='ocrx_word' id='word_1_304' title='bbox 1642 1963 1758 1984; x_wconf 86' lang='lat' dir='ltr'>censor</span> <span class='ocrx_word' id='word_1_305' title='bbox 1783 1963 1897 1994; x_wconf 83' lang='lat' dir='ltr'>eogere</span> <span class='ocrx_word' id='word_1_306' title='bbox 1921 1963 1994 1984; x_wconf 88' lang='lat' dir='ltr'>eum</span> <span class='ocrx_word' id='word_1_307' title='bbox 2025 1957 2170 1993; x_wconf 76' lang='lat' dir='ltr'>conatur,</span> 
     </span>
     <span class='ocr_line' id='line_1_48' title="bbox 1213 2013 1591 2058; baseline -0.003 -12"><span class='ocrx_word' id='word_1_308' title='bbox 1213 2020 1250 2047; x_wconf 83' lang='lat' dir='ltr'>ut</span> <span class='ocrx_word' id='word_1_309' title='bbox 1273 2013 1411 2046; x_wconf 81' lang='lat' dir='ltr'>absurda</span> <span class='ocrx_word' id='word_1_310' title='bbox 1440 2014 1591 2058; x_wconf 77' lang='lat' dir='ltr'>proferat.</span> 
     </span>
    </p>

    <p class='ocr_par' dir='ltr' id='par_1_18' title="bbox 1208 2073 2170 2432">
     <span class='ocr_line' id='line_1_49' title="bbox 1291 2073 2169 2119; baseline -0.001 -12"><span class='ocrx_word' id='word_1_311' title='bbox 1291 2073 1462 2119; x_wconf 64' lang='lat' dir='ltr'>Quocirca]</span> <span class='ocrx_word' id='word_1_312' title='bbox 1491 2075 1572 2107; x_wconf 82' lang='lat' dir='ltr'>Tres</span> <span class='ocrx_word' id='word_1_313' title='bbox 1593 2074 1669 2107; x_wconf 91' lang='lat' dir='ltr'>illos</span> <span class='ocrx_word' id='word_1_314' title='bbox 1695 2086 1807 2108; x_wconf 76' lang='lat' dir='ltr'>versus</span> <span class='ocrx_word' id='word_1_315' title='bbox 1826 2075 1872 2108; x_wconf 83' lang='lat' dir='ltr'>sic</span> <span class='ocrx_word' id='word_1_316' title='bbox 1898 2081 2067 2109; x_wconf 81' lang='lat' dir='ltr'>construe:</span> <span class='ocrx_word' id='word_1_317' title='bbox 2087 2073 2169 2107; x_wconf 66' lang='lat' dir='ltr'>‚Ar-</span> 
     </span>
     <span class='ocr_line' id='line_1_50' title="bbox 1214 2136 2170 2183; baseline -0.001 -12"><span class='ocrx_word' id='word_1_318' title='bbox 1214 2152 1268 2173; x_wconf 81' lang='lat' dir='ltr'>cas</span> <span class='ocrx_word' id='word_1_319' title='bbox 1304 2138 1512 2183; x_wconf 81' lang='lat' dir='ltr'>(Mercurius)</span> <span class='ocrx_word' id='word_1_320' title='bbox 1540 2139 1575 2170; x_wconf 90' lang='lat' dir='ltr'>in</span> <span class='ocrx_word' id='word_1_321' title='bbox 1602 2139 1759 2172; x_wconf 80' lang='lat' dir='ltr'>thalamos</span> <span class='ocrx_word' id='word_1_322' title='bbox 1792 2140 1900 2172; x_wconf 66' lang='lat' dir='ltr'>ventre</span> <span class='ocrx_word' id='word_1_323' title='bbox 1924 2139 1978 2183; x_wconf 85' lang='lat' dir='ltr'>(ab</span> <span class='ocrx_word' id='word_1_324' title='bbox 2001 2136 2170 2183; x_wconf 74' lang='lat' dir='ltr'>Apolline)</span> 
     </span>
     <span class='ocr_line' id='line_1_51' title="bbox 1208 2198 2169 2246; baseline -0.002 -13"><span class='ocrx_word' id='word_1_325' title='bbox 1208 2202 1322 2245; x_wconf 84' lang='lat' dir='ltr'>jussus</span> <span class='ocrx_word' id='word_1_326' title='bbox 1352 2200 1455 2232; x_wconf 80' lang='lat' dir='ltr'>officio</span> <span class='ocrx_word' id='word_1_327' title='bbox 1484 2200 1667 2233; x_wconf 85' lang='lat' dir='ltr'>decentiore</span> <span class='ocrx_word' id='word_1_328' title='bbox 1695 2200 1897 2246; x_wconf 80' lang='lat' dir='ltr'>praecluibus</span> <span class='ocrx_word' id='word_1_329' title='bbox 1922 2198 1965 2244; x_wconf 60' lang='grc' dir='ltr'>(ἓ.</span> <span class='ocrx_word' id='word_1_330' title='bbox 1980 2199 2018 2243; x_wconf 83' lang='grc'>5)</span> <span class='ocrx_word' id='word_1_331' title='bbox 2035 2199 2169 2244; x_wconf 79' lang='lat' dir='ltr'>profatis</span> 
     </span>
     <span class='ocr_line' id='line_1_52' title="bbox 1215 2261 2170 2308; baseline -0.002 -13"><span class='ocrx_word' id='word_1_332' title='bbox 1215 2262 1328 2308; x_wconf 83' lang='lat' dir='ltr'>(nobili</span> <span class='ocrx_word' id='word_1_333' title='bbox 1351 2261 1494 2305; x_wconf 78' lang='lat' dir='ltr'>oraculo)</span> <span class='ocrx_word' id='word_1_334' title='bbox 1519 2262 1624 2294; x_wconf 82' lang='lat' dir='ltr'>libens</span> <span class='ocrx_word' id='word_1_335' title='bbox 1651 2268 1771 2307; x_wconf 66' lang='lat' dir='ltr'>parem</span> <span class='ocrx_word' id='word_1_336' title='bbox 1819 2261 2016 2293; x_wconf 88' lang='lat' dir='ltr'>Dresdensis</span> <span class='ocrx_word' id='word_1_337' title='bbox 2039 2261 2170 2306; x_wconf 84' lang='lat' dir='ltr'>quidem</span> 
     </span>
     <span class='ocr_line' id='line_1_53' title="bbox 1214 2322 2170 2367; baseline -0.001 -9"><span class='ocrx_word' id='word_1_338' title='bbox 1214 2325 1316 2358; x_wconf 84' lang='lat' dir='ltr'>codex</span> <span class='ocrx_word' id='word_1_339' title='bbox 1338 2323 1495 2367; x_wconf 67' lang='lat' dir='ltr'>prae-fictis</span> <span class='ocrx_word' id='word_1_340' title='bbox 1518 2324 1666 2364; x_wconf 77' lang='lat' dir='ltr'>exhibet3</span> <span class='ocrx_word' id='word_1_341' title='bbox 1690 2323 1750 2355; x_wconf 87' lang='lat' dir='ltr'>sed</span> <span class='ocrx_word' id='word_1_342' title='bbox 1771 2322 1886 2356; x_wconf 85' lang='lat' dir='ltr'>melior</span> <span class='ocrx_word' id='word_1_343' title='bbox 1909 2323 2049 2366; x_wconf 79' lang='lat' dir='ltr'>vulgaris</span> <span class='ocrx_word' id='word_1_344' title='bbox 2073 2323 2170 2357; x_wconf 81' lang='lat' dir='ltr'>lectio</span> 
     </span>
     <span class='ocr_line' id='line_1_54' title="bbox 1216 2386 2050 2432; baseline 0 -12"><span class='ocrx_word' id='word_1_345' title='bbox 1216 2388 1256 2420; x_wconf 85' lang='lat' dir='ltr'>ad</span> <span class='ocrx_word' id='word_1_346' title='bbox 1284 2386 1448 2432; x_wconf 80' lang='lat' dir='ltr'>Apollinis</span> <span class='ocrx_word' id='word_1_347' title='bbox 1476 2387 1637 2419; x_wconf 74' lang='lat' dir='ltr'>divinandi</span> <span class='ocrx_word' id='word_1_348' title='bbox 1659 2392 1851 2432; x_wconf 81' lang='lat' dir='ltr'>potestatem</span> <span class='ocrx_word' id='word_1_349' title='bbox 1874 2387 2050 2420; x_wconf 79' lang='lat' dir='ltr'>referenda.</span> 
     </span>
    </p>

    <p class='ocr_par' dir='ltr' id='par_1_19' title="bbox 1289 2450 2169 2496">
     <span class='ocr_line' id='line_1_55' title="bbox 1289 2450 2169 2496; baseline 0.001 -12"><span class='ocrx_word' id='word_1_350' title='bbox 1289 2450 1386 2496; x_wconf 79' lang='lat' dir='ltr'>ciere]</span> <span class='ocrx_word' id='word_1_351' title='bbox 1414 2451 1507 2484; x_wconf 74' lang='lat' dir='ltr'>Ciere</span> <span class='ocrx_word' id='word_1_352' title='bbox 1538 2457 1668 2495; x_wconf 86' lang='lat' dir='ltr'>pectus,</span> <span class='ocrx_word' id='word_1_353' title='bbox 1705 2457 1741 2483; x_wconf 81' lang='lat' dir='ltr'>ut</span> <span class='ocrx_word' id='word_1_354' title='bbox 1767 2464 1862 2496; x_wconf 81' lang='lat' dir='ltr'>supra</span> <span class='ocrx_word' id='word_1_355' title='bbox 1890 2464 2061 2493; x_wconf 76' lang='lat' dir='ltr'>»numen«,</span> <span class='ocrx_word' id='word_1_356' title='bbox 2088 2463 2169 2485; x_wconf 73' lang='lat' dir='ltr'>com-</span> 
     </span>
    </p>
   </div>
   <div class='ocr_carea' id='block_1_16' title="bbox 1216 2513 2168 2559">
    <p class='ocr_par' dir='ltr' id='par_1_20' title="bbox 1216 2513 2168 2559">
     <span class='ocr_line' id='line_1_56' title="bbox 1216 2513 2168 2559; baseline -0.001 -12"><span class='ocrx_word' id='word_1_357' title='bbox 1216 2527 1342 2547; x_wconf 84' lang='lat' dir='ltr'>movere</span> <span class='ocrx_word' id='word_1_358' title='bbox 1377 2520 1411 2546; x_wconf 85' lang='lat' dir='ltr'>ct</span> <span class='ocrx_word' id='word_1_359' title='bbox 1444 2515 1559 2546; x_wconf 75' lang='lat' dir='ltr'>ducere</span> <span class='ocrx_word' id='word_1_360' title='bbox 1585 2519 1687 2546; x_wconf 80' lang='lat' dir='ltr'>sonat.</span> <span class='ocrx_word' id='word_1_361' title='bbox 1737 2513 1796 2547; x_wconf 79' lang='lat' dir='ltr'>Sic</span> <span class='ocrx_word' id='word_1_362' title='bbox 1824 2513 1859 2546; x_wconf 87' lang='lat' dir='ltr'>in</span> <span class='ocrx_word' id='word_1_363' title='bbox 1891 2514 2003 2559; x_wconf 86' lang='lat' dir='ltr'>quinto</span> <span class='ocrx_word' id='word_1_364' title='bbox 2031 2513 2168 2546; x_wconf 80' lang='lat' dir='ltr'>carmine</span> 
     </span>
    </p>
   </div>
   <div class='ocr_carea' id='block_1_17' title="bbox 1216 2577 2160 2686">
    <p class='ocr_par' dir='ltr' id='par_1_21' title="bbox 1216 2577 2160 2686">
     <span class='ocr_line' id='line_1_57' title="bbox 1216 2577 2160 2621; baseline -0.001 -10"><span class='ocrx_word' id='word_1_365' title='bbox 1216 2580 1312 2621; x_wconf 85' lang='lat' dir='ltr'>hujus</span> <span class='ocrx_word' id='word_1_366' title='bbox 1345 2578 1434 2610; x_wconf 80' lang='lat' dir='ltr'>libri:</span> <span class='ocrx_word' id='word_1_367' title='bbox 1465 2577 1533 2610; x_wconf 75' lang='lat' dir='ltr'>»Ne</span> <span class='ocrx_word' id='word_1_368' title='bbox 1557 2578 1686 2620; x_wconf 74' lang='lat' dir='ltr'>vulgata</span> <span class='ocrx_word' id='word_1_369' title='bbox 1720 2579 1807 2613; x_wconf 76' lang='lat' dir='ltr'>ciant</span> <span class='ocrx_word' id='word_1_370' title='bbox 1838 2579 1934 2613; x_wconf 81' lang='lat' dir='ltr'>corda</span> <span class='ocrx_word' id='word_1_371' title='bbox 1968 2577 2160 2612; x_wconf 73' lang='lat' dir='ltr'>doloribus.-</span> 
     </span>
     <span class='ocr_line' id='line_1_58' title="bbox 1217 2639 1626 2686; baseline -0.01 -11"><span class='ocrx_word' id='word_1_372' title='bbox 1217 2641 1342 2677; x_wconf 65' lang='lat' dir='ltr'>BA-an.</span> <span class='ocrx_word' id='word_1_373' title='bbox 1367 2641 1449 2685; x_wconf 81' lang='lat' dir='ltr'>(adv.</span> <span class='ocrx_word' id='word_1_374' title='bbox 1473 2652 1503 2686; x_wconf 74' lang='grc' dir='ltr'>Ι).</span> <span class='ocrx_word' id='word_1_375' title='bbox 1528 2639 1626 2684; x_wconf 80' lang='grc'>956).</span> 
     </span>
    </p>
   </div>
  </div>
 </body>
</html>
