2310 2860
170 190 234 234 34
286 177 288 179 ,

775 182 975 226 Martiani
1013 179 1213 238 Capellae
1249 179 1321 222 lib.
1338 179 1370 222 1.
1406 182 1437 233 §.
1466 180 1505 222 8.

172 298 293 341 sortis
325 295 614 339 blandimenta
644 292 929 343 frustrantur,
972 304 1050 332 nec
1080 287 1205 331 facile
1237 287 1465 344 quaepiam
1506 288 1748 344 praeterea,
1789 300 1903 344 quae
1933 301 2123 344 congrua

170 379 376 437 parilitate
406 376 609 418 Tonantis
639 390 775 417 nurus
805 374 1081 428 deligeretur,
1121 369 1324 418 occurrit,
1365 368 1551 424 amplius
1580 369 1908 411 deliberandum
1939 370 2125 425 suggerit

169 459 316 502 Virtus
326 473 338 511 ς
368 471 510 512 neque
541 470 644 497 eum
674 455 761 497 sine
784 453 992 510 Apollinis
1023 451 1194 493 consilio
1226 449 1467 506 quidquam
1494 450 1651 492 debere
1671 451 1928 503 decernere,
1961 460 2034 492 aut
2061 450 2130 492 fas·

169 540 221 582 ab
253 539 343 594 ejus
376 538 667 594 congressibus
698 537 920 587 aberrare,
967 547 1107 591 quum
1138 531 1312 573 zodiaca
1342 547 1443 573 eum
1474 531 1657 588 hospitia
1685 542 1979 588 permeantem
2009 546 2124 573 nun-

167 635 301 677 quam
331 621 477 662 abesse
517 628 737 661 menstrua
776 617 1077 674 praecursione
1109 615 1380 672 permitteret.
1435 613 1571 669 Igitur
1600 614 1899 666 constitutum,
1940 615 2125 656 ubicun-

112 710 141 750 9
172 716 257 757 que
287 701 482 742 locorum
525 700 655 742 frater
686 707 811 750 esset,
859 697 1059 740 adiretur.

167 796 230 836 dit,
257 795 526 839 quemadmodum
541 795 575 827 in
595 795 794 837 genethliaca
814 800 868 826 aut
890 795 973 827 vitae
994 794 1119 836 generis

166 858 321 889 electione
344 870 362 888 a
382 857 520 890 Platone
550 857 664 889 animis
685 856 850 901 imposita:
874 857 932 889 sed
955 869 1059 900 neque
1087 857 1120 888 in

166 920 257 950 deum
289 919 482 952 Mercurium
515 920 594 951 haee
624 919 779 963 quadrare
810 925 966 963 possunt,
1014 930 1119 962 neque

166 993 237 1013 cum
254 981 370 1031 verbis,
393 992 474 1019 quae
489 986 667 1025 sequuntur
684 981 839 1025 »amplius
854 981 1112 1013 deliberandum«

167 1049 371 1075 convennmt.

239 1103 420 1149 praetcrea]
446 1104 511 1135 Pro
530 1103 615 1135 edito
637 1110 767 1147 praeter
790 1116 860 1135 eam
883 1103 1014 1148 reposui
1040 1102 1119 1134 illud

165 1177 229 1198 non
255 1166 358 1197 solum
381 1166 624 1198 Monacensium
643 1166 787 1197 codicum
812 1166 864 1209 (C.
880 1166 919 1197 D.
935 1165 987 1209 E.)
1011 1171 1118 1196 aucto-

164 1230 274 1267 ritate,
308 1229 364 1260 sed
393 1229 541 1261 Grotiani
566 1229 678 1269 ctiam,
706 1229 867 1271 llugiani,
906 1229 1117 1269 Basileensis,

164 1293 447 1332 Darmstatiensis,
475 1292 749 1335 Cantahrigicnsis
774 1298 805 1324 et
823 1293 1011 1325 Britannici.

236 1358 306 1388 sine
327 1357 487 1399 Apollinis
509 1355 653 1401 consilio]
689 1356 856 1388 Arnobius
890 1356 943 1401 (5.
972 1370 1002 1400 p.
1024 1356 1116 1400 123)

162 1419 202 1451 de
226 1419 306 1450 diis:
327 1418 385 1449 »de
409 1420 612 1449 num-{monio
634 1418 689 1449 ille
709 1419 906 1457 consulitur,
940 1419 991 1450 hic
1011 1418 1116 1449 mede·

162 1483 210 1514 las
237 1481 550 1514 incommoditatibus
573 1487 751 1525 praestat«,
779 1487 837 1513 cet.

234 1546 273 1576 ab
297 1543 378 1589 ejus]
406 1544 527 1589 Apollo
554 1550 586 1576 et
609 1545 789 1577 Mercurius
818 1545 897 1577 adeo
919 1545 1026 1587 juncti
1053 1558 1116 1577 me-

162 1613 341 1647 morantur,
368 1612 404 1637 ut
427 1606 473 1638 eis
497 1617 698 1638 communem
721 1605 890 1649 Olympiae
908 1606 1007 1636 fuisse
1032 1618 1118 1636 aram

162 1668 340 1701 Pausanias
366 1667 415 1712 (5,
441 1669 506 1708 14,
538 1668 574 1712 6)
597 1669 724 1700 reserat.
767 1669 860 1700 Conf.
889 1674 921 1700 et
945 1668 1117 1701 Sclioliast.

162 1730 292 1763 Pindar.
311 1729 453 1774 (Olpnp.
473 1730 504 1761 5.
526 1728 572 1773 8.)
588 1730 714 1761 Pariter
733 1730 940 1774 Megalopoli,
958 1729 1116 1762 Arcadiae

163 1794 259 1834 urbe,
284 1794 393 1837 templi
408 1793 568 1826 Merciu'io
588 1805 659 1825 cum
674 1792 829 1837 Apolline
848 1794 1016 1838 Musisque
1035 1806 1118 1825 com-

164 1855 267 1888 munis
298 1855 406 1886 ruinas
438 1854 615 1886 Pausanias
650 1855 702 1898 (8.
726 1855 784 1887 52.
815 1855 854 1898 l)
883 1855 969 1886 vidit.
996 1854 1119 1899 Aperte

165 1919 258 1951 etiam
278 1918 475 1951 Claudianus
497 1918 595 1962 (laud.
617 1917 741 1950 Stilich.
759 1918 799 1958 2,
827 1918 915 1962 440)
937 1919 1119 1962 Cyllenium

166 1982 291 2014 Phoebi
309 1982 456 2014 comitem
472 1981 621 2026 appellat.
645 1981 739 2025 Quae
756 1980 885 2024 quidem
900 1982 1005 2014 omnia
1021 1988 1120 2014 astro-

166 2045 290 2079 nomiae
325 2045 479 2086 originem
510 2044 626 2077 debere
658 2044 808 2077 videntur
835 2045 949 2089 (Plato
972 2046 1121 2091 Epinom.

166 2123 197 2154 p.
218 2109 291 2140 987
312 2107 446 2151 steph).

240 2170 469 2216 per-meantem]
495 2170 564 2204 Sed
588 2172 745 2205 Munekcr
765 2185 782 2205 e
808 2185 866 2205 suo
896 2174 1049 2207 Leidensi
1069 2187 1121 2206 co-

170 2236 238 2268 dice
260 2235 400 2266 restituit
421 2235 590 2267 lectionem
619 2236 768 2268 Martiani
799 2238 946 2279 ingenio,
984 2245 1019 2270 ut
1046 2239 1123 2270 mihi

169 2299 313 2338 videtur,
339 2299 606 2331 accommodatam
619 2307 879 2343 praemetantem.
906 2302 1046 2335 Zodiaea
1065 2304 1122 2335 ho-

171 2359 280 2404 spitia,
308 2371 388 2402 quae
411 2357 504 2404 (sict)
526 2361 703 2395 Mercurius
725 2362 880 2394 incumbit
900 2369 932 2394 et
951 2363 985 2394 in
1007 2365 1122 2407 quibus

172 2426 391 2465 praemetatur.
416 2419 517 2453 Gonz.
547 2439 593 2444 —-
636 2422 728 2454 Licet
759 2424 875 2456 frustra
902 2424 1009 2456 locum
1040 2427 1123 2469 apud

172 2484 381 2516 Munckerum
405 2484 634 2526 quaesiverim,
669 2492 742 2517 sunt
767 2492 870 2519 tamen
898 2489 1044 2530 codices,
1069 2490 1125 2533 qui

176 2560 191 2579 a
212 2547 338 2588 vulgata
357 2548 512 2579 aberrent.
537 2547 585 2579 At
605 2560 679 2580 vero
699 2562 755 2581 cur
769 2551 881 2582 melior
893 2563 955 2583 vox
978 2553 1019 2585 sit
1033 2566 1124 2597 prae-

177 2614 358 2649 mctantem,
377 2609 524 2654 equidem
543 2621 607 2642 non
628 2611 797 2657 perspicio.
823 2612 1004 2659 Peraqrare
1030 2627 1125 2660 supra

1144 696 1207 737 Ac
1243 705 1345 737 tunc
1389 695 1604 737 volatilem
1646 695 1840 750 virgam,
1879 695 1940 736 uti
1977 708 2124 735 secum

1171 791 1213 837 (ἓ.
1228 791 1263 836 5)
1279 797 1389 823 noster
1407 791 1502 833 dixit,
1529 790 1616 835 quod
1634 790 1687 823 hie
1706 802 1881 834 permeare.
1908 788 2022 833 Neque
2039 790 2123 822 Mer-

1172 857 1278 889 curius
1302 856 1500 899 reliquorum
1526 856 1726 899 planetarum
1749 855 1781 886 iu
1803 854 1945 885 Zoiliaco
1968 853 2126 885 domicilia

1169 919 1364 962 praemetet-i
1383 917 1444 949 dici
1466 922 1590 961 potest,
1624 917 1742 960 quippe
1773 928 1854 960 quae
1881 916 1945 947 fixa
1973 915 2056 956 sint,
2096 921 2138 946 et'

1172 981 1287 1025 cuique
1311 981 1449 1024 propria.
1474 979 1576 1012 Aliud
1599 985 1648 1011 est
1665 980 1746 1011 infra
1765 978 1806 1024 (§.
1828 978 1916 1023 811)
1940 979 1996 1010 ubi
2011 977 2126 1010 Astro-

1171 1044 1278 1074 nomia
1297 1044 1415 1076 itinera
1434 1055 1491 1074 sua
1510 1047 1705 1086 praemetata
1725 1054 1795 1074 esse
1819 1042 1942 1075 dicitur.
1976 1042 2027 1074 De
2041 1042 2126 1074 Mer-

1172 1105 1251 1136 curii
1276 1111 1381 1141 autem
1410 1106 1472 1137 isto
1497 1105 1603 1137 officio
1630 1105 1710 1136 nihil
1743 1103 1829 1148 apud
1856 1110 1979 1136 ueteres
2000 1103 2127 1145 legitur.

1171 1169 1281 1203 Satius
1304 1169 1413 1211 itaque
1440 1168 1517 1199 duxi
1542 1169 1704 1212 vulgatam
1722 1168 1860 1199 retinere
1883 1167 2063 1198 leefionem.

1243 1231 1483 1276 praecursione]
1512 1232 1639 1264 Plinius
1661 1233 1709 1277 (2,
1729 1234 1762 1272 8,
1781 1231 1832 1275 f.):
1849 1231 2020 1263 „Mercurii
2038 1230 2127 1262 sidus

1171 1294 1266 1326 modo
1282 1299 1354 1325 ante
1371 1293 1460 1326 Solis
1476 1300 1633 1335 exortum,
1651 1294 1746 1326 modo
1763 1300 1838 1337 post
1855 1305 2004 1326 occasum
2021 1292 2127 1336 splen-

1171 1356 1268 1395 dens,
1296 1368 1458 1399 nunquam
1482 1356 1520 1387 ab
1544 1367 1582 1388 eo
1599 1356 1712 1398 viginti
1736 1356 1836 1386 tribus
1859 1355 2003 1398 partibus
2023 1364 2126 1385 remo-

1170 1418 1233 1449 tior
1258 1418 1445 1461 (wmotiusff
1482 1423 1537 1449 aut
1561 1417 1759 1461 supplendus
1783 1415 2005 1460 Mercurius).«
2049 1415 2126 1448 Pto-

1170 1483 1311 1514 lemaeus
1328 1483 1502 1528 (tctrabibl.
1521 1484 1553 1523 1,
1582 1482 1642 1525 18)
1652 1482 1847 1515 Mercurium
1864 1493 2026 1523 nunquam
2041 1479 2128 1523 plus,

1170 1558 1265 1588 quam
1287 1557 1346 1587 per
1367 1545 1461 1575 unius
1484 1544 1567 1584 signi
1590 1543 1743 1586 spatium,
1771 1555 1789 1574 a
1810 1542 1889 1575 Sole
1913 1542 2026 1574 abesse
2052 1553 2126 1574 con-

1170 1608 1280 1640 tendit.
1313 1607 1437 1638 Eadem
1459 1607 1559 1639 tradit
1574 1607 1724 1650 Hyginus
1745 1607 1832 1651 (asir.
1850 1607 1885 1646 lt,
1913 1607 1969 1637 16.
1994 1618 2024 1649 p.
2042 1605 2126 1637 483.

1169 1669 1313 1714 Munek.)
1330 1671 1497 1713 additque:
1516 1670 1629 1702 »nlodo
1652 1677 1746 1702 noete
1766 1671 1885 1714 prima,
1907 1670 2003 1701 modo
2021 1675 2127 1701 autem

1171 1733 1210 1763 ad
1239 1732 1327 1764 Solis
1354 1738 1484 1763 exortus
1510 1744 1583 1763 eum
1606 1732 1746 1776 incipere
1766 1744 1936 1776 apparere,
1964 1735 2125 1764 'nonnun-

1171 1808 1264 1839 quam
1298 1796 1393 1828 etiam
1422 1802 1612 1840 perpetuum
1641 1797 1739 1837 signis
1778 1802 1916 1839 quatuor
1948 1809 2019 1828 esse
2055 1803 2125 1828 eum

1172 1858 1268 1891 Sole:
1283 1858 1469 1889 redeimtem
1487 1863 1593 1889 autem
1617 1870 1688 1890 cuin
1703 1856 1782 1890 Sole
1804 1870 1869 1889 non
1890 1858 2025 1901 amplius
2042 1869 2126 1898 esse,

1171 1935 1265 1966 qnam
1294 1922 1419 1953 tertiam
1442 1928 1565 1965 partem
1585 1922 1695 1963 signia«
1730 1922 1846 1953 Cicero
1871 1922 1923 1965 (Ν.
1944 1923 1984 1954 D.
2007 1922 2041 1962 2,
2062 1921 2125 1964 20)

1178 1998 1359 2030 »nunquam
1387 1998 1460 2017 eum
1493 1998 1511 2017 a
1540 1985 1636 2018 Sole«
1678 1985 1754 2017 dicit
1783 1985 1967 2018 »discedere
1996 1985 2125 2027 longius

1171 2049 1265 2080 unius
1293 2047 1377 2089 'signi
1406 2047 1597 2087 intervallo,
1636 2053 1703 2079 tum
1740 2054 2013 2087 antevertentem,
2057 2052 2124 2078 tum

1171 2112 1424 2158 subsequentem.
1434 2124 1445 2137 «
1477 2108 1547 2141 Sed
1572 2110 1717 2141 conseras
1740 2110 1837 2141 velim
1853 2110 1934 2141 infra
1955 2108 1997 2153 (ἓ.
2019 2109 2067 2140 25
2094 2114 2127 2140 et

1173 2172 1260 2217 880)
1284 2178 1429 2203 nostrum
1455 2177 1488 2202 et
1510 2183 1592 2215 quae
1615 2171 1660 2203 ihi
1687 2183 1704 2203 a
1728 2171 1821 2202 nobis
1848 2176 1922 2202 sunt
1947 2171 2124 2203 observata.

1246 2232 1295 2279 ae]
1324 2234 1351 2265 E
1378 2233 1643 2274 Darnistattensi,
1683 2232 1956 2274 Cantabrigiensi,
1995 2233 2123 2265 Britan—

1174 2298 1264 2337 nico,
1296 2297 1448 2338 Hiigiano
1475 2297 1602 2337 codice,
1638 2302 1732 2340 atque
1758 2309 1775 2328 e
1802 2296 1907 2329 Cortii
1927 2297 2123 2329 variantibus

1173 2361 1235 2391 hoc
1255 2359 1362 2402 recepi
1385 2371 1443 2402 pro
1471 2358 1627 2391 Grotiano
1652 2364 1705 2396 al,
1739 2359 1824 2402 quod
1842 2359 1997 2400 mirabar,
2025 2371 2123 2402 quum

1174 2423 1348 2455 anteriores
1376 2424 1444 2465 jain
1476 2423 1632 2455 editiones
1671 2422 1771 2454 multo
1808 2423 1922 2455 melius
1959 2435 1996 2456 ac
2027 2424 2121 2455 habe-

1174 2493 1252 2520 rent.

1251 2549 1423 2595 volatilem]
1451 2549 1653 2590 Caduceum,
1688 2554 1901 2595 κηρυκεῖον.
1945 2550 2043 2581 Libro
2073 2561 2120 2581 se-

1177 2614 1298 2648 cundo:
1324 2614 1452 2657 uCujus
1476 2614 1610 2656 vigentis
1638 2613 1724 2656 uirga
1751 2614 1865 2646 Dirum
1896 2619 2002 2658 stupet
2029 2625 2120 2645 vene-
