2310 2860
257 118 346 161 410

840 115 1037 159 Martiani
1068 115 1266 174 Capellae
1294 115 1369 161 lib.
1393 115 1447 160 V.
1478 120 1510 170 §-
1535 120 1635 162 458.

255 225 297 266 in
329 224 526 275 heluam,
567 230 606 264 et
635 221 854 265 hominem
893 223 1200 265 delitescentem
1232 224 1392 265 retibus
1423 224 1654 280 interemit3
1704 241 1815 283 quae
1853 244 1949 286 pars
1979 246 2100 275 error
2135 233 2203 275 di-

250 307 382 356 citur,
429 315 556 360 atque
598 306 635 346 ei
681 305 926 347 subduntur
963 305 1191 360 ignoratio,
1237 305 1484 357 vinolentia,
1534 307 1712 359 oblivio,
1752 309 1939 362 fatuitas,
1971 313 2197 366 dementia,

253 394 500 439 ceteraque,
540 399 652 440 quae
697 399 887 426 errorem
927 384 1182 426 admittentis
1225 395 1440 428 excusant.

1513 386 1646 429 Casus
1682 404 1786 431 vero
1823 392 1993 448 culpam
2024 406 2198 437 eventus

250 474 468 516 exonerat,
514 474 576 506 ut:
624 466 699 520 qui
738 481 836 508 cum
876 467 1055 508 victimis
1098 465 1151 508 ad
1189 466 1302 507 diem
1335 482 1505 510 sacrum
1535 484 1621 510 non
1657 472 1887 512 occurrerit
1917 472 2104 514 fluminis
2133 475 2198 514 in-

249 546 484 586 crementis.

248 625 465 666 hominem
503 627 726 682 jugulavit.

244 719 364 746 casus
406 706 621 761 prohibet,
668 709 887 750 necessitas
927 711 1043 766 cogit.

134 783 214 824 {59
242 784 315 825 sed
354 785 397 826 in
436 786 639 828 exorandi
676 786 961 830 humilitatem
1002 805 1235 845 precesque
1277 790 1470 845 suspirat.

550 546 695 587 Scelus
736 557 877 588 autem
917 551 1159 589 necessitate
1202 549 1430 600 commisit,
1484 549 1559 605 qui
1590 561 1814 607 praecepto
1845 552 1963 593 ducis
1994 548 2198 594 insontem

796 628 910 670 Inter
941 644 1049 685 quos
1081 630 1230 672 modos
1260 630 1343 671 hoc
1381 630 1572 681 interest,
1619 630 1732 685 quod
1764 632 2052 687 imprudentia
2082 629 2198 684 fallit,

1110 711 1359 766 Deprecatio
1407 719 1548 750 autem
1584 709 1689 750 nihil
1721 711 1970 751 causationis
2003 712 2195 770 associat,

1543 790 1712 832 Ceteras
1758 792 2023 845 quaestiones
2035 823 2046 842 ,
2089 805 2194 846 quas

244 874 372 906 status
403 866 565 907 dicunt·
585 867 835 920 incidentes,
876 869 1118 921 advertant,
1153 871 1228 925 qui
1260 871 1408 913 talium
1440 872 1698 923 didicerunt,
1742 873 1799 913 sic
1834 882 1880 913 ut
1917 873 2091 913 interius
2121 871 2196 912 de-

244 948 589 989 monstrationem
627 949 781 991 formet
820 951 984 1006 primae
1023 953 1137 993 vocis
1179 953 1364 1008 ingestio.

1430 954 1693 1008 Plerumque
1733 954 1846 994 enim
1890 953 2074 994 secunda
2106 953 2192 994 vim

241 1027 476 1068 intentionis
508 1028 698 1080 incutiet,
736 1039 783 1070 ut
817 1030 858 1070 in
894 1030 994 1071 hoc:
1030 1032 1136 1073 Viro
1170 1033 1267 1074 sorti
1298 1034 1565 1088 praemium,
1606 1034 1722 1088 quod
1755 1034 1887 1086 volet3
1927 1035 2000 1088 qui
2035 1034 2194 1074 fortiter

240 1107 356 1159 fecit,
407 1110 508 1164 petit
543 1110 785 1165 praemium
826 1113 994 1166 nuptias
1041 1114 1185 1155 uxoris
1224 1115 1397 1154 alienae.

1466 1113 1515 1152 In
1556 1127 1641 1167 quo
1685 1113 1759 1167 qui
1800 1114 1898 1168 petit
1929 1115 2193 1169 praemium,

242 1189 344 1242 quia
376 1190 546 1230 nullum
578 1200 698 1246 putat
729 1206 750 1231 e
780 1190 971 1243 diverso,
1011 1193 1116 1234 nihil
1146 1194 1342 1244 intendit,
1380 1192 1452 1233 sed
1484 1193 1660 1234 maritus
1692 1193 1970 1235 contradictor
2004 1193 2193 1245 intendit,

239 1269 335 1310 licet
362 1269 550 1311 seeundo
587 1271 679 1312 loco
721 1271 916 1313 videatur
947 1287 1188 1328 assurgere3
1234 1275 1302 1315 eui
1336 1289 1412 1330 per
1442 1274 1735 1329 depulsionem
1772 1275 1838 1315 vir
1868 1274 1985 1315 fortis
2016 1274 2191 1315 obstabit

237 1413 326 1444 sibus
347 1419 378 1445 et
395 1413 659 1450 Darmstattensi,
688 1415 774 1457 quod
799 1415 933 1447 Grotius
958 1418 1124 1459 omiserat,
1152 1419 1189 1450 li-

237 1481 287 1507 cet
312 1475 344 1505 in
367 1476 628 1507 antecedentibus
655 1476 849 1508 editionibus
873 1484 1023 1512 exstaret.

310 1535 512 1582 subduntur]
542 1537 663 1569 Confer
696 1538 825 1569 omnino
861 1538 1051 1571 Ciceronem
1076 1540 1188 1583 (topic.

236 1599 311 1643 16):
336 1600 403 1631 »Ea
439 1612 520 1644 quae
550 1601 630 1631 fiunt
658 1601 771 1643 partim
802 1607 876 1632 sunt
901 1602 1046 1643 ignorata
1074 1604 1188 1646 partim

232 1661 427 1701 voluntat-ing,
460 1661 604 1701 ignorata
627 1673 708 1703 quae
730 1662 857 1692 fortuna
881 1663 992 1694 effecta
1014 1669 1103 1703 sunt,
1133 1676 1187 1695 vo-

230 1722 369 1753 luntaria
390 1735 472 1766 quae
498 1723 642 1755 consilio.
674 1724 755 1754 Nam
769 1724 878 1765 jacere
897 1725 996 1756 telum
1015 1727 1187 1758 voluntatis

230 1789 297 1823 cst,
329 1783 421 1815 ferire
448 1796 542 1826 quem
572 1784 712 1815 nolueris
745 1786 902 1819 fortunae.
939 1787 1068 1818 Cadunt
1092 1788 1186 1819 ctiam

230 1846 263 1877 in
295 1846 527 1887 ignorationem
560 1853 653 1890 atque
684 1847 717 1878 in
746 1847 990 1891 imprudentiam
1020 1853 1184 1893 perturba-

230 1911 333 1940 tiones
360 1909 469 1949 animi,
497 1921 578 1952 quae
603 1922 784 1953 quanquam
808 1917 882 1943 sunt
901 1912 1114 1953 voluntariae,
1140 1920 1185 1945 ta-

229 1983 303 2003 men
339 1972 456 2004 habent
484 1978 590 2004 tantos
622 1979 744 2013 motus,
776 1980 811 2005 ut
837 1987 874 2006 ea
900 1987 981 2018 quae
1007 1977 1186 2009 voluntaria

232 2040 308 2066 sunt
331 2041 387 2066 aut
410 2036 588 2067 necessaria
614 2036 772 2068 interdum
788 2044 842 2069 aut
865 2044 949 2070 certe
975 2039 1117 2080 ignorata
1140 2039 1185 2071 xi-

230 2099 392 2131 deantun«
430 2098 598 2140 Ejusmodi
622 2100 841 2142 purgationem
859 2102 1024 2134 continent
1047 2103 1102 2134 illa
1123 2104 1184 2136 Te-

228 2159 324 2192 rentii
351 2159 489 2202 (adelph.
508 2161 548 2198 5,
573 2160 613 2200 4,
639 2159 715 2202 25)ι

288 2221 474 2251 »Persuasit
497 2231 583 2258 nox,
609 2232 716 2259 amor,
745 2223 872 2262 vinum,
909 2225 1150 2257 addest-entim«

229 2280 325 2315 Adde
354 2283 606 2315 Demosthenem
637 2283 727 2327 (adv.
750 2284 826 2316 Mid.
854 2286 933 2329 11):
957 2292 1060 2333 τρεῖς
1098 2284 1184 2333 εἶχε

231 2341 465 2391 προφάσεις,
494 2342 639 2389 μέθην,
675 2344 813 2389 ἔρωτα,
848 2344 1026 2392 ἄγνοιαν,
1055 2346 1117 2383 διὰ
1138 2346 1182 2383 τὸ

229 2405 373 2447 νυκτὸς
387 2405 451 2442 καὶ
469 2404 632 2446 ὅκότους
648 2408 864 2452 γεγονέναιι
880 2417 911 2442 et
927 2411 1083 2444 Senecam
1099 2413 1181 2456 (exc.

230 2477 371 2503 controv.
395 2473 427 2512 7,
455 2471 506 2514 8):
530 2483 626 2511 unox,
657 2471 780 2512 vinum,
806 2484 909 2515 error,
933 2475 1009 2519 quid
1035 2475 1181 2510 irasceris

230 2534 356 2575 puella?
377 2534 443 2575 jam
469 2546 533 2567 non
558 2539 680 2576 negata:

1315 1420 1372 1464 qui
1394 1416 1476 1462 cum]
1504 1417 1532 1448 E
1556 1417 1882 1449 Lacedaemoniorum
1906 1417 1976 1458 lege
2003 1419 2064 1449 hoc
2087 1428 2190 1448 exem-

1240 1480 1327 1524 plum
1344 1482 1377 1512 in
1391 1482 1527 1513 medium
1542 1482 1718 1525 protulerat
1731 1482 1845 1513 Cicero
1864 1482 1938 1525 (inv.
1957 1482 1991 1522 2,
2011 1483 2056 1513 51
2073 1486 2105 1512 et
2119 1481 2190 1522 42).

1311 1542 1503 1587 deprecatio]
1531 1543 1580 1574 Ea
1597 1543 1747 1575 Ciceroni
1759 1543 1891 1587 (invent.
1917 1543 1956 1582 2,
1981 1541 2043 1585 54)
2067 1547 2117 1573 cst
2140 1541 2190 1572 »in

1240 1615 1302 1646 qua
1330 1616 1396 1635 non
1423 1604 1566 1635 defensio
1594 1604 1684 1643 sacti,
1711 1604 1767 1634 sed
1794 1603 1980 1645 ignoscendi
2016 1603 2190 1646 postulatio

1238 1665 1454 1706 contineturu3
1479 1667 1698 1709 Quinctiliano
1713 1667 1760 1710 (5,
1782 1669 1838 1706 15,
1862 1668 1901 1705 53
1921 1679 1954 1710 p.
1970 1668 2042 1698 556
2064 1665 2188 1709 Spald.)

1246 1739 1344 1769 »quae
1379 1733 1427 1758 est
1462 1727 1530 1758 sine
1562 1727 1627 1758 ulla
1665 1728 1770 1771 specie
1799 1727 2021 1759 defensionis«
2070 1727 2191 1760 Confer

1238 1790 1374 1822 eundem
1401 1790 1542 1822 inferiori
1568 1791 1640 1822 loco
1664 1791 1712 1834 (7,
1732 1792 1771 1829 4,
1802 1792 1848 1822 17
1870 1795 1902 1822 et
1928 1792 1974 1822 18
2000 1803 2031 1834 p.
2050 1790 2136 1833 118)
2156 1795 2188 1820 et

1240 1853 1471 1885 cassiodorum
1495 1854 1572 1897 (Op.
1597 1867 1626 1897 p.
1647 1855 1717 1885 554
1741 1853 1841 1896 Gan).

1310 1914 1440 1959 talium]
1468 1915 1705 1946 Pel-obscurum
1728 1916 1790 1946 hoc
1821 1920 1871 1946 est
1897 1915 1959 1946 nisi
1984 1915 2112 1959 ellipsin
2136 1915 2187 1947 hic

1237 1978 1385 2009 statueris
1416 1978 1504 2010 vocis
1533 1980 1708 2016 rationem,
1745 1983 1799 2010 aut
1824 1978 1944 2009 similis.
1971 1979 2022 2010 De
2046 1977 2185 2008 inciden-

1236 2039 1322 2070 tibus
1350 2039 1419 2070 vide
1452 2051 1548 2082 supra
1581 2039 1622 2083 (§.
1640 2040 1745 2082 445),
1777 2040 1834 2070 sed
1863 2045 1951 2071 totus
1978 2040 2069 2071 locus
2089 2038 2185 2068 tantis

1236 2100 1376 2132 tenebris
1410 2100 1572 2132 involutus
1600 2106 1664 2140 est,
1700 2107 1737 2132 ut
1768 2113 1808 2131 ne
1834 2101 1873 2132 de
1898 2100 2034 2131 lectione
2058 2098 2184 2142 quidem

1234 2167 1373 2194 statuere
1396 2163 1544 2202 audeam,
1576 2163 1733 2206 siquidem
1758 2173 1815 2205 pro
1844 2162 1978 2204 ingestio
2004 2160 2181 2192 Darmstat-

1235 2223 1334 2255 tensis
1355 2224 1456 2255 codex
1476 2224 1736 2262 habetinsert1‘03
1762 2223 1793 2252 id
1812 2227 1932 2252 tautum
1950 2227 2081 2265 apparet
2099 2222 2183 2254 Mar-

1234 2286 1354 2317 tianum
1391 2284 1451 2316 sibi
1485 2285 1583 2326 velle,
1627 2285 1661 2315 iu
1693 2283 1932 2326 quaestionibus
1970 2283 2182 2314 incidentibus

1235 2360 1328 2392 saepe
1355 2353 1462 2392 partes
1494 2347 1607 2378 mutari
1631 2347 1689 2387 ita,
1719 2352 1752 2377 ut
1777 2347 1830 2389 qni
1852 2346 1972 2389 primus
2000 2346 2182 2387 intenderit,

1232 2422 1307 2442 mox
1327 2409 1509 2453 depellendi
1527 2408 1688 2449 negotium
1715 2408 1932 2448 nanciscatur,
1961 2407 2107 2440 intendat
2128 2419 2181 2440 au-

1233 2480 1296 2508 tem
1321 2473 1365 2513 is,
1391 2472 1482 2513 cujus
1505 2472 1632 2515 proprie
1655 2472 1793 2503 secunda
1814 2484 1876 2503 vox
1899 2471 2024 2504 fuisset.

1306 2536 1376 2568 viro
1391 2531 1484 2578 forti]
1514 2533 1597 2566 Vide
1617 2532 1773 2575 Senccac,
1800 2533 2020 2577 Quint-filiani,
2046 2531 2179 2575 Calpur-
