2310 2860
759 127 957 169 Martiani
990 126 1193 183 Capellae
1224 125 1294 167 lib.
1323 126 1396 167 Vl.
1428 128 1458 177 ᾗ.
1482 126 1578 166 611.

2052 128 2141 169 507

181 248 355 281 centena
385 237 646 293 septuaginta
677 244 769 276 octo
801 233 933 274 millia
967 243 1084 284 sunt,
1132 235 1239 274 sieut
1271 233 1393 273 ctiam
1427 231 1722 274 Artemidorus
1759 241 1905 274 auctor
1937 235 2137 288 asseruit3

182 333 281 360 nam
313 318 500 359 Isidorus
530 317 727 372 nonagies
763 315 887 356 octies
917 314 1016 355 dicit
1075 322 1114 354 et
1157 313 1306 354 decem
1339 323 1378 354 et
1409 323 1503 354 octo
1540 313 1684 354 millia.

181 399 311 440 dorus
351 398 603 439 dimensioni
652 397 891 452 praedictae
922 396 1062 450 adjicit
1093 395 1305 451 quidquid
1336 411 1361 437 a
1396 395 1587 436 Gadibus
1626 396 1855 450 procurrit3

1748 313 1917 355 Verum
1949 314 2137 356 Artemi-

1921 411 2022 438 nam
2061 411 2139 452 pel?

185 478 364 532 Splicnis
392 478 572 518 frontem
599 477 779 518 circuitu
798 477 915 517 Sacri
939 475 1216 532 promontorii
1242 475 1294 516 ad
1326 475 1441 517 aliud
1471 475 1595 517 finale
1618 476 1983 531 promontorium,
2015 475 2137 531 quod

183 559 417 601 Artabrum
434 560 693 612 nominatur,
724 557 955 614 procedere
980 557 1078 600 dicit
1101 567 1259 599 terram
1283 555 1327 597 in
1348 564 1559 611 nongenta
1583 555 1808 611 nonaginta
1829 570 1964 598 unum
1991 554 2135 596 millia.

791 737 929 780 ALIA
959 735 1245 778 DIMENSIO
1277 734 1528 777 TERRAE.

355 847 479 897 Quae
502 845 708 887 dimensio
735 845 834 885 item
858 843 950 885 fieri
975 842 1313 899 compendiosior
1344 851 1497 897 potest,
1532 842 1567 882 si
1597 855 1674 897 per
1704 841 1841 882 maria
1872 841 1967 896 quis
1992 849 2138 882 vectus

184 936 395 967 excurrat.
453 927 568 968 Nam
601 941 623 967 a
653 927 800 981 Gange
831 925 964 966 fluvio
996 926 1188 980 ostioque
1223 925 1334 978 erS‚
1375 938 1460 978 quo
1492 938 1534 963 se
1561 923 1603 964 in
1633 924 1774 964 Eoum
1809 923 1988 964 effundit
2018 937 2141 963 ocea-

185 1020 313 1055 num,
373 1021 448 1061 per
485 1006 652 1046 Indiam
706 1006 1067 1061 Parthienemque
1107 1004 1161 1046 ad
1197 1004 1501 1059 Myriandrum
1545 1004 1700 1045 urbem
1741 1004 1889 1059 Syriae
1927 1004 1970 1044 in
2014 1003 2140 1043 Issico

182 1088 277 1128 sinu
300 1088 476 1142 positam
507 1088 790 1142 quinquagies
821 1089 883 1129 bis
918 1087 1165 1143 quindecim
1197 1086 1351 1138 millia3
1392 1085 1489 1126 inde
1521 1085 1718 1140 proxima
1748 1084 2016 1139 navigatione
2051 1082 2142 1136 Cy-

183 1181 314 1224 prum
345 1167 552 1219 insulam,
600 1168 798 1209 Pataram
833 1169 1013 1224 Lyciae,
1057 1167 1289 1219 Rhodum,
1336 1165 1639 1220 Astypalaeam
1674 1164 1716 1205 in
1754 1163 1984 1220 Carpathio
2014 1163 2144 1213 mari·‚

184 1301 292 1339 hrum,
328 1311 391 1343 quo
418 1300 605 1342 longissime
645 1300 734 1332 frons
761 1300 921 1346 procurrit
952 1299 1140 1344 Hispaniae,

186 1363 416 1397 CCCCXC1.«

260 1450 498 1496 Artemidorus]
526 1451 705 1495 Ephesius,
731 1450 786 1495 qui
804 1448 1026 1481 mediterranei
1046 1447 1142 1480 maris

185 1514 350 1547 circuitum
381 1514 560 1558 scripserat.
592 1513 677 1545 Vide
709 1513 867 1544 Ukertum
897 1511 953 1555 (T.
981 1511 1012 1552 Ι,
1043 1511 1082 1542 P.
1110 1511 1142 1550 1,

185 1589 214 1619 p.
235 1576 327 1617 136).
370 1575 481 1619 Ipsum
512 1574 688 1618 Hispaniae
721 1574 829 1604 littora
859 1573 961 1605 oculis
987 1573 1143 1604 lustrasse

185 1641 321 1670 testatur
349 1635 467 1669 Strabo
495 1638 530 1681 (5
550 1636 617 1668 init.
644 1648 676 1679 p.
697 1636 767 1667 157
795 1634 957 1678 Casaub.).

259 1723 418 1770 Isidorus]
447 1724 671 1763 Chzwaccnus,
697 1722 841 1765 Augusti
859 1722 1018 1766 aequalis,
1047 1733 1144 1765 quem

186 1793 293 1819 narrat
313 1786 488 1819 Frontinus
507 1787 560 1831 (de
579 1785 713 1817 coloniis
734 1798 767 1829 p.
780 1784 867 1827 564)
891 1784 1050 1815 nomnium
1070 1795 1143 1828 pro-

185 1849 360 1881 vinciarum
384 1849 503 1881 formas
527 1854 559 1880 et
581 1848 744 1879 civitatum
768 1858 934 1878 mensuras
964 1851 1144 1889 compertas

751 1910 874 1942 Confer
894 1908 1059 1940 Dodwelli
1081 1908 1143 1939 dis-

189 1974 395 2006 sertationem
420 1973 459 2005 de
484 1972 610 2004 Isidoro
635 1972 823 2003 Characeno
842 1970 887 2013 (in
907 1970 1057 2002 Iludson.
1072 1982 1146 2013 geo-

188 1913 220 1944 in
245 1912 489 1944 commentarios
513 1911 716 1944 contulisse«

188 2037 296 2080 graph.
317 2035 430 2067 minor.
455 2035 492 2066 T.
519 2033 571 2074 II,
596 2047 627 2078 p.
643 2035 688 2064 57
710 2033 821 2076 scqu.).

262 2110 419 2156 Sphenis]
452 2111 592 2144 Codices
615 2111 753 2150 variant,
787 2109 944 2153 siquidem
966 2109 1144 2140 Darmstat·

184 2177 289 2209 'tensis
329 2175 458 2208 exhibet
496 2174 631 2217 Syenis,
675 2174 952 2206 Reiclienauensis
993 2173 1146 2217 Spimnn,

191 2249 324 2281 quarum
348 2237 518 2270 lectionem
547 2242 714 2280 utramque
739 2236 807 2278 jam
833 2236 867 2268 in
894 2235 1034 2277 margine
1063 2235 1145 2267 Gro-

191 2298 255 2330 tius
277 2298 413 2337 notavit,
438 2299 650 2331 Monacenses
677 2297 731 2342 (A.
748 2298 789 2341 C)
812 2297 949 2342 denique
975 2298 1146 2341 Spineam,

193 2362 250 2394 sed
264 2361 343 2393 nihil
362 2361 546 2392 mutandum
563 2374 634 2393 esse
653 2361 825 2394 Strabonis
849 2362 945 2393 verba
966 2361 1147 2405 probabunt

193 2427 246 2468 (5,
275 2438 304 2469 p.
331 2425 401 2456 157
425 2425 445 2455 s.
471 2424 638 2468 casaub.)=
657 2423 828 2471 προῦχει
848 2424 890 2460 δὲ
925 2421 973 2459 πὶ
998 2421 1147 2470 lenpaut

195 2483 286 2521 ὅσον
309 2484 457 2530 χιλίοις
487 2485 757 2526 πεντακοσίοις
780 2485 952 2526 σταδίοις
978 2484 1074 2520 κατὰ
1099 2483 1143 2519 τὸ

196 2546 345 2592 λεχθὲν
360 2543 613 2593 ἀκρωτήριον·
637 2545 700 2581 καὶ
720 2545 766 2592 δὴ
789 2546 853 2584 καὶ
869 2546 943 2593 τήν
963 2546 1141 2594 προσεχῆ

1192 1296 1319 1345 τούτῳ
1341 1295 1484 1345 χώραν
1507 1297 1553 1344 τῇ
1577 1297 1724 1345 Λατίνῃ
1752 1297 1863 1344 φωνῇ
1885 1295 2045 1331 καλοῦσι
2061 1290 2143 1329 κού-

1191 1375 1293 1405 νεον,
1311 1361 1443 1407 σφῆνα
1463 1361 1664 1406 σημαίνειν
1681 1357 1925 1404 βουλόμενοι.
1951 1361 2001 1392 Dc
2024 1360 2145 1393 Cuneo,

1194 1435 1288 1467 quem
1311 1423 1456 1453 affectata
1484 1422 1662 1453 eruditione
1690 1423 1739 1455 hic
1768 1423 1928 1464 Splienem
1958 1426 2068 1453 noster
2093 1432 2145 1462 ap-

1193 1485 1302 1530 pellat,
1325 1483 1395 1514 vide
1419 1489 1450 1514 et
1466 1483 1607 1514 Plinium
1626 1484 1674 1526 (ll,
1696 1483 1757 1525 22)
1773 1488 1806 1515 et
1825 1483 1943 1514 Melam
1961 1484 2008 1525 (5,
2029 1483 2058 1520 l,
2073 1483 2147 1522 56).

1262 1545 1489 1591 promontorii]
1520 1546 1597 1579 MS.
1626 1558 1752 1590 semper
1781 1547 2076 1589 promonluarium:
2102 1547 2147 1575 sie

1195 1613 1371 1655 octaqittta,
1396 1610 1766 1654 octuaqinla.Gn0T.—
1791 1609 1882 1641 Idem
1895 1620 1953 1652 pro
1971 1609 2148 1640 Artabrum

1196 1673 1276 1705 alios
1302 1672 1502 1705 Cantabrum
1531 1671 1638 1713 legere
1668 1670 1702 1702 in
1725 1670 1866 1712 margine
1890 1669 2027 1709 notavit,
2054 1669 2148 1703 male.

1270 1746 1352 1782 quae
1375 1732 1547 1778 dimensio]
1585 1732 1728 1764 Plinius:
1757 1732 1812 1765 »Id
1838 1742 2005 1763 mensurae
2029 1729 2151 1775 duplici

1195 1796 1294 1827 currit
1317 1795 1377 1827 via.
1413 1794 1445 1826 Α
1472 1794 1587 1837 Gange
1615 1806 1706 1826 amne
1732 1794 1879 1838 ostioque
1907 1793 1994 1835 ejus,
2024 1804 2088 1836 quo
2115 1802 2150 1823 se

1195 1857 1229 1889 iu
1254 1858 1362 1889 Eoum
1390 1868 1544 1889 oceanum
1576 1857 1725 1897 effundit,
1761 1868 1819 1900 per
1846 1855 1971 1888 Indiam
1993 1855 2149 1897 Parthye-

1196 1933 1322 1965 nenque
1342 1921 1381 1952 ad
1402 1920 1621 1964 Myriandrum
1640 1921 1750 1951 urbem
1767 1918 1881 1963 Syriae
1902 1918 1936 1950 in
1954 1918 2056 1950 Issico
2078 1917 2150 1948 sinu

1195 1984 1332 2029 positam
1362 1983 1571 2028 quinquagies
1603 1984 1654 2016 his
1684 1988 1818 2014 centena
1855 1982 1920 2014 XV
1950 1981 2050 2012 millia
2078 1992 2147 2023 pas-

1197 2058 1299 2079 suum.
1324 2045 1404 2077 Inde
1423 2045 1567 2090 proxima
1597 2044 1798 2087 navigatione
1825 2043 1969 2087 Cyprum
2000 2042 2149 2079 insulam,

1195 2109 1344 2140 Pataram
1372 2107 1507 2152 Lyciae,
1545 2107 1712 2146 Rhodum,
1749 2105 1980 2150 Astypalaeam
2007 2104 2040 2136 in
2070 2103 2147 2134 Car-

1195 2172 1304 2216 pathio
1342 2171 1421 2202 inari
1459 2171 1601 2211 insulas,
1639 2169 1799 2202 Laconiae
1831 2169 2027 2208 Taenarum,
2061 2165 2148 2208 Lily-

1196 2236 1310 2268 haeum
1328 2234 1475 2275 Siciliae,
1497 2234 1638 2267 Calarim
1655 2233 1840 2273 Sardiniae,
1873 2232 1971 2264 vicies
1994 2236 2026 2261 et
2048 2228 2149 2260 semel

1197 2305 1332 2332 centena
1354 2298 1414 2329 tria
1439 2298 1538 2330 millia
1562 2310 1724 2343 passuum.
1751 2295 1878 2327 Deinde
1901 2294 2010 2326 Gades
2029 2291 2148 2323 duode-

1198 2362 1263 2394 cies
1286 2367 1422 2394 ccntena
1449 2368 1482 2394 et
1505 2361 1734 2406 quinquaginta
1754 2358 1853 2391 millia
1875 2367 2043 2402 passuum3
2066 2367 2148 2399 quae

1198 2435 1346 2455 mensura
1371 2424 1519 2456 universa
1547 2424 1586 2455 ab
1611 2434 1649 2454 eo
1674 2421 1752 2453 mari
1773 2419 1866 2452 efficit
1890 2418 2032 2459 octogies
2057 2417 2147 2461 quin-

1195 2485 1287 2530 quies
1311 2491 1444 2517 centena
1467 2484 1611 2518 vaul
1624 2484 1720 2515 millia
1736 2493 1915 2526 passuum«
1948 2479 2043 2511 Adde
2062 2478 2147 2522 Aga-

1195 2550 1370 2582 themerum
1396 2548 1441 2592 <in
1468 2549 1610 2583 Gronov.
1635 2546 1806 2588 geograph.
1829 2557 1859 2588 p.
1883 2544 1965 2576 186.
1990 2542 2082 2585 187).

1662 2607 1709 2638 64
1733 2603 1754 2628 *¹

2168 834 2256 877 612
