2310 2860
757 163 955 203 Martiani
995 161 1193 217 Capellae
1232 161 1303 203 lib.
1331 160 1382 201 II.
1424 161 1577 211 §.15st

2063 163 2154 206 209

192 269 297 326 quid
340 271 584 326 interpatet,
638 270 841 311 interstitii
890 269 1051 325 proprii
1097 267 1320 323 partitione
1361 266 1635 319 discernitur,
1685 278 1728 311 et
1770 269 1824 310 ab
1862 268 1967 311 orbe
2008 270 2150 312 lunari

188 349 393 391 interfusa
428 349 630 392 medietas
661 351 914 406 disparatur.
973 348 1056 391 Sed
1085 349 1281 404 superior
1315 349 1451 404 portio
1483 349 1572 403 ejus
1613 350 1720 392 sicut
1753 351 1955 407 conspicis
1993 351 2153 392 claudit

191 445 299 487 quos
330 435 524 490 ἡμιθέους
554 432 721 484 dicunt,
768 445 965 487 quosque
1003 431 1153 474 Latine
1197 431 1399 471 Scinones
1436 440 1509 471 aut
1551 430 1766 472 Scmideos
1819 433 2015 473 convenit
2054 446 2147 473 me-

191 525 373 555 morare.

440 514 496 555 Hi
531 514 692 555 animas
728 512 928 554 coelestes
969 522 1122 569 gerunt
1165 526 1393 566 sacrasque
1433 521 1614 563 mentes,
1673 522 1799 568 atque
1841 514 1920 554 sub
1959 513 2151 555 humana

190 593 325 649 effigie
350 595 393 636 in
417 595 543 636 totius
566 593 718 636 mundi
739 592 966 634 commoda
993 602 1286 649 procreantur.
1332 592 1424 646 (His
1452 593 1620 634 animus
1650 593 1772 634 datus
1803 610 1854 635 cx
1885 596 2150 650 sempiternis

191 675 382 732 ignibus,
414 691 527 732 quae
549 675 687 717 sidera
706 675 938 730 stellasque
969 678 1204 729 vocamus).
1238 675 1325 726 Qui
1354 674 1530 731 quidem
1560 676 1820 732 plerumque
1847 678 1912 718 sui
1944 678 2152 720 miraculo

189 783 385 825 consistant,
413 784 494 817 mori
515 790 622 817 autem
642 797 740 829 quum
762 784 803 816 ad
828 789 951 829 partem
973 783 1148 817 ceciderint

191 849 432 891 permutationis
470 861 632 893 capacem:
670 855 765 894 atque
796 849 869 881 ideo
904 849 988 880 inter
1023 849 1148 881 Lunam

191 917 356 957 terrasque
380 913 486 945 locum
503 914 614 945 mortis
633 919 666 946 et
692 913 866 945 inferorum
886 913 1008 953 vocari,
1033 913 1148 957 ipsam-

191 986 253 1018 que
274 975 398 1006 Lunam
422 975 504 1006 vitae
528 987 599 1007 esse
625 976 801 1020 mortisque
823 976 994 1008 confinium
1021 981 1053 1007 et
1083 975 1148 1007 aui·

190 1049 257 1069 mas
282 1038 354 1069 inde
380 1038 412 1069 in
434 1044 549 1070 terram
572 1040 708 1070 fluentes
726 1040 824 1077 mori,
865 1039 938 1071 inde
967 1039 1005 1070 ad
1033 1051 1148 1083 supera

189 1104 332 1131 meantes
362 1100 394 1131 in
425 1101 519 1131 xitam
548 1101 679 1141 reverti,
718 1113 783 1132 non
808 1101 964 1132 immerito
990 1101 1149 1132 existima·

189 1166 256 1192 tum
285 1167 344 1192 est.
371 1161 402 1192 Α
426 1163 517 1194 Luna
543 1163 626 1193 enim
653 1163 803 1194 deorsum
828 1168 940 1194 natura
964 1163 1072 1206 incipit
1100 1174 1149 1194 ca-

192 1222 372 1256 ducorum«
396 1225 504 1267 (Cont'.
519 1225 678 1269 palaeogr.
696 1225 765 1259 crit.
783 1226 842 1258 IV.
861 1224 889 1270 ἓ.
908 1226 980 1257 759
1000 1231 1031 1256 et
1051 1225 1148 1256 Ocel-

192 1285 258 1316 lum
282 1285 448 1317 Lucanum
477 1287 516 1318 de
547 1287 630 1318 univ.
655 1292 768 1318 natura
796 1300 826 1330 p.
847 1288 928 1319 516.
957 1287 1029 1318 529
1053 1287 1150 1331 Gal).

194 1345 296 1377 Paulo
320 1346 412 1378 aliter
432 1347 513 1378 illud
536 1347 619 1379 cirea
639 1348 765 1378 Lunam
786 1347 923 1392 spatium
950 1360 968 1379 e
992 1348 1148 1380 Chaldae-

198 1421 288 1440 orum
311 1409 436 1453 placitis
458 1410 605 1454 dispertit
629 1411 759 1442 Psellus
786 1410 837 1456 (ad
860 1410 976 1442 Chald.
1000 1423 1082 1442 orac.
1101 1424 1149 1454 ap.

198 1470 367 1503 Gallaeuni
390 1472 422 1502 in
449 1485 521 1516 app.
548 1485 579 1516 p.
602 1472 678 1515 91):
707 1473 861 1503 »animam
888 1472 1045 1504 curriculo
1068 1473 1150 1504 vitae

197 1534 351 1564 humanae
385 1533 473 1565 finito
502 1534 541 1565 ad
568 1534 748 1575 regionem..
786 1545 867 1577 quae
902 1545 996 1577 supra
1027 1534 1151 1564 Lunam

196 1600 261 1634 cst,
291 1595 412 1635 redire,
456 1595 550 1638 eique
580 1601 666 1626 sorte
692 1595 848 1636 assignari
874 1595 980 1625 locum
1009 1595 1150 1638 undiquc

195 1656 400 1688 luminosum.
441 1657 523 1688 Nam
553 1657 608 1700 qui
641 1656 752 1687 subter
787 1656 913 1687 Lunam
935 1656 1043 1696 locus,
1077 1667 1150 1687 eum

194 1721 336 1768 undique
352 1722 583 1752 tenebricosum
600 1732 687 1752 esse:
708 1721 855 1752 lunarem
870 1731 946 1751 vero
963 1720 1150 1751 alternatim

195 1784 335 1816 lucidum
356 1790 389 1816 et
405 1785 583 1816 obscurum.
597 1805 646 1809 —
674 1783 874 1826 Graecorum
894 1788 1005 1815 contra
1031 1783 1149 1815 doctri·

195 1857 267 1877 nam
296 1846 432 1877 animam
459 1846 564 1877 faeere
593 1845 741 1876 interitus
769 1845 910 1876 nesciam
937 1856 1071 1889 eamque
1096 1856 1149 1877 us-

196 1921 257 1953 que
282 1910 322 1940 ad
342 1910 499 1940 elementa
524 1909 583 1940 sub
611 1909 705 1940 Luna
731 1908 792 1939 sita
815 1907 1003 1941 extollere.-

271 1969 447 2016 Semideos]
480 1970 567 2004 Vide
592 1970 631 2001 de
656 1969 697 2001 iis
722 1968 874 2001 Ovidium
894 1969 981 2013 (met.
1006 1969 1038 2009 1,
1068 1969 1149 2001 192.

198 2036 261 2070 14,
289 2037 380 2076 8753
404 2036 470 2066 her.
491 2035 532 2075 4,
561 2034 628 2074 49,
650 2033 683 2065 in
704 2033 752 2065 lh.
773 2032 851 2076 80),
874 2032 1013 2065 Statium
1034 2031 1150 2076 (Theb.

195 2101 235 2140 5,
264 2101 347 2131 518.
374 2101 413 2140 5,
440 2100 523 2131 575.
554 2100 593 2139 G,
627 2099 707 2129 111.
734 2098 773 2137 9,
802 2098 885 2129 576.
913 2095 995 2128 Aeh.
1022 2097 1059 2137 1,
1092 2097 1149 2128 71.

195 2164 234 2204 2,
271 2163 375 2206 565),
410 2163 568 2194 Rutilium
597 2161 659 2205 (1,
691 2160 799 2203 565),
832 2160 994 2191 Faliscum
1021 2160 1149 2204 (cyneg.

195 2226 272 2270 (35),
307 2225 457 2258 Sei-vium
479 2224 540 2268 (ad
567 2222 650 2254 Aen.
671 2224 710 2263 1,
741 2222 845 2266 196),
885 2221 1068 2253 Ausonium
1089 2221 1149 2265 (ld.

199 2288 262 2327 11,
288 2287 361 2331 21).
394 2287 460 2318 Pro
493 2282 689 2331 ἡμιθέους
720 2283 802 2315 infra
838 2281 885 2327 (§.
911 2282 1001 2326 160)
1024 2283 1149 2314 Latinis

197 2350 296 2382 literis
313 2350 490 2382 hemitheos
501 2348 629 2392 scripsit
643 2348 874 2391 regionemque
887 2347 980 2378 aliam
989 2346 1149 2386 indicavit,

196 2413 230 2444 in
246 2425 307 2456 qua
325 2416 501 2443 versentur.
533 2411 654 2443 Confer
670 2411 850 2442 Hesiodum
867 2410 933 2454 (op.
953 2409 1049 2453 159),
1072 2409 1150 2440 Dio-

198 2475 310 2506 dorum
333 2472 393 2516 (4,
427 2472 494 2515 85)
523 2477 554 2502 et
580 2472 825 2516 Lycophronem
849 2470 971 2515 (311).
1001 2470 1150 2516 Inprimis

199 2543 303 2569 autem
328 2536 361 2567 hi
384 2534 507 2568 Lucani
529 2534 582 2576 (9,
608 2534 646 2578 6)
669 2546 781 2567 versus
803 2533 1016 2566 memorandi:

257 2599 432 2646 nQuodque
457 2602 545 2641 patet
566 2603 670 2630 terras
692 2599 778 2630 inter·
801 2599 978 2645 Lunaeque
1002 2601 1125 2629 meatus

1244 783 1388 817 Semidei
1408 783 1525 815 Manes
1548 784 1707 823 habitant,
1732 796 1811 831 quos
1835 787 1930 828 ignea
1960 787 2065 820 vir-tas

1248 849 1411 881 Innocuos
1432 850 1500 880 vica
1523 850 1681 892 patientes
1704 849 1842 881 aethei-is
1865 851 1922 881 imi

1249 911 1341 943 Fecit
1359 916 1391 942 et
1413 918 1559 942 aeternos
1580 913 1719 942 animam
1739 912 1861 955 collegit
1887 913 1921 942 in
1945 912 2063 943 orbes.-

1199 974 1249 1005 De
1267 972 1462 1005 Semonibus
1485 973 1576 1005 locus
1599 973 1750 1005 classicus
1775 979 1824 1005 est
1846 973 1930 1018 apud
1948 972 2150 1014 Fulgentium

1199 1038 1245 1082 (in
1270 1049 1363 1069 serni.
1390 1042 1453 1069 ant.
1476 1049 1506 1080 p.
1532 1037 1602 1068 172
1620 1037 1773 1080 Munel:.).

1274 1102 1389 1133 mundi
1411 1100 1591 1146 commoda]
1624 1100 1723 1144 Apud
1752 1100 1932 1144 Aegyptios
1959 1099 2077 1132 Strabo
2098 1099 2152 1141 (1.

1200 1175 1230 1206 p.
1248 1164 1296 1195 24
1319 1162 1473 1206 Casaub.)
1499 1164 1594 1195 tradit
1619 1162 1733 1194 divinis
1757 1162 1932 1193 honoribus
1959 1162 2062 1193 cultos
2081 1172 2153 1194 csso

1198 1236 1267 1265 cOS,
1294 1224 1349 1269 qui
1369 1224 1490 1269 aliquid
1512 1225 1590 1256 utile
1612 1224 1859 1266 excogitassent,
1883 1229 1915 1255 et
1931 1224 2002 1267 (17.
2020 1237 2050 1267 p.
2066 1222 2153 1264 822)

1199 1287 1239 1318 ab
1269 1286 1484 1331 Aethiopibus
1515 1287 1608 1318 deum
1642 1287 1752 1318 haberi
1777 1299 1849 1318 eum
1873 1287 1928 1330 qni
1951 1285 2152 1318 benefecerit.

1199 1348 1228 1379 E
1261 1348 1394 1381 Graecis
1429 1349 1605 1389 Persaeus,
1642 1349 1784 1380 Zenonis
1815 1348 1956 1389 auditor,
1995 1359 2050 1380 eos
2081 1359 2154 1379 esse

1201 1409 1280 1440 dixit
1311 1410 1438 1441 habitos
1472 1411 1568 1450 deos,
1602 1422 1622 1442 a
1656 1411 1772 1454 quibus
1808 1422 1927 1454 mayna
1959 1410 2083 1441 utilitas
2112 1410 2153 1440 ad

1201 1470 1284 1501 vitae
1305 1471 1425 1502 cultum
1447 1476 1533 1501 osset
1549 1471 1677 1502 inventa
1697 1471 1780 1514 (Cic.
1793 1471 1834 1502 N.
1852 1471 1893 1501 D.
1915 1473 1947 1510 1,
1970 1472 2014 1502 15
2030 1477 2062 1501 ct
2081 1471 2152 1513 42).

1201 1535 1252 1566 Ex
1282 1534 1464 1565 hominihus
1493 1535 1577 1566 enim
1608 1534 1686 1566 deos
1713 1534 1832 1574 factos,
1864 1533 1948 1565 unde
1976 1533 2154 1577 Dionysius

1200 1595 1496 1626 Halicarnassensis
1516 1595 1561 1639 (7.
1576 1608 1606 1638 p.
1625 1597 1698 1626 ⁴78
1723 1595 1828 1638 Sylb.)
1848 1600 1880 1626 et
1900 1595 2093 1626 Plutarchus
2108 1596 2154 1639 (in

1201 1657 1284 1702 plac.
1311 1657 1426 1700 philos.
1459 1658 1495 1696 1,
1524 1657 1557 1688 (ἰ.
1590 1669 1622 1699 p.
1648 1655 1740 1701 880)
1780 1656 2029 1688 „semideos-um«
2066 1659 2155 1698 ajunt

1207 1719 1364 1760 animas,
1395 1719 1515 1750 relictis
1544 1718 1750 1762 corporibus,
1776 1718 1810 1750 in
1836 1719 1944 1750 coelos
1972 1719 2154 1752 ascendisse

1203 1802 1250 1807 ——
1281 1784 1452 1824 Herculis,
1500 1782 1712 1827 Aesculapii,
1757 1782 1946 1823 Castorum,
1987 1783 2154 1824 Helenae,

1200 1845 1310 1877 Panos
1334 1851 1366 1876 et
1389 1845 1523 1876 aliorum
1542 1845 1809 1877 innumeroruin.«
1843 1844 1971 1888 Quibus
1987 1857 2063 1876 mox
2085 1846 2154 1890 pln-

1200 1921 1252 1940 res
1278 1909 1365 1941 addit
1386 1915 1496 1941 noster
1517 1908 1648 1954 (§.157
1672 1908 1784 1953 sequ).
1817 1909 1902 1941 Vide
1918 1921 2014 1953 snpra
2036 1908 2077 1955 (ἓ.
2091 1910 2153 1952 62)

1200 1977 1234 2003 et
1255 1970 1296 2016 (ξ.
1319 1970 1380 2014 94)
1406 1970 1499 2003 Jovis
1524 1983 1653 2016 quoque
1673 1971 1734 2004 liae
1760 1972 1800 2004 de
1822 1983 1856 2003 re
1880 1972 2052 2004 decretum.

1274 2035 1325 2067 Iu‘s
1343 2033 1486 2081 animus]
1513 2035 1606 2079 Quae
1630 2036 1719 2068 uncis
1741 2036 1865 2068 inclusa
1888 2041 1977 2077 sunt,
2003 2037 2151 2069 Ciceroni

1200 2097 1264 2142 (ap.
1286 2097 1428 2130 Macrob.
1455 2097 1488 2129 in
1511 2109 1613 2130 somn.
1632 2097 1722 2142 Seip.
1744 2099 1783 2138 1,
1817 2098 1877 2142 14)
1901 2098 2070 2139 debentur,
2095 2109 2149 2129 ne-

1201 2171 1263 2203 que
1280 2159 1483 2203 reperiuntur
1504 2159 1538 2192 in
1563 2160 1727 2192 codicibus
1749 2160 1947 2202 Basileensi,
1974 2161 2148 2192 Darmstat-

1200 2222 1302 2262 tensi,
1329 2227 1361 2252 et
1383 2222 1572 2254 Dresdensi.
1610 2222 1740 2254 Iutrusa
1762 2234 1801 2253 ea
1825 2234 1897 2254 csse
1924 2234 1941 2254 e
1968 2222 2074 2264 glossa
2093 2221 2148 2251 ali-

1200 2295 1265 2327 qua
1288 2295 1327 2315 eo
1351 2283 1452 2325 magis
1473 2272 1638 2324 videntur,
1665 2295 1728 2328 quo
1752 2284 1870 2316 certius
1894 2283 1976 2315 male
1998 2294 2032 2313 se
2052 2282 2146 2313 babe-

1199 2351 1273 2377 rent
1294 2351 1450 2377 commata
1474 2357 1545 2378 sese
1565 2345 1757 2390 excipientia
1785 2345 1835 2377 »hi
1857 2345 1993 2376 animas«
2015 2348 2046 2374 et
2073 2343 2146 2374 „his

1202 2408 1352 2440 animus.u
1385 2408 1537 2440 Ceterum
1553 2413 1630 2439 nota
1649 2413 1699 2438 est
1716 2407 1889 2439 differentia
1907 2406 1990 2436 inter
2008 2405 2146 2438 animum

1200 2476 1233 2503 et
1250 2470 1396 2502 animam.
1420 2469 1481 2502 Ille
1505 2474 1557 2502 est
1572 2481 1637 2514 quo
1660 2469 1810 2513 sapimus,
1827 2469 1904 2498 haec
1924 2477 1987 2509 qua
2000 2466 2145 2501 vivimus,

1201 2537 1238 2565 ut
1257 2531 1303 2563 ait
1326 2531 1453 2564 Nonius
1474 2531 1527 2575 (de
1547 2532 1646 2563 differ.
1670 2530 1755 2561 verb.
1778 2541 1808 2572 p.
1827 2528 1899 2558 »126
1922 2527 2079 2572 Mereer.).

1277 2592 1444 2639 miraculo]
1463 2593 1640 2637 Exemplis,
1663 2601 1743 2633 quae
1759 2589 1793 2620 in
1803 2588 1940 2621 medium
1949 2590 2080 2634 profert,
2098 2589 2148 2622 ad-

1696 2650 1744 2680 27
