2310 2860
785 135 986 180 Martiani
1024 134 1223 192 Capellae
1252 134 1326 177 lib.
1347 134 1423 178 IV.
1453 137 1484 191 §.
1506 134 1610 179 595.
2098 142 2188 185 565

231 245 284 287 de
314 245 385 286 illo
416 246 546 302 possit
573 244 759 301 intelligi.
818 245 971 296 Quum
1002 259 1101 301 ergo
1136 243 1338 286 dicimus:
1377 243 1526 286 Cicero
1567 243 1771 301 disputat,
1810 247 1843 289 si
1883 247 2053 290 accedat
2083 249 2187 292 huic

229 327 458 369 sententiae
487 329 530 369 in
560 327 830 379 Tusculano,
868 325 1123 368 declarative
1154 325 1346 377 accessit3
1383 325 1418 365 si
1448 324 1619 368 accedat
1646 326 1891 380 Romanus,
1929 329 2185 384 subjective3

229 409 330 449 item
362 409 395 449 si
427 407 596 449 accedat
625 407 858 463 prudenter
893 416 932 447 et
961 407 1148 462 copiose,
1179 406 1456 461 declarativ03
1497 409 1598 450 item
1629 409 1663 450 si
1692 408 1846 453 dicitur
1876 425 1977 452 cum
2010 411 2182 463 Catone,

228 489 484 533 declarative
520 491 699 531 accessit.
761 488 986 544 Quidquid
1023 490 1148 545 igitur
1184 491 1446 532 nominativo
1478 491 1593 531 casui
1625 490 1804 543 accedit,
1846 493 2078 547 subjective
2113 509 2183 535 ac-

229 573 358 626 cedit3
420 572 631 628 quidquid
675 571 931 613 declarative
973 571 1150 623 accedit,
1194 572 1322 614 variis
1369 571 1532 613 casibus
1574 579 1614 612 et
1650 571 1787 612 modis
1827 572 1998 614 accedit.
2069 575 2184 616 Nam

226 654 460 708 subjective
497 668 582 694 non
614 661 789 708 possunt
819 651 888 692 alii
918 665 1039 692 casus
1071 651 1293 704 accedere;
1324 652 1581 694 declarative
1613 667 1699 693 non
1737 653 1815 693 nisi
1864 654 1970 695 varii
2009 664 2184 710 excepto

224 736 501 776 nominativo.
567 733 680 776 Illud
733 743 874 775 tamen
915 731 1137 773 sciendum
1178 743 1257 785 est,
1305 749 1429 789 posse
1475 733 1565 774 fieri
1603 743 1651 774 ut
1690 734 1875 776 verbum
1911 736 1964 776 sit
1999 737 2042 778 in
2079 737 2184 778 sub-

223 813 398 868 jectiva,
441 828 599 855 nomen
628 813 671 854 in
701 812 981 854 declarativa:
1020 811 1095 872 sed
1125 812 1181 854 ita
1210 812 1397 854 verbum
1427 813 1470 854 in
1501 812 1756 867 subjectiva,
1794 824 1843 855 ut
1877 815 2050 870 aliquod
2081 833 2182 873 pro-

223 911 380 937 nomen
416 909 563 936 secum
599 895 692 936 vice
740 894 924 936 nominis
975 903 1133 946 teneat3
1185 893 1243 934 ita
1286 892 1414 933 etiam
1458 907 1616 933 nomen
1657 894 1787 935 estin
1821 894 2103 949 declarativa,
2134 909 2182 940 ut

221 986 360 1018 teneat
385 992 532 1018 secum
565 976 740 1032 aliquod
777 977 984 1027 verbum,
1016 990 1068 1016 ex
1096 988 1183 1030 quo
1213 973 1303 1028 ejus
1329 974 1469 1015 vicem
1497 973 1683 1029 impleat.
1742 975 1876 1018 Velut
1904 977 1939 1018 si
1967 977 2178 1037 dicamus:

222 1058 295 1112 qui
328 1057 513 1112 disputat
548 1058 697 1099 Cicero
731 1068 812 1109 est,
854 1058 930 1113 qui
972 1056 1177 1112 disputat,
1207 1055 1441 1110 subjectiva
1471 1064 1552 1106 est,
1593 1054 1742 1097 Cicero
1773 1065 1856 1108 est,
1900 1057 2179 1114 declarativa3

2211 736 2300 778 59:¹22

217 1137 292 1178 sed
330 1138 447 1178 illam
493 1138 772 1192 subjectivam
808 1153 1047 1194 pronomen
1085 1137 1206 1187 facit,
1261 1135 1373 1176 hanc
1415 1135 1720 1177 declarativam
1754 1137 1952 1179 verbum.
2011 1140 2061 1182 In
2101 1141 2183 1184 hac
2212 1139 2302 1182 595

217 1216 344 1273 igitur
376 1226 495 1273 parte
524 1216 728 1269 dicimus,
762 1216 1136 1272 quemadmodum
1166 1217 1311 1271 juncta
1341 1227 1459 1269 sunt,
1502 1233 1579 1259 nec
1616 1227 1760 1260 tamen
1790 1230 1967 1275 possunt
2007 1221 2180 1277 plenam

218 1298 358 1339 facere
404 1299 677 1351 sententiam3
722 1308 762 1340 et
802 1299 836 1340 si
871 1299 1053 1350 faciunt,
1099 1298 1469 1354 quemadmodum
1517 1299 1679 1341 veritati
1719 1308 1758 1340 et
1785 1299 1953 1342 falsitati
1981 1315 2067 1343 non
2098 1302 2179 1344 sint

217 1379 426 1420 obnoxiae
447 1380 696 1431 sententiae,
728 1380 927 1435 quamvis
957 1381 1038 1422 sint
1066 1381 1239 1436 plenae3
1271 1389 1310 1421 et
1340 1380 1714 1436 quemadmodum
1738 1380 1790 1422 ad
1815 1381 1859 1423 id
1885 1384 2175 1438 perveniatur,

216 1471 264 1503 ut
290 1461 379 1517 jam
409 1476 496 1504 non
520 1461 661 1504 solum
690 1462 816 1518 plena
845 1463 1049 1505 sententia
1079 1462 1152 1513 sit,
1196 1460 1270 1503 sed
1301 1461 1428 1503 etiam
1460 1461 1696 1503 necessario
1730 1476 1835 1504 vera
1873 1472 1946 1504 aut
1979 1464 2096 1507 falsa.

833 1581 982 1632 QUID
1017 1580 1109 1622 SIT
1144 1580 1559 1632 PROLOQUIUM.

383 1672 530 1715 Tertia
559 1687 658 1729 pars
688 1673 903 1729 sequitur,
942 1673 986 1714 in
1019 1687 1106 1728 qua
1135 1671 1366 1714 dicendum
1396 1672 1484 1727 jam
1520 1680 1580 1714 est
1609 1671 1663 1713 de
1692 1673 1791 1729 ipsis
1821 1675 2075 1731 proloquiis,
2119 1678 2174 1721 ad

214 1766 405 1808 quorum
433 1753 694 1795 intellectum
720 1755 764 1795 in
787 1754 1001 1809 superiori
1033 1763 1151 1809 parte
1183 1754 1473 1810 pervenimus.
1513 1753 1745 1810 Proloquia
1767 1755 1894 1810 igitur
1917 1755 2175 1800 differentias

212 1832 373 1874 habent
401 1834 543 1886 binas,
573 1835 616 1875 in
651 1834 884 1890 quantitate
918 1844 959 1875 et
991 1834 1207 1890 qualitate.
1266 1835 1522 1885 Quantitatis
1552 1834 1789 1877 differentia
1821 1846 1902 1888 est,
1938 1838 2055 1893 quod
2094 1839 2175 1882 alia

211 1922 311 1954 sunt
339 1914 618 1965 universalia,
663 1914 744 1955 alia
781 1914 1077 1969 particularia,
1115 1913 1196 1955 alia
1233 1913 1462 1956 indefinita.
1529 1914 1785 1957 Universale
1819 1926 1899 1969 est,
1947 1927 1996 1959 ut
2034 1919 2173 1961 omnis

210 1993 343 2036 homo
382 1994 542 2035 animal
582 2003 654 2035 cst.
718 1993 1000 2045 Particulare,
1038 2003 1086 2035 ut
1126 1993 1303 2049 quidam
1342 1994 1475 2036 homo
1514 1995 1719 2037 ambulat.
1780 1994 2081 2049 Indefinitum‚
2126 2007 2174 2040 ut

211 2075 342 2117 homo
374 2072 577 2117 ambulat.
636 2073 769 2125 Quod
811 2074 938 2129 igitur
973 2073 1189 2116 indefinite
1220 2074 1425 2126 dicimus,
1476 2076 1712 2117 necessario
1752 2076 2063 2133 particulariter
2100 2093 2172 2121 ac-

210 2156 406 2213 cipimus,
436 2171 521 2197 non
541 2155 780 2197 necessario
804 2155 1125 2209 universaliter,
1157 2166 1196 2198 et
1221 2158 1427 2213 quoniam
1450 2157 1494 2199 id
1515 2158 1784 2214 potissimum
1808 2161 2168 2212 enumerandum,

210 2260 299 2309 περὶ
320 2262 534 2311 ἑρμηνείας,
553 2263 658 2297 Gno-r.
672 2282 720 2288 —-
744 2263 901 2296 Nimirum
926 2264 959 2296 in
986 2264 1068 2296 libro
1095 2263 1163 2296 lau-
1213 2264 1426 2299 Aristoteles:
1447 2267 1505 2299 sed
1526 2273 1558 2299 et
1576 2266 1760 2313 Appulejus
1781 2269 1840 2310 ait,
1871 2269 1911 2302 de
1933 2269 2097 2301 indefinito
2119 2268 2166 2299 lo-

210 2325 301 2366 dato,
336 2326 392 2369 qui
420 2331 470 2357 est
500 2325 539 2357 de
571 2325 719 2357 Platonis
746 2326 934 2358 habitudine
961 2331 993 2357 et
1019 2326 1163 2359 doctrina
1214 2342 1333 2374 quens:
1369 2330 1451 2362 »sed
1482 2335 1588 2364 tamen
1621 2344 1681 2376 pro
1710 2333 1892 2377 particulari
1915 2343 2038 2376 semper
2069 2331 2165 2372 valet,

208 2386 338 2427 tertius,
366 2391 399 2418 et
422 2386 488 2418 fere
513 2391 600 2418 totus
623 2387 664 2419 ad
685 2386 910 2419 Aristotelicas
934 2388 1042 2432 potius
1067 2388 1161 2420 ratio·
1214 2392 1286 2435 quia
1307 2391 1408 2423 tutius
1431 2397 1484 2424 est
1504 2392 1536 2424 id
1560 2404 1600 2425 ex
1616 2393 1740 2426 incerto
1762 2394 1905 2438 accipere
1926 2393 2010 2437 quod
2035 2392 2157 2424 miuus·

208 2460 267 2481 nes
291 2448 488 2493 compositus
514 2454 564 2481 est
583 2462 677 2494 quam
703 2451 744 2483 ad
766 2451 968 2493 Platonkas,
996 2464 1093 2498 quare
1121 2452 1161 2484 ad
1212 2453 1374 2486 Gne-n—
1397 2452 1475 2485 Alio
1492 2460 1656 2498 praeterea
1676 2455 1748 2487 loco
1767 2454 1950 2498 Appulejus
1975 2453 2031 2496 (Π.
2047 2466 2077 2497 p.
2089 2454 2164 2487 280

208 2512 455 2547 eclectieismum
478 2513 665 2545 referendus
688 2514 824 2548 videtur.
1212 2515 1312 2559 Oud.)
1326 2516 1446 2560 pariter
1463 2518 1715 2564 propositionem
1736 2517 1779 2551 ait
1799 2515 1994 2549 indefinitam
2013 2527 2072 2560 pro
2091 2529 2161 2561 par·

281 2576 461 2608 necessario
487 2574 748 2622 particulariter]
779 2576 869 2611 Idem
903 2577 999 2611 tradit
1033 2577 1158 2610 diximus
1209 2577 1335 2611 ticulari
1360 2577 1469 2625 accipi.
