<?xml version="1.0" encoding="UTF-8"?>
<!DOCTYPE html PUBLIC "-//W3C//DTD XHTML 1.0 Transitional//EN"
    "http://www.w3.org/TR/xhtml1/DTD/xhtml1-transitional.dtd">
<html xmlns="http://www.w3.org/1999/xhtml" xml:lang="en" lang="en">
 <head>
  <title>
</title>
<meta http-equiv="Content-Type" content="text/html;charset=utf-8" />
  <meta name='ocr-system' content='tesseract 3.04.00' />
  <meta name='ocr-capabilities' content='ocr_page ocr_carea ocr_par ocr_line ocrx_word'/>
</head>
<body>
  <div class='ocr_page' id='page_1' title='image "./denuptiisphilolo00martuoft/denuptiisphilolo00martuoft_0085.png"; bbox 0 0 2310 2860; ppageno 0'>
   <div class='ocr_carea' id='block_1_1' title="bbox 667 130 1433 189">
    <p class='ocr_par' dir='ltr' id='par_1_1' title="bbox 667 130 1433 189">
     <span class='ocr_line' id='line_1_1' title="bbox 667 130 1433 189; baseline 0.001 -16"><span class='ocrx_word' id='word_1_1' title='bbox 667 131 870 175; x_wconf 85' lang='lat' dir='ltr'><strong>Martiani</strong></span> <span class='ocrx_word' id='word_1_2' title='bbox 910 130 1110 189; x_wconf 83' lang='lat' dir='ltr'>Capellae</span> <span class='ocrx_word' id='word_1_3' title='bbox 1145 132 1218 174; x_wconf 86' lang='lat' dir='ltr'><strong>lib.</strong></span> <span class='ocrx_word' id='word_1_4' title='bbox 1237 131 1270 174; x_wconf 92' lang='lat' dir='ltr'><strong>I.</strong></span> <span class='ocrx_word' id='word_1_5' title='bbox 1307 131 1433 185; x_wconf 67' lang='lat' dir='ltr'><strong>§.2st</strong></span> 
     </span>
    </p>
   </div>
   <div class='ocr_carea' id='block_1_2' title="bbox 83 238 1839 298">
    <p class='ocr_par' dir='ltr' id='par_1_2' title="bbox 83 238 1839 298">
     <span class='ocr_line' id='line_1_2' title="bbox 83 238 1839 298; baseline -0.001 -14"><span class='ocrx_word' id='word_1_6' title='bbox 83 240 350 298; x_wconf 84' lang='lat' dir='ltr'><strong>recognovit,</strong></span> <span class='ocrx_word' id='word_1_7' title='bbox 399 239 552 281; x_wconf 86' lang='lat' dir='ltr'>throno</span> <span class='ocrx_word' id='word_1_8' title='bbox 600 253 688 295; x_wconf 90' lang='lat' dir='ltr'><strong>quo</strong></span> <span class='ocrx_word' id='word_1_9' title='bbox 738 238 946 282; x_wconf 80' lang='lat' dir='ltr'><strong>insidebat</strong></span> <span class='ocrx_word' id='word_1_10' title='bbox 991 253 1220 295; x_wconf 84' lang='lat' dir='ltr'><strong>exsurgens</strong></span> <span class='ocrx_word' id='word_1_11' title='bbox 1257 238 1405 281; x_wconf 83' lang='lat' dir='ltr'><strong>Musas</strong></span> <span class='ocrx_word' id='word_1_12' title='bbox 1447 238 1568 295; x_wconf 85' lang='lat' dir='ltr'><strong>jussit</strong></span> <span class='ocrx_word' id='word_1_13' title='bbox 1601 255 1839 284; x_wconf 87' lang='lat' dir='ltr'><strong>occurrere.</strong></span> 
     </span>
    </p>
   </div>
   <div class='ocr_carea' id='block_1_3' title="bbox 1983 138 2043 182">
    <p class='ocr_par' dir='ltr' id='par_1_3' title="bbox 1983 138 2043 182">
     <span class='ocr_line' id='line_1_3' title="bbox 1983 138 2043 182; baseline 0 -2"><span class='ocrx_word' id='word_1_14' title='bbox 1983 138 2043 182; x_wconf 74' lang='lat'><strong>55</strong></span> 
     </span>
    </p>
   </div>
   <div class='ocr_carea' id='block_1_4' title="bbox 1914 243 2039 293">
    <p class='ocr_par' dir='ltr' id='par_1_4' title="bbox 1914 243 2039 293">
     <span class='ocr_line' id='line_1_4' title="bbox 1914 243 2039 293; baseline 0.008 -7"><span class='ocrx_word' id='word_1_15' title='bbox 1914 243 2039 293; x_wconf 86' lang='lat' dir='ltr'><strong>Quae</strong></span> 
     </span>
    </p>
   </div>
   <div class='ocr_carea' id='block_1_5' title="bbox 82 319 2037 378">
    <p class='ocr_par' dir='ltr' id='par_1_5' title="bbox 82 319 2037 378">
     <span class='ocr_line' id='line_1_5' title="bbox 82 319 2037 378; baseline 0.001 -14"><span class='ocrx_word' id='word_1_16' title='bbox 82 320 177 364; x_wconf 87' lang='lat' dir='ltr'><strong>licet</strong></span> <span class='ocrx_word' id='word_1_17' title='bbox 205 322 250 363; x_wconf 88' lang='lat' dir='ltr'><strong>in</strong></span> <span class='ocrx_word' id='word_1_18' title='bbox 277 321 532 377; x_wconf 79' lang='lat' dir='ltr'><strong>Majugenae</strong></span> <span class='ocrx_word' id='word_1_19' title='bbox 564 319 753 362; x_wconf 86' lang='lat' dir='ltr'><strong>officium</strong></span> <span class='ocrx_word' id='word_1_20' title='bbox 790 335 1023 378; x_wconf 85' lang='lat' dir='ltr'><strong>properare</strong></span> <span class='ocrx_word' id='word_1_21' title='bbox 1062 319 1331 373; x_wconf 83' lang='lat' dir='ltr'><strong>viderentur,</strong></span> <span class='ocrx_word' id='word_1_22' title='bbox 1374 321 1474 363; x_wconf 87' lang='lat' dir='ltr'><strong>ratis</strong></span> <span class='ocrx_word' id='word_1_23' title='bbox 1510 330 1652 363; x_wconf 86' lang='lat' dir='ltr'><strong>tamen</strong></span> <span class='ocrx_word' id='word_1_24' title='bbox 1683 323 1913 365; x_wconf 85' lang='lat' dir='ltr'><strong>incessibus</strong></span> <span class='ocrx_word' id='word_1_25' title='bbox 1942 338 2037 366; x_wconf 91' lang='lat' dir='ltr'><strong>mo-</strong></span> 
     </span>
    </p>
   </div>
   <div class='ocr_carea' id='block_1_6' title="bbox 80 402 695 542">
    <p class='ocr_par' dir='ltr' id='par_1_6' title="bbox 80 402 695 542">
     <span class='ocr_line' id='line_1_6' title="bbox 82 402 305 445; baseline -0.009 0"><span class='ocrx_word' id='word_1_26' title='bbox 82 402 305 445; x_wconf 83' lang='lat' dir='ltr'><strong>vehantur.</strong></span> 
     </span>
     <span class='ocr_line' id='line_1_7' title="bbox 80 484 695 542; baseline -0.003 -15"><span class='ocrx_word' id='word_1_27' title='bbox 80 485 196 542; x_wconf 85' lang='lat' dir='ltr'><strong>prior</strong></span> <span class='ocrx_word' id='word_1_28' title='bbox 234 499 355 527; x_wconf 86' lang='lat' dir='ltr'><strong>orsus</strong></span> <span class='ocrx_word' id='word_1_29' title='bbox 382 493 442 526; x_wconf 86' lang='lat' dir='ltr'><strong>est</strong></span> <span class='ocrx_word' id='word_1_30' title='bbox 475 484 695 526; x_wconf 88' lang='lat' dir='ltr'><strong>Phoebus:</strong></span> 
     </span>
    </p>
   </div>
   <div class='ocr_carea' id='block_1_7' title="bbox 63 614 1030 1797">
    <p class='ocr_par' dir='ltr' id='par_1_7' title="bbox 71 614 1030 1039">
     <span class='ocr_line' id='line_1_8' title="bbox 79 614 1030 661; baseline 0.002 -13"><span class='ocrx_word' id='word_1_31' title='bbox 79 615 332 649; x_wconf 85' lang='lat' dir='ltr'><strong>omniscientiam</strong></span> <span class='ocrx_word' id='word_1_32' title='bbox 360 614 526 661; x_wconf 85' lang='lat' dir='ltr'><strong>Apollinis</strong></span> <span class='ocrx_word' id='word_1_33' title='bbox 554 615 679 658; x_wconf 82' lang='lat' dir='ltr'><strong>ingerit.</strong></span> <span class='ocrx_word' id='word_1_34' title='bbox 729 615 856 648; x_wconf 53' lang='lat' dir='ltr'><strong>Baium.</strong></span> <span class='ocrx_word' id='word_1_35' title='bbox 894 615 1030 660; x_wconf 75' lang='lat' dir='ltr'><strong>(advers.</strong></span> 
     </span>
     <span class='ocr_line' id='line_1_9' title="bbox 75 679 1030 725; baseline 0.003 -14"><span class='ocrx_word' id='word_1_36' title='bbox 75 692 106 725; x_wconf 83' lang='lat' dir='ltr'><strong>p.</strong></span> <span class='ocrx_word' id='word_1_37' title='bbox 130 679 226 724; x_wconf 75' lang='grc'>954).</span> <span class='ocrx_word' id='word_1_38' title='bbox 245 700 293 706; x_wconf 83' lang='lat'><strong>·—</strong></span> <span class='ocrx_word' id='word_1_39' title='bbox 323 680 485 724; x_wconf 82' lang='lat' dir='ltr'><strong>Equidem</strong></span> <span class='ocrx_word' id='word_1_40' title='bbox 519 679 615 712; x_wconf 89' lang='lat' dir='ltr'><strong>unius</strong></span> <span class='ocrx_word' id='word_1_41' title='bbox 639 679 758 712; x_wconf 90' lang='lat' dir='ltr'><strong>codicis</strong></span> <span class='ocrx_word' id='word_1_42' title='bbox 784 679 934 713; x_wconf 65' lang='lat' dir='ltr'><strong>iai-iantis</strong></span> <span class='ocrx_word' id='word_1_43' title='bbox 959 693 1030 714; x_wconf 84' lang='lat' dir='ltr'><strong>auc-</strong></span> 
     </span>
     <span class='ocr_line' id='line_1_10' title="bbox 75 740 1028 783; baseline 0 -10"><span class='ocrx_word' id='word_1_44' title='bbox 75 741 236 774; x_wconf 85' lang='lat' dir='ltr'><strong>toritatem</strong></span> <span class='ocrx_word' id='word_1_45' title='bbox 261 753 327 774; x_wconf 89' lang='lat' dir='ltr'><strong>nou</strong></span> <span class='ocrx_word' id='word_1_46' title='bbox 354 741 434 774; x_wconf 85' lang='lat' dir='ltr'><strong>tanti</strong></span> <span class='ocrx_word' id='word_1_47' title='bbox 462 740 564 782; x_wconf 79' lang='lat' dir='ltr'><strong>facio,</strong></span> <span class='ocrx_word' id='word_1_48' title='bbox 600 746 636 772; x_wconf 90' lang='lat' dir='ltr'><strong>ut</strong></span> <span class='ocrx_word' id='word_1_49' title='bbox 661 741 823 783; x_wconf 76' lang='lat' dir='ltr'><strong>vulgarem</strong></span> <span class='ocrx_word' id='word_1_50' title='bbox 847 742 960 772; x_wconf 85' lang='lat' dir='ltr'><strong>mutari</strong></span> <span class='ocrx_word' id='word_1_51' title='bbox 984 742 1028 773; x_wconf 90' lang='lat' dir='ltr'><strong>le-</strong></span> 
     </span>
     <span class='ocr_line' id='line_1_11' title="bbox 75 805 1029 850; baseline -0.002 -12"><span class='ocrx_word' id='word_1_52' title='bbox 75 806 212 838; x_wconf 80' lang='lat' dir='ltr'><strong>ctionem</strong></span> <span class='ocrx_word' id='word_1_53' title='bbox 233 806 346 847; x_wconf 64' lang='lat' dir='ltr'><strong>xeiiu13</strong></span> <span class='ocrx_word' id='word_1_54' title='bbox 371 805 559 850; x_wconf 87' lang='lat' dir='ltr'><strong>praesertim</strong></span> <span class='ocrx_word' id='word_1_55' title='bbox 577 817 676 850; x_wconf 85' lang='lat' dir='ltr'><strong>quum</strong></span> <span class='ocrx_word' id='word_1_56' title='bbox 698 805 812 837; x_wconf 89' lang='lat' dir='ltr'><strong>melior</strong></span> <span class='ocrx_word' id='word_1_57' title='bbox 833 806 928 837; x_wconf 81' lang='lat' dir='ltr'><strong>etiam</strong></span> <span class='ocrx_word' id='word_1_58' title='bbox 950 807 1029 837; x_wconf 82' lang='lat' dir='ltr'><strong>haec</strong></span> 
     </span>
     <span class='ocr_line' id='line_1_12' title="bbox 72 869 1028 914; baseline -0.002 -12"><span class='ocrx_word' id='word_1_59' title='bbox 72 869 150 902; x_wconf 79' lang='lat' dir='ltr'><strong>mihi</strong></span> <span class='ocrx_word' id='word_1_60' title='bbox 177 870 334 903; x_wconf 74' lang='lat' dir='ltr'><strong>videatur.</strong></span> <span class='ocrx_word' id='word_1_61' title='bbox 376 869 452 902; x_wconf 79' lang='lat' dir='ltr'><strong>Non</strong></span> <span class='ocrx_word' id='word_1_62' title='bbox 474 869 559 902; x_wconf 88' lang='lat' dir='ltr'><strong>enim</strong></span> <span class='ocrx_word' id='word_1_63' title='bbox 585 881 667 914; x_wconf 88' lang='lat' dir='ltr'><strong>opus</strong></span> <span class='ocrx_word' id='word_1_64' title='bbox 700 875 768 901; x_wconf 87' lang='lat' dir='ltr'><strong>erat</strong></span> <span class='ocrx_word' id='word_1_65' title='bbox 791 869 907 901; x_wconf 83' lang='lat' dir='ltr'><strong>addere</strong></span> <span class='ocrx_word' id='word_1_66' title='bbox 931 870 1028 901; x_wconf 67' lang='lat' dir='ltr'><strong>verba</strong></span> 
     </span>
     <span class='ocr_line' id='line_1_13' title="bbox 80 933 1027 978; baseline 0.002 -14"><span class='ocrx_word' id='word_1_67' title='bbox 80 934 208 977; x_wconf 70' lang='lat' dir='ltr'><strong>»primis</strong></span> <span class='ocrx_word' id='word_1_68' title='bbox 232 933 474 978; x_wconf 82' lang='lat' dir='ltr'><strong>adspectibus«,</strong></span> <span class='ocrx_word' id='word_1_69' title='bbox 504 933 531 965; x_wconf 90' lang='lat' dir='ltr'><strong>si</strong></span> <span class='ocrx_word' id='word_1_70' title='bbox 557 939 630 966; x_wconf 86' lang='lat' dir='ltr'><strong>ante</strong></span> <span class='ocrx_word' id='word_1_71' title='bbox 652 933 822 978; x_wconf 85' lang='lat' dir='ltr'><strong>adspectus</strong></span> <span class='ocrx_word' id='word_1_72' title='bbox 840 934 912 978; x_wconf 80' lang='lat' dir='ltr'><strong>jam</strong></span> <span class='ocrx_word' id='word_1_73' title='bbox 935 946 1027 978; x_wconf 82' lang='lat' dir='ltr'><strong>prae·</strong></span> 
     </span>
     <span class='ocr_line' id='line_1_14' title="bbox 71 994 721 1039; baseline 0 -12"><span class='ocrx_word' id='word_1_74' title='bbox 71 1001 223 1039; x_wconf 71' lang='lat' dir='ltr'><strong>speserut</strong></span> <span class='ocrx_word' id='word_1_75' title='bbox 246 994 368 1039; x_wconf 76' lang='lat' dir='ltr'><strong>Apollo</strong></span> <span class='ocrx_word' id='word_1_76' title='bbox 397 995 553 1027; x_wconf 71' lang='lat' dir='ltr'><strong>adventus</strong></span> <span class='ocrx_word' id='word_1_77' title='bbox 584 1006 721 1027; x_wconf 86' lang='lat' dir='ltr'><strong>eausam.</strong></span> 
     </span>
    </p>

    <p class='ocr_par' dir='ltr' id='par_1_8' title="bbox 63 1057 1024 1797">
     <span class='ocr_line' id='line_1_15' title="bbox 142 1057 1024 1104; baseline -0.002 -13"><span class='ocrx_word' id='word_1_78' title='bbox 142 1057 326 1104; x_wconf 77' lang='lat' dir='ltr'><strong>properare]</strong></span> <span class='ocrx_word' id='word_1_79' title='bbox 354 1059 475 1092; x_wconf 82' lang='lat' dir='ltr'><strong>Veram</strong></span> <span class='ocrx_word' id='word_1_80' title='bbox 496 1058 686 1099; x_wconf 81' lang='lat' dir='ltr'><strong>lectionem,</strong></span> <span class='ocrx_word' id='word_1_81' title='bbox 711 1057 831 1090; x_wconf 88' lang='lat' dir='ltr'><strong>nemini</strong></span> <span class='ocrx_word' id='word_1_82' title='bbox 852 1057 955 1090; x_wconf 84' lang='lat' dir='ltr'><strong>adhuc</strong></span> <span class='ocrx_word' id='word_1_83' title='bbox 978 1057 1024 1089; x_wconf 63' lang='lat' dir='ltr'><strong>vi-</strong></span> 
     </span>
     <span class='ocr_line' id='line_1_16' title="bbox 70 1121 1024 1164; baseline -0.002 -10"><span class='ocrx_word' id='word_1_84' title='bbox 70 1133 156 1163; x_wconf 85' lang='lat' dir='ltr'><strong>sam,</strong></span> <span class='ocrx_word' id='word_1_85' title='bbox 188 1135 206 1154; x_wconf 91' lang='lat' dir='ltr'><strong>e</strong></span> <span class='ocrx_word' id='word_1_86' title='bbox 236 1123 346 1155; x_wconf 88' lang='lat' dir='ltr'><strong>codiee</strong></span> <span class='ocrx_word' id='word_1_87' title='bbox 370 1123 447 1153; x_wconf 87' lang='lat' dir='ltr'><strong>mihi</strong></span> <span class='ocrx_word' id='word_1_88' title='bbox 478 1123 579 1153; x_wconf 87' lang='lat' dir='ltr'><strong>instar</strong></span> <span class='ocrx_word' id='word_1_89' title='bbox 610 1121 751 1153; x_wconf 80' lang='lat' dir='ltr'><strong>thesauri</strong></span> <span class='ocrx_word' id='word_1_90' title='bbox 785 1123 898 1164; x_wconf 81' lang='lat' dir='ltr'><strong>charo,</strong></span> <span class='ocrx_word' id='word_1_91' title='bbox 936 1121 1024 1153; x_wconf 78' lang='lat' dir='ltr'><strong>erui:</strong></span> 
     </span>
     <span class='ocr_line' id='line_1_17' title="bbox 75 1183 1022 1229; baseline -0.001 -14"><span class='ocrx_word' id='word_1_92' title='bbox 75 1196 176 1229; x_wconf 63' lang='lat' dir='ltr'><strong>„quae</strong></span> <span class='ocrx_word' id='word_1_93' title='bbox 206 1184 283 1218; x_wconf 91' lang='lat' dir='ltr'><strong>licet</strong></span> <span class='ocrx_word' id='word_1_94' title='bbox 309 1184 344 1216; x_wconf 84' lang='lat' dir='ltr'><strong>in</strong></span> <span class='ocrx_word' id='word_1_95' title='bbox 366 1185 558 1226; x_wconf 78' lang='lat' dir='ltr'><strong>Majugenae</strong></span> <span class='ocrx_word' id='word_1_96' title='bbox 583 1184 721 1216; x_wconf 87' lang='lat' dir='ltr'><strong>officium</strong></span> <span class='ocrx_word' id='word_1_97' title='bbox 745 1185 913 1228; x_wconf 72' lang='lat' dir='ltr'><strong>properat-i</strong></span> <span class='ocrx_word' id='word_1_98' title='bbox 937 1183 1022 1215; x_wconf 76' lang='lat' dir='ltr'><strong>vide-</strong></span> 
     </span>
     <span class='ocr_line' id='line_1_18' title="bbox 67 1247 1023 1290; baseline -0.001 -10"><span class='ocrx_word' id='word_1_99' title='bbox 67 1249 200 1290; x_wconf 75' lang='lat' dir='ltr'><strong>bantur,</strong></span> <span class='ocrx_word' id='word_1_100' title='bbox 233 1249 301 1281; x_wconf 86' lang='lat' dir='ltr'><strong>suis</strong></span> <span class='ocrx_word' id='word_1_101' title='bbox 327 1255 434 1281; x_wconf 88' lang='lat' dir='ltr'><strong>tamen</strong></span> <span class='ocrx_word' id='word_1_102' title='bbox 457 1248 636 1282; x_wconf 79' lang='lat' dir='ltr'><strong>incessibus</strong></span> <span class='ocrx_word' id='word_1_103' title='bbox 654 1249 892 1280; x_wconf 59' lang='lat' dir='ltr'><strong>mov-chamum</strong></span> <span class='ocrx_word' id='word_1_104' title='bbox 931 1247 1023 1280; x_wconf 85' lang='lat' dir='ltr'><strong>Haec</strong></span> 
     </span>
     <span class='ocr_line' id='line_1_19' title="bbox 66 1311 1022 1358; baseline -0.002 -13"><span class='ocrx_word' id='word_1_105' title='bbox 66 1312 201 1345; x_wconf 88' lang='lat' dir='ltr'><strong>totidem</strong></span> <span class='ocrx_word' id='word_1_106' title='bbox 223 1312 324 1345; x_wconf 83' lang='lat' dir='ltr'><strong>literis</strong></span> <span class='ocrx_word' id='word_1_107' title='bbox 349 1313 505 1358; x_wconf 84' lang='lat' dir='ltr'><strong>scriptura</strong></span> <span class='ocrx_word' id='word_1_108' title='bbox 526 1318 576 1345; x_wconf 88' lang='lat' dir='ltr'><strong>est</strong></span> <span class='ocrx_word' id='word_1_109' title='bbox 601 1312 686 1346; x_wconf 85' lang='lat' dir='ltr'><strong>casei</strong></span> <span class='ocrx_word' id='word_1_110' title='bbox 706 1312 790 1345; x_wconf 81' lang='lat' dir='ltr'><strong>libri.</strong></span> <span class='ocrx_word' id='word_1_111' title='bbox 835 1311 922 1345; x_wconf 87' lang='lat' dir='ltr'><strong>Suos</strong></span> <span class='ocrx_word' id='word_1_112' title='bbox 952 1311 1022 1357; x_wconf 86' lang='lat' dir='ltr'><strong>qui-</strong></span> 
     </span>
     <span class='ocr_line' id='line_1_20' title="bbox 66 1374 1021 1416; baseline -0.003 -8"><span class='ocrx_word' id='word_1_113' title='bbox 66 1374 140 1408; x_wconf 83' lang='lat' dir='ltr'><strong>dem</strong></span> <span class='ocrx_word' id='word_1_114' title='bbox 159 1375 304 1407; x_wconf 86' lang='lat' dir='ltr'><strong>incessus</strong></span> <span class='ocrx_word' id='word_1_115' title='bbox 320 1376 505 1416; x_wconf 77' lang='lat' dir='ltr'><strong>Musarum,</strong></span> <span class='ocrx_word' id='word_1_116' title='bbox 528 1375 623 1415; x_wconf 87' lang='lat' dir='ltr'><strong>dicit,</strong></span> <span class='ocrx_word' id='word_1_117' title='bbox 647 1374 687 1406; x_wconf 88' lang='lat' dir='ltr'><strong>ad</strong></span> <span class='ocrx_word' id='word_1_118' title='bbox 707 1387 873 1406; x_wconf 81' lang='lat' dir='ltr'><strong>nnmerum</strong></span> <span class='ocrx_word' id='word_1_119' title='bbox 894 1379 927 1406; x_wconf 87' lang='lat' dir='ltr'><strong>et</strong></span> <span class='ocrx_word' id='word_1_120' title='bbox 951 1375 1021 1406; x_wconf 84' lang='lat' dir='ltr'><strong>har-</strong></span> 
     </span>
     <span class='ocr_line' id='line_1_21' title="bbox 65 1437 1020 1482; baseline -0.004 -10"><span class='ocrx_word' id='word_1_121' title='bbox 65 1439 206 1472; x_wconf 81' lang='lat' dir='ltr'><strong>moniam</strong></span> <span class='ocrx_word' id='word_1_122' title='bbox 222 1438 418 1482; x_wconf 87' lang='lat' dir='ltr'><strong>eompositos</strong></span> <span class='ocrx_word' id='word_1_123' title='bbox 440 1450 501 1470; x_wconf 90' lang='lat' dir='ltr'><strong>nec</strong></span> <span class='ocrx_word' id='word_1_124' title='bbox 523 1438 593 1469; x_wconf 90' lang='lat' dir='ltr'><strong>aliis</strong></span> <span class='ocrx_word' id='word_1_125' title='bbox 616 1438 799 1469; x_wconf 87' lang='lat' dir='ltr'><strong>nominibus</strong></span> <span class='ocrx_word' id='word_1_126' title='bbox 818 1437 873 1469; x_wconf 84' lang='lat' dir='ltr'><strong>tali</strong></span> <span class='ocrx_word' id='word_1_127' title='bbox 890 1437 1020 1469; x_wconf 88' lang='lat' dir='ltr'><strong>modulo</strong></span> 
     </span>
     <span class='ocr_line' id='line_1_22' title="bbox 66 1499 1021 1543; baseline -0.004 -9"><span class='ocrx_word' id='word_1_128' title='bbox 66 1507 121 1534; x_wconf 87' lang='lat' dir='ltr'><strong>aut</strong></span> <span class='ocrx_word' id='word_1_129' title='bbox 144 1501 255 1543; x_wconf 79' lang='lat' dir='ltr'><strong>regula</strong></span> <span class='ocrx_word' id='word_1_130' title='bbox 279 1500 455 1532; x_wconf 85' lang='lat' dir='ltr'><strong>usitaudos.</strong></span> <span class='ocrx_word' id='word_1_131' title='bbox 488 1500 652 1540; x_wconf 84' lang='lat' dir='ltr'><strong>Legebam</strong></span> <span class='ocrx_word' id='word_1_132' title='bbox 675 1505 748 1531; x_wconf 87' lang='lat' dir='ltr'><strong>ante</strong></span> <span class='ocrx_word' id='word_1_133' title='bbox 773 1511 813 1531; x_wconf 82' lang='lat' dir='ltr'><strong>ex</strong></span> <span class='ocrx_word' id='word_1_134' title='bbox 837 1499 1021 1541; x_wconf 85' lang='lat' dir='ltr'><strong>conjectura</strong></span> 
     </span>
     <span class='ocr_line' id='line_1_23' title="bbox 71 1559 1020 1604; baseline -0.004 -11"><span class='ocrx_word' id='word_1_135' title='bbox 71 1564 184 1596; x_wconf 71' lang='lat' dir='ltr'><strong>»stalis</strong></span> <span class='ocrx_word' id='word_1_136' title='bbox 201 1562 419 1602; x_wconf 82' lang='lat' dir='ltr'><strong>incessibus«,</strong></span> <span class='ocrx_word' id='word_1_137' title='bbox 435 1560 522 1604; x_wconf 87' lang='lat' dir='ltr'><strong>quod</strong></span> <span class='ocrx_word' id='word_1_138' title='bbox 544 1560 672 1591; x_wconf 84' lang='lat' dir='ltr'><strong>statutis</strong></span> <span class='ocrx_word' id='word_1_139' title='bbox 696 1561 784 1591; x_wconf 72' lang='lat' dir='ltr'><strong>velut</strong></span> <span class='ocrx_word' id='word_1_140' title='bbox 802 1566 835 1591; x_wconf 89' lang='lat' dir='ltr'><strong>et</strong></span> <span class='ocrx_word' id='word_1_141' title='bbox 853 1559 1020 1591; x_wconf 80' lang='lat' dir='ltr'><strong>ordinariis</strong></span> 
     </span>
     <span class='ocr_line' id='line_1_24' title="bbox 63 1619 1022 1668; baseline -0.009 -9"><span class='ocrx_word' id='word_1_142' title='bbox 63 1631 171 1666; x_wconf 86' lang='lat' dir='ltr'><strong>notat,</strong></span> <span class='ocrx_word' id='word_1_143' title='bbox 207 1625 293 1657; x_wconf 87' lang='lat' dir='ltr'><strong>unde</strong></span> <span class='ocrx_word' id='word_1_144' title='bbox 319 1635 451 1668; x_wconf 88' lang='lat' dir='ltr'><strong>peccare</strong></span> <span class='ocrx_word' id='word_1_145' title='bbox 480 1634 521 1653; x_wconf 90' lang='lat' dir='ltr'><strong>ne</strong></span> <span class='ocrx_word' id='word_1_146' title='bbox 551 1633 635 1653; x_wconf 85' lang='lat' dir='ltr'><strong>unus</strong></span> <span class='ocrx_word' id='word_1_147' title='bbox 667 1621 796 1664; x_wconf 81' lang='lat' dir='ltr'><strong>quidem</strong></span> <span class='ocrx_word' id='word_1_148' title='bbox 825 1621 911 1651; x_wconf 72' lang='lat' dir='ltr'><strong>velit.</strong></span> <span class='ocrx_word' id='word_1_149' title='bbox 953 1619 1022 1651; x_wconf 89' lang='lat' dir='ltr'><strong>Sed</strong></span> 
     </span>
     <span class='ocr_line' id='line_1_25' title="bbox 63 1683 1021 1733; baseline -0.011 -10"><span class='ocrx_word' id='word_1_150' title='bbox 63 1689 270 1733; x_wconf 70' lang='lat' dir='ltr'><strong>manusefipti</strong></span> <span class='ocrx_word' id='word_1_151' title='bbox 290 1687 386 1720; x_wconf 89' lang='lat' dir='ltr'><strong>lectio</strong></span> <span class='ocrx_word' id='word_1_152' title='bbox 407 1686 492 1718; x_wconf 86' lang='lat' dir='ltr'><strong>tollit</strong></span> <span class='ocrx_word' id='word_1_153' title='bbox 511 1685 643 1716; x_wconf 85' lang='lat' dir='ltr'><strong>dubium</strong></span> <span class='ocrx_word' id='word_1_154' title='bbox 661 1696 766 1716; x_wconf 84' lang='lat' dir='ltr'><strong>omne.</strong></span> <span class='ocrx_word' id='word_1_155' title='bbox 791 1684 844 1714; x_wconf 81' lang='lat' dir='ltr'><strong>Ex</strong></span> <span class='ocrx_word' id='word_1_156' title='bbox 860 1683 917 1714; x_wconf 90' lang='lat' dir='ltr'><strong>illo</strong></span> <span class='ocrx_word' id='word_1_157' title='bbox 933 1694 1021 1722; x_wconf 78' lang='lat' dir='ltr'><strong>vcro,</strong></span> 
     </span>
     <span class='ocr_line' id='line_1_26' title="bbox 64 1744 1019 1797; baseline -0.01 -13"><span class='ocrx_word' id='word_1_158' title='bbox 64 1751 151 1797; x_wconf 86' lang='lat' dir='ltr'><strong>quod</strong></span> <span class='ocrx_word' id='word_1_159' title='bbox 175 1751 275 1795; x_wconf 85' lang='lat' dir='ltr'><strong>priori</strong></span> <span class='ocrx_word' id='word_1_160' title='bbox 295 1750 368 1781; x_wconf 92' lang='lat' dir='ltr'><strong>loco</strong></span> <span class='ocrx_word' id='word_1_161' title='bbox 390 1748 566 1789; x_wconf 83' lang='lat' dir='ltr'><strong>disjunctas</strong></span> <span class='ocrx_word' id='word_1_162' title='bbox 587 1757 684 1778; x_wconf 80' lang='lat' dir='ltr'><strong>voees</strong></span> <span class='ocrx_word' id='word_1_163' title='bbox 706 1745 853 1785; x_wconf 78' lang='lat' dir='ltr'><strong>offendo,</strong></span> <span class='ocrx_word' id='word_1_164' title='bbox 880 1744 1019 1776; x_wconf 87' lang='lat' dir='ltr'><strong>scriben-</strong></span> 
     </span>
    </p>
   </div>
   <div class='ocr_carea' id='block_1_8' title="bbox 62 1807 1018 1858">
    <p class='ocr_par' dir='ltr' id='par_1_9' title="bbox 62 1807 1018 1858">
     <span class='ocr_line' id='line_1_27' title="bbox 62 1807 1018 1858; baseline -0.012 -11"><span class='ocrx_word' id='word_1_165' title='bbox 62 1816 137 1847; x_wconf 88' lang='lat' dir='ltr'><strong>dum</strong></span> <span class='ocrx_word' id='word_1_166' title='bbox 158 1819 236 1858; x_wconf 87' lang='lat' dir='ltr'><strong>puto</strong></span> <span class='ocrx_word' id='word_1_167' title='bbox 268 1823 367 1856; x_wconf 80' lang='lat' dir='ltr'><strong>»quae</strong></span> <span class='ocrx_word' id='word_1_168' title='bbox 388 1811 465 1843; x_wconf 89' lang='lat' dir='ltr'><strong>licet</strong></span> <span class='ocrx_word' id='word_1_169' title='bbox 489 1810 523 1842; x_wconf 89' lang='lat' dir='ltr'><strong>in</strong></span> <span class='ocrx_word' id='word_1_170' title='bbox 540 1809 731 1851; x_wconf 81' lang='lat' dir='ltr'><strong>Majugenae</strong></span> <span class='ocrx_word' id='word_1_171' title='bbox 755 1807 891 1839; x_wconf 85' lang='lat' dir='ltr'><strong>officium</strong></span> <span class='ocrx_word' id='word_1_172' title='bbox 917 1817 1018 1849; x_wconf 86' lang='lat' dir='ltr'><strong>prope</strong></span> 
     </span>
    </p>
   </div>
   <div class='ocr_carea' id='block_1_9' title="bbox 61 1868 1017 1921">
    <p class='ocr_par' dir='ltr' id='par_1_10' title="bbox 61 1868 1017 1921">
     <span class='ocr_line' id='line_1_28' title="bbox 61 1868 1017 1921; baseline -0.012 -11"><span class='ocrx_word' id='word_1_173' title='bbox 61 1878 134 1921; x_wconf 77' lang='lat' dir='ltr'><strong>rapi</strong></span> <span class='ocrx_word' id='word_1_174' title='bbox 166 1875 384 1908; x_wconf 76' lang='lat' dir='ltr'><strong>videha11tur.«</strong></span> <span class='ocrx_word' id='word_1_175' title='bbox 445 1873 570 1904; x_wconf 86' lang='lat' dir='ltr'><strong>Tantus</strong></span> <span class='ocrx_word' id='word_1_176' title='bbox 601 1882 708 1910; x_wconf 87' lang='lat' dir='ltr'><strong>amor,</strong></span> <span class='ocrx_word' id='word_1_177' title='bbox 742 1875 831 1900; x_wconf 86' lang='lat' dir='ltr'><strong>tanta</strong></span> <span class='ocrx_word' id='word_1_178' title='bbox 853 1868 1017 1901; x_wconf 69' lang='lat' dir='ltr'><strong>veneratio</strong></span> 
     </span>
    </p>
   </div>
   <div class='ocr_carea' id='block_1_10' title="bbox 56 1931 1017 2546">
    <p class='ocr_par' dir='ltr' id='par_1_11' title="bbox 56 1931 1017 2546">
     <span class='ocr_line' id='line_1_29' title="bbox 61 1931 1017 1979; baseline -0.013 -7"><span class='ocrx_word' id='word_1_179' title='bbox 61 1938 234 1978; x_wconf 82' lang='lat' dir='ltr'><strong>Mercurii,</strong></span> <span class='ocrx_word' id='word_1_180' title='bbox 261 1942 296 1968; x_wconf 88' lang='lat' dir='ltr'><strong>ut</strong></span> <span class='ocrx_word' id='word_1_181' title='bbox 321 1946 420 1979; x_wconf 86' lang='lat' dir='ltr'><strong>prope</strong></span> <span class='ocrx_word' id='word_1_182' title='bbox 443 1934 514 1978; x_wconf 86' lang='lat' dir='ltr'><strong>rapi</strong></span> <span class='ocrx_word' id='word_1_183' title='bbox 538 1934 642 1965; x_wconf 88' lang='lat' dir='ltr'><strong>aliena</strong></span> <span class='ocrx_word' id='word_1_184' title='bbox 660 1932 692 1964; x_wconf 70' lang='lat' dir='ltr'><strong>vi</strong></span> <span class='ocrx_word' id='word_1_185' title='bbox 716 1932 884 1963; x_wconf 66' lang='lat' dir='ltr'><strong>videantur</strong></span> <span class='ocrx_word' id='word_1_186' title='bbox 903 1931 1017 1963; x_wconf 76' lang='lat' dir='ltr'><strong>Musae</strong></span> 
     </span>
     <span class='ocr_line' id='line_1_30' title="bbox 61 1992 1016 2044; baseline -0.014 -9"><span class='ocrx_word' id='word_1_187' title='bbox 61 2003 102 2035; x_wconf 85' lang='lat' dir='ltr'><strong>ad</strong></span> <span class='ocrx_word' id='word_1_188' title='bbox 126 2001 197 2044; x_wconf 87' lang='lat' dir='ltr'><strong>ejus</strong></span> <span class='ocrx_word' id='word_1_189' title='bbox 221 1999 366 2032; x_wconf 83' lang='lat' dir='ltr'><strong>officium.</strong></span> <span class='ocrx_word' id='word_1_190' title='bbox 414 1996 503 2030; x_wconf 83' lang='lat' dir='ltr'><strong>Nihil</strong></span> <span class='ocrx_word' id='word_1_191' title='bbox 528 2001 664 2039; x_wconf 86' lang='lat' dir='ltr'><strong>utraque</strong></span> <span class='ocrx_word' id='word_1_192' title='bbox 688 1993 826 2025; x_wconf 82' lang='lat' dir='ltr'><strong>lectione</strong></span> <span class='ocrx_word' id='word_1_193' title='bbox 852 1994 914 2024; x_wconf 88' lang='lat' dir='ltr'><strong>hoe</strong></span> <span class='ocrx_word' id='word_1_194' title='bbox 943 1992 1016 2023; x_wconf 91' lang='lat' dir='ltr'><strong>loco</strong></span> 
     </span>
     <span class='ocr_line' id='line_1_31' title="bbox 61 2054 1015 2108; baseline -0.014 -11"><span class='ocrx_word' id='word_1_195' title='bbox 61 2065 199 2108; x_wconf 79' lang='lat' dir='ltr'><strong>dignius.</strong></span> <span class='ocrx_word' id='word_1_196' title='bbox 223 2063 350 2095; x_wconf 68' lang='lat' dir='ltr'><strong>Burni.</strong></span> <span class='ocrx_word' id='word_1_197' title='bbox 383 2060 436 2104; x_wconf 84' lang='lat' dir='ltr'><strong>(in</strong></span> <span class='ocrx_word' id='word_1_198' title='bbox 461 2059 531 2091; x_wconf 86' lang='lat' dir='ltr'><strong>adv.</strong></span> <span class='ocrx_word' id='word_1_199' title='bbox 563 2070 593 2101; x_wconf 88' lang='lat' dir='ltr'><strong>p.</strong></span> <span class='ocrx_word' id='word_1_200' title='bbox 617 2055 720 2099; x_wconf 80' lang='lat'><strong>954).</strong></span> <span class='ocrx_word' id='word_1_201' title='bbox 740 2073 787 2079; x_wconf 91' lang='lat'><strong>—-</strong></span> <span class='ocrx_word' id='word_1_202' title='bbox 827 2054 1015 2087; x_wconf 86' lang='lat' dir='ltr'><strong>Lectionem</strong></span> 
     </span>
     <span class='ocr_line' id='line_1_32' title="bbox 69 2117 1013 2175; baseline -0.011 -18"><span class='ocrx_word' id='word_1_203' title='bbox 69 2139 185 2172; x_wconf 67' lang='lat' dir='ltr'><strong>»prope</strong></span> <span class='ocrx_word' id='word_1_204' title='bbox 212 2125 306 2165; x_wconf 78' lang='lat' dir='ltr'><strong>sari«,</strong></span> <span class='ocrx_word' id='word_1_205' title='bbox 338 2135 434 2168; x_wconf 85' lang='lat' dir='ltr'><strong>quam</strong></span> <span class='ocrx_word' id='word_1_206' title='bbox 453 2120 588 2175; x_wconf 77' lang='lat' dir='ltr'><strong>Grotius</strong></span> <span class='ocrx_word' id='word_1_207' title='bbox 610 2118 678 2160; x_wconf 84' lang='lat' dir='ltr'><strong>jam</strong></span> <span class='ocrx_word' id='word_1_208' title='bbox 700 2118 734 2149; x_wconf 87' lang='lat' dir='ltr'><strong>in</strong></span> <span class='ocrx_word' id='word_1_209' title='bbox 759 2117 900 2160; x_wconf 82' lang='lat' dir='ltr'><strong>margine</strong></span> <span class='ocrx_word' id='word_1_210' title='bbox 925 2122 1013 2148; x_wconf 86' lang='lat' dir='ltr'><strong>nota—</strong></span> 
     </span>
     <span class='ocr_line' id='line_1_33' title="bbox 60 2182 1012 2230; baseline -0.013 -5"><span class='ocrx_word' id='word_1_211' title='bbox 60 2196 165 2230; x_wconf 77' lang='lat' dir='ltr'><strong>verat,</strong></span> <span class='ocrx_word' id='word_1_212' title='bbox 193 2202 210 2222; x_wconf 91' lang='lat' dir='ltr'><strong>e</strong></span> <span class='ocrx_word' id='word_1_213' title='bbox 238 2189 321 2221; x_wconf 88' lang='lat' dir='ltr'><strong>libro</strong></span> <span class='ocrx_word' id='word_1_214' title='bbox 357 2199 416 2219; x_wconf 88' lang='lat' dir='ltr'><strong>suo</strong></span> <span class='ocrx_word' id='word_1_215' title='bbox 437 2185 633 2220; x_wconf 79' lang='lat' dir='ltr'><strong>Munckerus</strong></span> <span class='ocrx_word' id='word_1_216' title='bbox 666 2183 819 2227; x_wconf 85' lang='lat' dir='ltr'><strong>reposuit.</strong></span> <span class='ocrx_word' id='word_1_217' title='bbox 851 2182 1012 2224; x_wconf 60' lang='lat' dir='ltr'><strong>vulgatae</strong></span> 
     </span>
     <span class='ocr_line' id='line_1_34' title="bbox 62 2244 1011 2290; baseline -0.013 -3"><span class='ocrx_word' id='word_1_218' title='bbox 62 2255 218 2287; x_wconf 83' lang='lat' dir='ltr'><strong>editiones</strong></span> <span class='ocrx_word' id='word_1_219' title='bbox 238 2252 316 2284; x_wconf 84' lang='lat' dir='ltr'><strong>satis</strong></span> <span class='ocrx_word' id='word_1_220' title='bbox 340 2249 485 2282; x_wconf 85' lang='lat' dir='ltr'><strong>taediosa</strong></span> <span class='ocrx_word' id='word_1_221' title='bbox 505 2247 682 2289; x_wconf 81' lang='lat' dir='ltr'><strong>tautologia</strong></span> <span class='ocrx_word' id='word_1_222' title='bbox 699 2256 872 2290; x_wconf 81' lang='lat' dir='ltr'><strong>properare</strong></span> <span class='ocrx_word' id='word_1_223' title='bbox 892 2244 1011 2287; x_wconf 84' lang='lat' dir='ltr'><strong>legunt.</strong></span> 
     </span>
     <span class='ocr_line' id='line_1_35' title="bbox 59 2307 1012 2357; baseline -0.012 -9"><span class='ocrx_word' id='word_1_224' title='bbox 59 2315 148 2350; x_wconf 76' lang='lat' dir='ltr'><strong>Nihil</strong></span> <span class='ocrx_word' id='word_1_225' title='bbox 166 2315 266 2357; x_wconf 83' lang='lat' dir='ltr'><strong>magis</strong></span> <span class='ocrx_word' id='word_1_226' title='bbox 288 2319 399 2345; x_wconf 85' lang='lat' dir='ltr'><strong>nostro</strong></span> <span class='ocrx_word' id='word_1_227' title='bbox 415 2313 669 2356; x_wconf 79' lang='lat' dir='ltr'><strong>frequentatum,</strong></span> <span class='ocrx_word' id='word_1_228' title='bbox 693 2320 788 2353; x_wconf 85' lang='lat' dir='ltr'><strong>quam</strong></span> <span class='ocrx_word' id='word_1_229' title='bbox 805 2307 886 2351; x_wconf 72' lang='lat' dir='ltr'><strong>fari,</strong></span> <span class='ocrx_word' id='word_1_230' title='bbox 908 2307 1012 2350; x_wconf 77' lang='lat' dir='ltr'><strong>fatus,</strong></span> 
     </span>
     <span class='ocr_line' id='line_1_36' title="bbox 58 2370 1011 2422; baseline -0.01 -11"><span class='ocrx_word' id='word_1_231' title='bbox 58 2377 187 2422; x_wconf 75' lang='lat' dir='ltr'><strong>profata</strong></span> <span class='ocrx_word' id='word_1_232' title='bbox 213 2382 272 2410; x_wconf 85' lang='lat' dir='ltr'><strong>eet.</strong></span> <span class='ocrx_word' id='word_1_233' title='bbox 299 2376 401 2409; x_wconf 70' lang='lat' dir='ltr'><strong>Gonz.</strong></span> <span class='ocrx_word' id='word_1_234' title='bbox 424 2392 473 2398; x_wconf 91' lang='lat'>-</span> <span class='ocrx_word' id='word_1_235' title='bbox 498 2373 676 2417; x_wconf 85' lang='lat' dir='ltr'><strong>Equidem,</strong></span> <span class='ocrx_word' id='word_1_236' title='bbox 712 2370 858 2416; x_wconf 64' lang='lat' dir='ltr'><strong>quamris</strong></span> <span class='ocrx_word' id='word_1_237' title='bbox 890 2371 1011 2402; x_wconf 88' lang='lat' dir='ltr'><strong>Bodle-</strong></span> 
     </span>
     <span class='ocr_line' id='line_1_37' title="bbox 56 2435 1011 2485; baseline -0.009 -11"><span class='ocrx_word' id='word_1_238' title='bbox 56 2443 153 2485; x_wconf 87' lang='lat' dir='ltr'><strong>janus</strong></span> <span class='ocrx_word' id='word_1_239' title='bbox 174 2440 294 2485; x_wconf 85' lang='lat' dir='ltr'><strong>primus</strong></span> <span class='ocrx_word' id='word_1_240' title='bbox 317 2445 349 2472; x_wconf 89' lang='lat' dir='ltr'><strong>et</strong></span> <span class='ocrx_word' id='word_1_241' title='bbox 367 2437 641 2480; x_wconf 80' lang='lat' dir='ltr'><strong>Cantabrigiensis</strong></span> <span class='ocrx_word' id='word_1_242' title='bbox 662 2448 760 2480; x_wconf 81' lang='lat' dir='ltr'><strong>prope</strong></span> <span class='ocrx_word' id='word_1_243' title='bbox 777 2435 847 2480; x_wconf 73' lang='lat' dir='ltr'><strong>fari</strong></span> <span class='ocrx_word' id='word_1_244' title='bbox 863 2435 1011 2476; x_wconf 85' lang='lat' dir='ltr'><strong>habeant,</strong></span> 
     </span>
     <span class='ocr_line' id='line_1_38' title="bbox 59 2499 1011 2546; baseline -0.007 -10"><span class='ocrx_word' id='word_1_245' title='bbox 59 2504 220 2546; x_wconf 71' lang='lat' dir='ltr'><strong>vulgatam</strong></span> <span class='ocrx_word' id='word_1_246' title='bbox 238 2508 343 2534; x_wconf 85' lang='lat' dir='ltr'><strong>tamen</strong></span> <span class='ocrx_word' id='word_1_247' title='bbox 362 2501 479 2534; x_wconf 86' lang='lat' dir='ltr'><strong>retinui</strong></span> <span class='ocrx_word' id='word_1_248' title='bbox 499 2500 688 2539; x_wconf 76' lang='lat' dir='ltr'><strong>lectionem,</strong></span> <span class='ocrx_word' id='word_1_249' title='bbox 714 2499 884 2530; x_wconf 75' lang='lat' dir='ltr'><strong>arbitratus</strong></span> <span class='ocrx_word' id='word_1_250' title='bbox 905 2509 1011 2542; x_wconf 88' lang='lat' dir='ltr'><strong>neque</strong></span> 
     </span>
    </p>
   </div>
   <div class='ocr_carea' id='block_1_11' title="bbox 60 2560 1010 2608">
    <p class='ocr_par' dir='ltr' id='par_1_12' title="bbox 60 2560 1010 2608">
     <span class='ocr_line' id='line_1_39' title="bbox 60 2560 1010 2608; baseline -0.005 -9"><span class='ocrx_word' id='word_1_251' title='bbox 60 2566 246 2606; x_wconf 79' lang='lat' dir='ltr'><strong>Bai-thium,</strong></span> <span class='ocrx_word' id='word_1_252' title='bbox 274 2576 378 2608; x_wconf 80' lang='lat' dir='ltr'><strong>neque</strong></span> <span class='ocrx_word' id='word_1_253' title='bbox 407 2563 565 2597; x_wconf 82' lang='lat' dir='ltr'><strong>Goezium</strong></span> <span class='ocrx_word' id='word_1_254' title='bbox 595 2562 811 2604; x_wconf 73' lang='lat' dir='ltr'><strong>intellexisse,</strong></span> <span class='ocrx_word' id='word_1_255' title='bbox 839 2574 921 2608; x_wconf 83' lang='lat' dir='ltr'><strong>quae</strong></span> <span class='ocrx_word' id='word_1_256' title='bbox 949 2560 1010 2594; x_wconf 88' lang='lat' dir='ltr'><strong>sibi</strong></span> 
     </span>
    </p>
   </div>
   <div class='ocr_carea' id='block_1_12' title="bbox 371 402 2034 463">
    <p class='ocr_par' dir='ltr' id='par_1_13' title="bbox 371 402 2034 463">
     <span class='ocr_line' id='line_1_40' title="bbox 371 402 2034 463; baseline 0.003 -20"><span class='ocrx_word' id='word_1_257' title='bbox 371 402 435 444; x_wconf 88' lang='lat' dir='ltr'><strong>Ac</strong></span> <span class='ocrx_word' id='word_1_258' title='bbox 475 412 578 444; x_wconf 87' lang='lat' dir='ltr'><strong>tunc</strong></span> <span class='ocrx_word' id='word_1_259' title='bbox 616 417 820 458; x_wconf 85' lang='lat' dir='ltr'><strong>germano</strong></span> <span class='ocrx_word' id='word_1_260' title='bbox 852 402 896 444; x_wconf 89' lang='lat' dir='ltr'><strong>in</strong></span> <span class='ocrx_word' id='word_1_261' title='bbox 926 402 1226 459; x_wconf 84' lang='lat' dir='ltr'><strong>participatum</strong></span> <span class='ocrx_word' id='word_1_262' title='bbox 1265 403 1403 462; x_wconf 84' lang='lat' dir='ltr'><strong>operis</strong></span> <span class='ocrx_word' id='word_1_263' title='bbox 1444 418 1778 460; x_wconf 83' lang='lat' dir='ltr'><strong>consessumque</strong></span> <span class='ocrx_word' id='word_1_264' title='bbox 1816 416 2034 463; x_wconf 86' lang='lat' dir='ltr'><strong>suscepto,</strong></span> 
     </span>
    </p>
   </div>
   <div class='ocr_carea' id='block_1_13' title="bbox 1061 616 2031 2344">
    <p class='ocr_par' dir='ltr' id='par_1_14' title="bbox 1075 616 2031 1025">
     <span class='ocr_line' id='line_1_41' title="bbox 1081 616 2030 662; baseline 0.002 -13"><span class='ocrx_word' id='word_1_265' title='bbox 1081 617 1114 650; x_wconf 91' lang='lat' dir='ltr'><strong>in</strong></span> <span class='ocrx_word' id='word_1_266' title='bbox 1138 618 1196 650; x_wconf 87' lang='lat' dir='ltr'><strong>hac</strong></span> <span class='ocrx_word' id='word_1_267' title='bbox 1218 617 1348 662; x_wconf 88' lang='lat' dir='ltr'><strong>periodo</strong></span> <span class='ocrx_word' id='word_1_268' title='bbox 1371 616 1434 648; x_wconf 87' lang='lat' dir='ltr'><strong>siut</strong></span> <span class='ocrx_word' id='word_1_269' title='bbox 1454 616 1611 660; x_wconf 83' lang='lat' dir='ltr'><strong>opposita.</strong></span> <span class='ocrx_word' id='word_1_270' title='bbox 1638 616 1794 650; x_wconf 74' lang='lat' dir='ltr'><strong>Conseras</strong></span> <span class='ocrx_word' id='word_1_271' title='bbox 1816 620 1909 651; x_wconf 66' lang='lat' dir='ltr'><strong>velim</strong></span> <span class='ocrx_word' id='word_1_272' title='bbox 1934 631 2030 651; x_wconf 81' lang='lat' dir='ltr'><strong>anno-</strong></span> 
     </span>
     <span class='ocr_line' id='line_1_42' title="bbox 1080 680 2031 726; baseline 0.002 -14"><span class='ocrx_word' id='word_1_273' title='bbox 1080 681 1250 722; x_wconf 84' lang='lat' dir='ltr'><strong>tationem,</strong></span> <span class='ocrx_word' id='word_1_274' title='bbox 1278 693 1359 725; x_wconf 87' lang='lat' dir='ltr'><strong>quac</strong></span> <span class='ocrx_word' id='word_1_275' title='bbox 1382 680 1536 724; x_wconf 85' lang='lat' dir='ltr'><strong>sequitur.</strong></span> <span class='ocrx_word' id='word_1_276' title='bbox 1578 681 1749 713; x_wconf 82' lang='lat' dir='ltr'><strong>Praeterea</strong></span> <span class='ocrx_word' id='word_1_277' title='bbox 1776 695 1871 726; x_wconf 80' lang='lat' dir='ltr'><strong>quem</strong></span> <span class='ocrx_word' id='word_1_278' title='bbox 1901 695 2031 714; x_wconf 81' lang='lat' dir='ltr'><strong>sensum</strong></span> 
     </span>
     <span class='ocr_line' id='line_1_43' title="bbox 1081 742 2029 785; baseline 0.002 -11"><span class='ocrx_word' id='word_1_279' title='bbox 1081 742 1224 774; x_wconf 75' lang='lat' dir='ltr'><strong>Goezius</strong></span> <span class='ocrx_word' id='word_1_280' title='bbox 1260 743 1404 774; x_wconf 88' lang='lat' dir='ltr'><strong>tribuerit</strong></span> <span class='ocrx_word' id='word_1_281' title='bbox 1436 742 1541 773; x_wconf 73' lang='lat' dir='ltr'><strong>verbis</strong></span> <span class='ocrx_word' id='word_1_282' title='bbox 1571 742 1621 773; x_wconf 82' lang='lat' dir='ltr'><strong>uin</strong></span> <span class='ocrx_word' id='word_1_283' title='bbox 1652 744 1787 773; x_wconf 69' lang='lat' dir='ltr'><strong>officium</strong></span> <span class='ocrx_word' id='word_1_284' title='bbox 1818 744 1892 774; x_wconf 73' lang='lat' dir='ltr'><strong>sari«</strong></span> <span class='ocrx_word' id='word_1_285' title='bbox 1924 756 2029 785; x_wconf 80' lang='lat' dir='ltr'><strong>nemo,</strong></span> 
     </span>
     <span class='ocr_line' id='line_1_44' title="bbox 1079 803 2029 848; baseline 0.003 -13"><span class='ocrx_word' id='word_1_286' title='bbox 1079 810 1176 848; x_wconf 74' lang='lat' dir='ltr'><strong>puto,</strong></span> <span class='ocrx_word' id='word_1_287' title='bbox 1201 804 1371 848; x_wconf 81' lang='lat' dir='ltr'><strong>quisquam</strong></span> <span class='ocrx_word' id='word_1_288' title='bbox 1390 803 1571 848; x_wconf 83' lang='lat' dir='ltr'><strong>perspiciet.</strong></span> <span class='ocrx_word' id='word_1_289' title='bbox 1598 803 1711 835; x_wconf 77' lang='lat' dir='ltr'><strong>Codex</strong></span> <span class='ocrx_word' id='word_1_290' title='bbox 1726 803 1931 836; x_wconf 70' lang='lat' dir='ltr'><strong>Britannicus</strong></span> <span class='ocrx_word' id='word_1_291' title='bbox 1949 808 2029 838; x_wconf 83' lang='lat' dir='ltr'><strong>male</strong></span> 
     </span>
     <span class='ocr_line' id='line_1_45' title="bbox 1078 867 2029 912; baseline 0.001 -13"><span class='ocrx_word' id='word_1_292' title='bbox 1078 869 1173 900; x_wconf 85' lang='lat' dir='ltr'><strong>etiam</strong></span> <span class='ocrx_word' id='word_1_293' title='bbox 1189 879 1306 912; x_wconf 88' lang='lat' dir='ltr'><strong>»prope</strong></span> <span class='ocrx_word' id='word_1_294' title='bbox 1323 867 1470 911; x_wconf 77' lang='lat' dir='ltr'><strong>facere«,</strong></span> <span class='ocrx_word' id='word_1_295' title='bbox 1490 872 1522 898; x_wconf 91' lang='lat' dir='ltr'><strong>et</strong></span> <span class='ocrx_word' id='word_1_296' title='bbox 1542 867 1622 898; x_wconf 77' lang='lat' dir='ltr'><strong>illud</strong></span> <span class='ocrx_word' id='word_1_297' title='bbox 1640 880 1754 910; x_wconf 80' lang='lat' dir='ltr'><strong>»prope</strong></span> <span class='ocrx_word' id='word_1_298' title='bbox 1769 868 1875 910; x_wconf 70' lang='lat' dir='ltr'><strong>sin-i«,</strong></span> <span class='ocrx_word' id='word_1_299' title='bbox 1895 870 1980 911; x_wconf 83' lang='lat' dir='ltr'><strong>qnod</strong></span> <span class='ocrx_word' id='word_1_300' title='bbox 1999 870 2029 900; x_wconf 91' lang='lat' dir='ltr'><strong>in</strong></span> 
     </span>
     <span class='ocr_line' id='line_1_46' title="bbox 1076 928 2030 976; baseline 0.001 -15"><span class='ocrx_word' id='word_1_301' title='bbox 1076 930 1335 962; x_wconf 81' lang='lat' dir='ltr'><strong>Reichenauensi</strong></span> <span class='ocrx_word' id='word_1_302' title='bbox 1357 934 1442 969; x_wconf 88' lang='lat' dir='ltr'><strong>erat,</strong></span> <span class='ocrx_word' id='word_1_303' title='bbox 1473 940 1490 960; x_wconf 89' lang='lat' dir='ltr'><strong>a</strong></span> <span class='ocrx_word' id='word_1_304' title='bbox 1518 928 1620 976; x_wconf 84' lang='lat' dir='ltr'><strong>prima</strong></span> <span class='ocrx_word' id='word_1_305' title='bbox 1647 940 1741 959; x_wconf 82' lang='lat' dir='ltr'><strong>manu</strong></span> <span class='ocrx_word' id='word_1_306' title='bbox 1760 930 1827 970; x_wconf 80' lang='lat' dir='ltr'><strong>jain</strong></span> <span class='ocrx_word' id='word_1_307' title='bbox 1854 936 2030 962; x_wconf 82' lang='lat' dir='ltr'><strong>correctum</strong></span> 
     </span>
     <span class='ocr_line' id='line_1_47' title="bbox 1075 993 1150 1025; baseline 0 0"><span class='ocrx_word' id='word_1_308' title='bbox 1075 993 1150 1025; x_wconf 65' lang='lat' dir='ltr'><strong>vidi.</strong></span> 
     </span>
    </p>

    <p class='ocr_par' dir='ltr' id='par_1_15' title="bbox 1061 1054 2030 2344">
     <span class='ocr_line' id='line_1_48' title="bbox 1147 1054 2028 1101; baseline 0.001 -14"><span class='ocrx_word' id='word_1_309' title='bbox 1147 1054 1240 1101; x_wconf 75' lang='lat' dir='ltr'><strong>ratis]</strong></span> <span class='ocrx_word' id='word_1_310' title='bbox 1271 1055 1406 1088; x_wconf 81' lang='lat' dir='ltr'><strong>Grotius</strong></span> <span class='ocrx_word' id='word_1_311' title='bbox 1433 1054 1577 1087; x_wconf 87' lang='lat' dir='ltr'><strong>ediderat</strong></span> <span class='ocrx_word' id='word_1_312' title='bbox 1602 1057 1682 1087; x_wconf 72' lang='lat' dir='ltr'><strong>saris</strong></span> <span class='ocrx_word' id='word_1_313' title='bbox 1714 1056 1773 1088; x_wconf 87' lang='lat' dir='ltr'><strong>hac</strong></span> <span class='ocrx_word' id='word_1_314' title='bbox 1802 1056 1909 1088; x_wconf 83' lang='lat' dir='ltr'><strong>addita</strong></span> <span class='ocrx_word' id='word_1_315' title='bbox 1935 1063 2028 1088; x_wconf 86' lang='lat' dir='ltr'><strong>nota:</strong></span> 
     </span>
     <span class='ocr_line' id='line_1_49' title="bbox 1074 1119 2029 1164; baseline 0 -13"><span class='ocrx_word' id='word_1_316' title='bbox 1074 1119 1265 1161; x_wconf 73' lang='lat' dir='ltr'><strong>Distinguot</strong></span> <span class='ocrx_word' id='word_1_317' title='bbox 1297 1130 1396 1163; x_wconf 62' lang='lat' dir='ltr'><strong>”quae</strong></span> <span class='ocrx_word' id='word_1_318' title='bbox 1422 1119 1498 1150; x_wconf 87' lang='lat' dir='ltr'><strong>licet</strong></span> <span class='ocrx_word' id='word_1_319' title='bbox 1521 1119 1554 1150; x_wconf 87' lang='lat' dir='ltr'><strong>in</strong></span> <span class='ocrx_word' id='word_1_320' title='bbox 1575 1120 1766 1161; x_wconf 77' lang='lat' dir='ltr'><strong>Majugeuae</strong></span> <span class='ocrx_word' id='word_1_321' title='bbox 1792 1120 1928 1151; x_wconf 87' lang='lat' dir='ltr'><strong>officium</strong></span> <span class='ocrx_word' id='word_1_322' title='bbox 1956 1131 2029 1164; x_wconf 84' lang='lat' dir='ltr'><strong>pro-</strong></span> 
     </span>
     <span class='ocr_line' id='line_1_50' title="bbox 1074 1182 2029 1226; baseline 0.001 -13"><span class='ocrx_word' id='word_1_323' title='bbox 1074 1195 1185 1226; x_wconf 82' lang='lat' dir='ltr'><strong>perare</strong></span> <span class='ocrx_word' id='word_1_324' title='bbox 1217 1183 1402 1214; x_wconf 63' lang='lat' dir='ltr'><strong>viderentur</strong></span> <span class='ocrx_word' id='word_1_325' title='bbox 1435 1184 1535 1221; x_wconf 62' lang='lat' dir='ltr'><strong>satis,</strong></span> <span class='ocrx_word' id='word_1_326' title='bbox 1575 1187 1680 1213; x_wconf 89' lang='lat' dir='ltr'><strong>tamen</strong></span> <span class='ocrx_word' id='word_1_327' title='bbox 1712 1182 1892 1213; x_wconf 79' lang='lat' dir='ltr'><strong>incessibus</strong></span> <span class='ocrx_word' id='word_1_328' title='bbox 1922 1194 2029 1214; x_wconf 68' lang='lat' dir='ltr'><strong>moxe-</strong></span> 
     </span>
     <span class='ocr_line' id='line_1_51' title="bbox 1073 1243 2029 1288; baseline -0.001 -12"><span class='ocrx_word' id='word_1_329' title='bbox 1073 1245 1216 1277; x_wconf 70' lang='lat' dir='ltr'><strong>hautun«</strong></span> <span class='ocrx_word' id='word_1_330' title='bbox 1242 1268 1245 1271; x_wconf 85' lang='lat'><strong>.</strong></span> <span class='ocrx_word' id='word_1_331' title='bbox 1266 1244 1418 1276; x_wconf 86' lang='lat' dir='ltr'><strong>Incessus</strong></span> <span class='ocrx_word' id='word_1_332' title='bbox 1444 1249 1520 1274; x_wconf 86' lang='lat' dir='ltr'><strong>sunt</strong></span> <span class='ocrx_word' id='word_1_333' title='bbox 1543 1254 1656 1284; x_wconf 74' lang='lat' dir='ltr'><strong>graves</strong></span> <span class='ocrx_word' id='word_1_334' title='bbox 1678 1243 1879 1286; x_wconf 75' lang='lat' dir='ltr'><strong>grandesque</strong></span> <span class='ocrx_word' id='word_1_335' title='bbox 1904 1255 2029 1288; x_wconf 83' lang='lat' dir='ltr'><strong>passus.</strong></span> 
     </span>
     <span class='ocr_line' id='line_1_52' title="bbox 1073 1306 2030 1351; baseline -0.001 -11"><span class='ocrx_word' id='word_1_336' title='bbox 1073 1328 1121 1334; x_wconf 91' lang='lat'><strong>—</strong></span> <span class='ocrx_word' id='word_1_337' title='bbox 1146 1308 1319 1349; x_wconf 77' lang='lat' dir='ltr'><strong>Bai-thius,</strong></span> <span class='ocrx_word' id='word_1_338' title='bbox 1347 1313 1383 1339; x_wconf 90' lang='lat' dir='ltr'><strong>ut</strong></span> <span class='ocrx_word' id='word_1_339' title='bbox 1408 1307 1505 1339; x_wconf 88' lang='lat' dir='ltr'><strong>modo</strong></span> <span class='ocrx_word' id='word_1_340' title='bbox 1531 1307 1683 1347; x_wconf 79' lang='lat' dir='ltr'><strong>vidimus,</strong></span> <span class='ocrx_word' id='word_1_341' title='bbox 1724 1306 1803 1349; x_wconf 80' lang='lat' dir='ltr'><strong>legit</strong></span> <span class='ocrx_word' id='word_1_342' title='bbox 1825 1309 1915 1348; x_wconf 81' lang='lat' dir='ltr'><strong>suis,-</strong></span> <span class='ocrx_word' id='word_1_343' title='bbox 1948 1319 2030 1351; x_wconf 82' lang='lat' dir='ltr'><strong>quae</strong></span> 
     </span>
     <span class='ocr_line' id='line_1_53' title="bbox 1073 1370 2029 1416; baseline 0 -13"><span class='ocrx_word' id='word_1_344' title='bbox 1073 1372 1201 1416; x_wconf 87' lang='lat' dir='ltr'><strong>quidem</strong></span> <span class='ocrx_word' id='word_1_345' title='bbox 1225 1372 1321 1404; x_wconf 88' lang='lat' dir='ltr'><strong>lectio</strong></span> <span class='ocrx_word' id='word_1_346' title='bbox 1349 1371 1462 1404; x_wconf 86' lang='lat' dir='ltr'><strong>melior</strong></span> <span class='ocrx_word' id='word_1_347' title='bbox 1492 1376 1559 1403; x_wconf 86' lang='lat' dir='ltr'><strong>erat</strong></span> <span class='ocrx_word' id='word_1_348' title='bbox 1586 1370 1762 1412; x_wconf 76' lang='lat' dir='ltr'><strong>Grotiana,</strong></span> <span class='ocrx_word' id='word_1_349' title='bbox 1796 1383 1859 1415; x_wconf 86' lang='lat' dir='ltr'><strong>qua</strong></span> <span class='ocrx_word' id='word_1_350' title='bbox 1879 1371 2029 1403; x_wconf 73' lang='lat' dir='ltr'><strong>adverbio</strong></span> 
     </span>
     <span class='ocr_line' id='line_1_54' title="bbox 1071 1431 2028 1476; baseline -0.003 -10"><span class='ocrx_word' id='word_1_351' title='bbox 1071 1436 1151 1466; x_wconf 83' lang='lat' dir='ltr'><strong>satis</strong></span> <span class='ocrx_word' id='word_1_352' title='bbox 1186 1433 1407 1465; x_wconf 86' lang='lat' dir='ltr'><strong>incommodus</strong></span> <span class='ocrx_word' id='word_1_353' title='bbox 1439 1432 1625 1473; x_wconf 75' lang='lat' dir='ltr'><strong>adsignatur</strong></span> <span class='ocrx_word' id='word_1_354' title='bbox 1654 1431 1763 1463; x_wconf 88' lang='lat' dir='ltr'><strong>locus:</strong></span> <span class='ocrx_word' id='word_1_355' title='bbox 1798 1433 1855 1463; x_wconf 88' lang='lat' dir='ltr'><strong>sed</strong></span> <span class='ocrx_word' id='word_1_356' title='bbox 1882 1433 2028 1476; x_wconf 76' lang='lat' dir='ltr'><strong>praefero</strong></span> 
     </span>
     <span class='ocr_line' id='line_1_55' title="bbox 1071 1494 2029 1539; baseline -0.001 -12"><span class='ocrx_word' id='word_1_357' title='bbox 1071 1498 1165 1535; x_wconf 80' lang='lat' dir='ltr'><strong>ratis,</strong></span> <span class='ocrx_word' id='word_1_358' title='bbox 1189 1496 1276 1539; x_wconf 88' lang='lat' dir='ltr'><strong>quod</strong></span> <span class='ocrx_word' id='word_1_359' title='bbox 1296 1496 1427 1527; x_wconf 79' lang='lat' dir='ltr'><strong>Col-tius</strong></span> <span class='ocrx_word' id='word_1_360' title='bbox 1445 1495 1478 1525; x_wconf 90' lang='lat' dir='ltr'><strong>in</strong></span> <span class='ocrx_word' id='word_1_361' title='bbox 1494 1494 1748 1536; x_wconf 63' lang='lat' dir='ltr'><strong>Guelferbytano</strong></span> <span class='ocrx_word' id='word_1_362' title='bbox 1768 1494 1878 1526; x_wconf 88' lang='lat' dir='ltr'><strong>codice</strong></span> <span class='ocrx_word' id='word_1_363' title='bbox 1897 1495 2029 1535; x_wconf 76' lang='lat' dir='ltr'><strong>invenit,</strong></span> 
     </span>
     <span class='ocr_line' id='line_1_56' title="bbox 1071 1556 2028 1600; baseline -0.001 -10"><span class='ocrx_word' id='word_1_364' title='bbox 1071 1565 1157 1590; x_wconf 84' lang='lat' dir='ltr'><strong>recte</strong></span> <span class='ocrx_word' id='word_1_365' title='bbox 1191 1560 1420 1600; x_wconf 83' lang='lat' dir='ltr'><strong>interpretante</strong></span> <span class='ocrx_word' id='word_1_366' title='bbox 1452 1557 1577 1598; x_wconf 79' lang='lat' dir='ltr'><strong>glossa:</strong></span> <span class='ocrx_word' id='word_1_367' title='bbox 1612 1556 1796 1598; x_wconf 74' lang='lat' dir='ltr'><strong>»definili&#39;s.u</strong></span> <span class='ocrx_word' id='word_1_368' title='bbox 1851 1557 2028 1589; x_wconf 80' lang='lat' dir='ltr'><strong>Concinuis</strong></span> 
     </span>
     <span class='ocr_line' id='line_1_57' title="bbox 1071 1616 2026 1659; baseline 0 -10"><span class='ocrx_word' id='word_1_369' title='bbox 1071 1619 1155 1649; x_wconf 77' lang='lat' dir='ltr'><strong>enini</strong></span> <span class='ocrx_word' id='word_1_370' title='bbox 1177 1624 1209 1649; x_wconf 94' lang='lat' dir='ltr'><strong>et</strong></span> <span class='ocrx_word' id='word_1_371' title='bbox 1228 1618 1327 1659; x_wconf 89' lang='lat' dir='ltr'><strong>aptis,</strong></span> <span class='ocrx_word' id='word_1_372' title='bbox 1356 1618 1407 1648; x_wconf 65' lang='lat' dir='ltr'><strong>vcl</strong></span> <span class='ocrx_word' id='word_1_373' title='bbox 1433 1617 1538 1647; x_wconf 83' lang='lat' dir='ltr'><strong>minus</strong></span> <span class='ocrx_word' id='word_1_374' title='bbox 1563 1616 1679 1647; x_wconf 87' lang='lat' dir='ltr'><strong>Latine</strong></span> <span class='ocrx_word' id='word_1_375' title='bbox 1705 1619 1955 1659; x_wconf 71' lang='lat' dir='ltr'><strong>proportionalis</strong></span> <span class='ocrx_word' id='word_1_376' title='bbox 1980 1619 2026 1649; x_wconf 90' lang='lat' dir='ltr'><strong>in-</strong></span> 
     </span>
     <span class='ocr_line' id='line_1_58' title="bbox 1071 1679 2028 1723; baseline 0.001 -11"><span class='ocrx_word' id='word_1_377' title='bbox 1071 1682 1215 1712; x_wconf 67' lang='lat' dir='ltr'><strong>cessibus</strong></span> <span class='ocrx_word' id='word_1_378' title='bbox 1245 1680 1364 1711; x_wconf 71' lang='lat' dir='ltr'><strong>moveri</strong></span> <span class='ocrx_word' id='word_1_379' title='bbox 1393 1680 1503 1711; x_wconf 68' lang='lat' dir='ltr'><strong>Musas</strong></span> <span class='ocrx_word' id='word_1_380' title='bbox 1535 1679 1616 1709; x_wconf 76' lang='lat' dir='ltr'><strong>dixit</strong></span> <span class='ocrx_word' id='word_1_381' title='bbox 1645 1684 1771 1719; x_wconf 85' lang='lat' dir='ltr'><strong>noster,</strong></span> <span class='ocrx_word' id='word_1_382' title='bbox 1808 1686 1844 1710; x_wconf 90' lang='lat' dir='ltr'><strong>ut</strong></span> <span class='ocrx_word' id='word_1_383' title='bbox 1870 1681 2028 1723; x_wconf 82' lang='lat' dir='ltr'><strong>mitigaret</strong></span> 
     </span>
     <span class='ocr_line' id='line_1_59' title="bbox 1070 1742 2027 1785; baseline -0.001 -11"><span class='ocrx_word' id='word_1_384' title='bbox 1070 1743 1212 1782; x_wconf 68' lang='lat' dir='ltr'><strong>verbum,</strong></span> <span class='ocrx_word' id='word_1_385' title='bbox 1239 1754 1302 1785; x_wconf 87' lang='lat' dir='ltr'><strong>quo</strong></span> <span class='ocrx_word' id='word_1_386' title='bbox 1321 1747 1414 1772; x_wconf 87' lang='lat' dir='ltr'><strong>antea</strong></span> <span class='ocrx_word' id='word_1_387' title='bbox 1433 1752 1511 1771; x_wconf 76' lang='lat' dir='ltr'><strong>usus</strong></span> <span class='ocrx_word' id='word_1_388' title='bbox 1535 1746 1613 1780; x_wconf 81' lang='lat' dir='ltr'><strong>erat,</strong></span> <span class='ocrx_word' id='word_1_389' title='bbox 1639 1752 1821 1783; x_wconf 66' lang='lat' dir='ltr'><strong>properare.</strong></span> <span class='ocrx_word' id='word_1_390' title='bbox 1842 1742 2027 1785; x_wconf 71' lang='lat' dir='ltr'><strong>perperam,</strong></span> 
     </span>
     <span class='ocr_line' id='line_1_60' title="bbox 1069 1802 2026 1847; baseline 0.002 -12"><span class='ocrx_word' id='word_1_391' title='bbox 1069 1810 1105 1835; x_wconf 87' lang='lat' dir='ltr'><strong>ut</strong></span> <span class='ocrx_word' id='word_1_392' title='bbox 1131 1804 1206 1836; x_wconf 86' lang='lat' dir='ltr'><strong>mihi</strong></span> <span class='ocrx_word' id='word_1_393' title='bbox 1235 1804 1363 1847; x_wconf 86' lang='lat' dir='ltr'><strong>quidem</strong></span> <span class='ocrx_word' id='word_1_394' title='bbox 1392 1802 1535 1842; x_wconf 59' lang='lat' dir='ltr'><strong>ridetur,</strong></span> <span class='ocrx_word' id='word_1_395' title='bbox 1577 1807 1687 1834; x_wconf 80' lang='lat' dir='ltr'><strong>ratum</strong></span> <span class='ocrx_word' id='word_1_396' title='bbox 1719 1803 1803 1846; x_wconf 89' lang='lat' dir='ltr'><strong>apud</strong></span> <span class='ocrx_word' id='word_1_397' title='bbox 1837 1803 2026 1837; x_wconf 83' lang='lat' dir='ltr'><strong>Ciceronem</strong></span> 
     </span>
     <span class='ocr_line' id='line_1_61' title="bbox 1069 1862 2026 1910; baseline 0 -13"><span class='ocrx_word' id='word_1_398' title='bbox 1069 1866 1121 1910; x_wconf 72' lang='lat' dir='ltr'><strong>(N.</strong></span> <span class='ocrx_word' id='word_1_399' title='bbox 1148 1866 1190 1898; x_wconf 89' lang='lat' dir='ltr'><strong>D.</strong></span> <span class='ocrx_word' id='word_1_400' title='bbox 1212 1866 1247 1906; x_wconf 74' lang='lat'><strong>2,</strong></span> <span class='ocrx_word' id='word_1_401' title='bbox 1272 1866 1321 1897; x_wconf 84' lang='lat'><strong>57</strong></span> <span class='ocrx_word' id='word_1_402' title='bbox 1347 1869 1379 1895; x_wconf 86' lang='lat' dir='ltr'><strong>et</strong></span> <span class='ocrx_word' id='word_1_403' title='bbox 1401 1862 1463 1906; x_wconf 82' lang='lat'><strong>58)</strong></span> <span class='ocrx_word' id='word_1_404' title='bbox 1486 1863 1737 1907; x_wconf 67' lang='lat' dir='ltr'><strong>interpretantur</strong></span> <span class='ocrx_word' id='word_1_405' title='bbox 1763 1871 1885 1896; x_wconf 73' lang='lat' dir='ltr'><strong>cet-lum</strong></span> <span class='ocrx_word' id='word_1_406' title='bbox 1914 1871 1946 1897; x_wconf 89' lang='lat' dir='ltr'><strong>et</strong></span> <span class='ocrx_word' id='word_1_407' title='bbox 1970 1867 2026 1897; x_wconf 75' lang='lat' dir='ltr'><strong>im-</strong></span> 
     </span>
     <span class='ocr_line' id='line_1_62' title="bbox 1067 1927 2024 1971; baseline -0.001 -10"><span class='ocrx_word' id='word_1_408' title='bbox 1067 1930 1226 1961; x_wconf 75' lang='lat' dir='ltr'><strong>mutabile.</strong></span> <span class='ocrx_word' id='word_1_409' title='bbox 1251 1929 1371 1960; x_wconf 80' lang='lat' dir='ltr'><strong>Ratum</strong></span> <span class='ocrx_word' id='word_1_410' title='bbox 1387 1940 1405 1959; x_wconf 84' lang='lat' dir='ltr'><strong>a</strong></span> <span class='ocrx_word' id='word_1_411' title='bbox 1429 1939 1503 1959; x_wconf 83' lang='lat' dir='ltr'><strong>reor</strong></span> <span class='ocrx_word' id='word_1_412' title='bbox 1524 1927 1653 1971; x_wconf 87' lang='lat' dir='ltr'><strong>quidem</strong></span> <span class='ocrx_word' id='word_1_413' title='bbox 1688 1933 1754 1967; x_wconf 76' lang='lat' dir='ltr'><strong>est,</strong></span> <span class='ocrx_word' id='word_1_414' title='bbox 1785 1928 1840 1959; x_wconf 79' lang='lat' dir='ltr'><strong>scd</strong></span> <span class='ocrx_word' id='word_1_415' title='bbox 1868 1941 1906 1960; x_wconf 91' lang='lat' dir='ltr'><strong>eo</strong></span> <span class='ocrx_word' id='word_1_416' title='bbox 1928 1942 2024 1960; x_wconf 87' lang='lat' dir='ltr'><strong>sensu</strong></span> 
     </span>
     <span class='ocr_line' id='line_1_63' title="bbox 1067 1991 2024 2037; baseline -0.001 -12"><span class='ocrx_word' id='word_1_417' title='bbox 1067 2006 1131 2037; x_wconf 91' lang='lat' dir='ltr'><strong>quo</strong></span> <span class='ocrx_word' id='word_1_418' title='bbox 1160 1996 1318 2025; x_wconf 75' lang='lat' dir='ltr'><strong>rationem</strong></span> <span class='ocrx_word' id='word_1_419' title='bbox 1340 1994 1431 2031; x_wconf 81' lang='lat' dir='ltr'><strong>ineo,</strong></span> <span class='ocrx_word' id='word_1_420' title='bbox 1457 1997 1624 2034; x_wconf 81' lang='lat' dir='ltr'><strong>computo,</strong></span> <span class='ocrx_word' id='word_1_421' title='bbox 1652 1991 1817 2032; x_wconf 75' lang='lat' dir='ltr'><strong>signifieat.</strong></span> <span class='ocrx_word' id='word_1_422' title='bbox 1871 1991 2024 2024; x_wconf 81' lang='lat' dir='ltr'><strong>Germani</strong></span> 
     </span>
     <span class='ocr_line' id='line_1_64' title="bbox 1066 2051 2021 2097; baseline -0.001 -10"><span class='ocrx_word' id='word_1_423' title='bbox 1066 2056 1176 2087; x_wconf 88' lang='lat' dir='ltr'><strong>dicunt</strong></span> <span class='ocrx_word' id='word_1_424' title='bbox 1195 2055 1363 2087; x_wconf 79' lang='lat' dir='ltr'><strong>bereclmet</strong></span> <span class='ocrx_word' id='word_1_425' title='bbox 1373 2077 1386 2093; x_wconf 86' lang='lat'><strong>,</strong></span> <span class='ocrx_word' id='word_1_426' title='bbox 1410 2053 1444 2084; x_wconf 91' lang='lat' dir='ltr'><strong>id</strong></span> <span class='ocrx_word' id='word_1_427' title='bbox 1467 2052 1555 2097; x_wconf 86' lang='lat' dir='ltr'><strong>quod</strong></span> <span class='ocrx_word' id='word_1_428' title='bbox 1579 2051 1688 2094; x_wconf 79' lang='lat' dir='ltr'><strong>glossa</strong></span> <span class='ocrx_word' id='word_1_429' title='bbox 1708 2053 1820 2084; x_wconf 81' lang='lat' dir='ltr'><strong>babet:</strong></span> <span class='ocrx_word' id='word_1_430' title='bbox 1849 2054 2021 2096; x_wconf 74' lang='lat' dir='ltr'><strong>definitum.</strong></span> 
     </span>
     <span class='ocr_line' id='line_1_65' title="bbox 1065 2116 2022 2163; baseline -0.001 -12"><span class='ocrx_word' id='word_1_431' title='bbox 1065 2119 1233 2152; x_wconf 63' lang='lat' dir='ltr'><strong>Vitruvius</strong></span> <span class='ocrx_word' id='word_1_432' title='bbox 1257 2118 1305 2163; x_wconf 82' lang='lat'><strong>(5,</strong></span> <span class='ocrx_word' id='word_1_433' title='bbox 1328 2117 1379 2162; x_wconf 78' lang='lat'><strong>1):</strong></span> <span class='ocrx_word' id='word_1_434' title='bbox 1401 2116 1591 2160; x_wconf 81' lang='lat' dir='ltr'><strong>»Proportio</strong></span> <span class='ocrx_word' id='word_1_435' title='bbox 1617 2122 1666 2147; x_wconf 89' lang='lat' dir='ltr'><strong>est</strong></span> <span class='ocrx_word' id='word_1_436' title='bbox 1689 2122 1780 2147; x_wconf 58' lang='lat' dir='ltr'><strong>raiae</strong></span> <span class='ocrx_word' id='word_1_437' title='bbox 1803 2117 1902 2160; x_wconf 78' lang='lat' dir='ltr'><strong>partis</strong></span> <span class='ocrx_word' id='word_1_438' title='bbox 1926 2130 2022 2150; x_wconf 74' lang='lat' dir='ltr'><strong>niem-</strong></span> 
     </span>
     <span class='ocr_line' id='line_1_66' title="bbox 1063 2177 2014 2222; baseline -0.005 -9"><span class='ocrx_word' id='word_1_439' title='bbox 1063 2183 1193 2214; x_wconf 91' lang='lat' dir='ltr'><strong>brorum</strong></span> <span class='ocrx_word' id='word_1_440' title='bbox 1216 2181 1250 2213; x_wconf 89' lang='lat' dir='ltr'><strong>in</strong></span> <span class='ocrx_word' id='word_1_441' title='bbox 1277 2179 1363 2212; x_wconf 87' lang='lat' dir='ltr'><strong>omni</strong></span> <span class='ocrx_word' id='word_1_442' title='bbox 1390 2190 1504 2222; x_wconf 89' lang='lat' dir='ltr'><strong>opere,</strong></span> <span class='ocrx_word' id='word_1_443' title='bbox 1543 2177 1706 2222; x_wconf 80' lang='lat' dir='ltr'><strong>totiusque</strong></span> <span class='ocrx_word' id='word_1_444' title='bbox 1740 2179 2014 2212; x_wconf 59' lang='lat' dir='ltr'><strong>commodulatio..</strong></span> 
     </span>
     <span class='ocr_line' id='line_1_67' title="bbox 1062 2239 2020 2284; baseline -0.006 -8"><span class='ocrx_word' id='word_1_445' title='bbox 1062 2243 1112 2276; x_wconf 75' lang='lat' dir='ltr'><strong>Ne</strong></span> <span class='ocrx_word' id='word_1_446' title='bbox 1130 2255 1206 2275; x_wconf 74' lang='lat' dir='ltr'><strong>vero</strong></span> <span class='ocrx_word' id='word_1_447' title='bbox 1225 2242 1350 2274; x_wconf 88' lang='lat' dir='ltr'><strong>dubites</strong></span> <span class='ocrx_word' id='word_1_448' title='bbox 1363 2240 1557 2273; x_wconf 74' lang='lat' dir='ltr'><strong>martianum</strong></span> <span class='ocrx_word' id='word_1_449' title='bbox 1570 2240 1632 2271; x_wconf 86' lang='lat' dir='ltr'><strong>hoc</strong></span> <span class='ocrx_word' id='word_1_450' title='bbox 1650 2239 1724 2271; x_wconf 91' lang='lat' dir='ltr'><strong>loeo</strong></span> <span class='ocrx_word' id='word_1_451' title='bbox 1742 2241 1822 2272; x_wconf 76' lang='lat' dir='ltr'><strong>ratis</strong></span> <span class='ocrx_word' id='word_1_452' title='bbox 1841 2241 2020 2284; x_wconf 81' lang='lat' dir='ltr'><strong>scripsisse-</strong></span> 
     </span>
     <span class='ocr_line' id='line_1_68' title="bbox 1061 2303 2018 2344; baseline -0.004 -4"><span class='ocrx_word' id='word_1_453' title='bbox 1061 2307 1228 2340; x_wconf 81' lang='lat' dir='ltr'><strong>inseriores</strong></span> <span class='ocrx_word' id='word_1_454' title='bbox 1265 2306 1375 2337; x_wconf 77' lang='lat' dir='ltr'><strong>confer</strong></span> <span class='ocrx_word' id='word_1_455' title='bbox 1405 2305 1515 2344; x_wconf 89' lang='lat' dir='ltr'><strong>locos,</strong></span> <span class='ocrx_word' id='word_1_456' title='bbox 1555 2303 1610 2334; x_wconf 89' lang='lat' dir='ltr'><strong>ubi</strong></span> <span class='ocrx_word' id='word_1_457' title='bbox 1648 2309 1777 2335; x_wconf 80' lang='lat' dir='ltr'><strong>noster:</strong></span> <span class='ocrx_word' id='word_1_458' title='bbox 1801 2306 1890 2341; x_wconf 70' lang='lat' dir='ltr'><strong>ratis</strong></span> <span class='ocrx_word' id='word_1_459' title='bbox 1916 2305 2018 2336; x_wconf 84' lang='lat' dir='ltr'><strong>modis</strong></span> 
     </span>
    </p>
   </div>
   <div class='ocr_carea' id='block_1_14' title="bbox 1061 2366 2017 2537">
    <p class='ocr_par' dir='ltr' id='par_1_16' title="bbox 1061 2366 2017 2537">
     <span class='ocr_line' id='line_1_69' title="bbox 1061 2366 2017 2416; baseline -0.004 -13"><span class='ocrx_word' id='word_1_460' title='bbox 1061 2371 1103 2416; x_wconf 66' lang='grc' dir='ltr'><strong>(ἓ.</strong></span> <span class='ocrx_word' id='word_1_461' title='bbox 1119 2370 1192 2414; x_wconf 76' lang='grc'>41),</span> <span class='ocrx_word' id='word_1_462' title='bbox 1219 2374 1327 2401; x_wconf 80' lang='lat' dir='ltr'><strong>ratum</strong></span> <span class='ocrx_word' id='word_1_463' title='bbox 1349 2368 1512 2400; x_wconf 86' lang='lat' dir='ltr'><strong>silentium</strong></span> <span class='ocrx_word' id='word_1_464' title='bbox 1535 2366 1576 2411; x_wconf 66' lang='grc' dir='ltr'><strong>(ξ.</strong></span> <span class='ocrx_word' id='word_1_465' title='bbox 1602 2367 1698 2411; x_wconf 80' lang='grc'>117),</span> <span class='ocrx_word' id='word_1_466' title='bbox 1721 2373 1795 2398; x_wconf 78' lang='lat' dir='ltr'><strong>rata</strong></span> <span class='ocrx_word' id='word_1_467' title='bbox 1812 2368 2017 2408; x_wconf 80' lang='lat' dir='ltr'><strong>congruentia</strong></span> 
     </span>
     <span class='ocr_line' id='line_1_70' title="bbox 1064 2427 2014 2479; baseline -0.007 -14"><span class='ocrx_word' id='word_1_468' title='bbox 1064 2432 1105 2479; x_wconf 67' lang='grc' dir='ltr'><strong>(ξ.</strong></span> <span class='ocrx_word' id='word_1_469' title='bbox 1128 2431 1226 2475; x_wconf 88' lang='grc'>909),</span> <span class='ocrx_word' id='word_1_470' title='bbox 1250 2436 1282 2462; x_wconf 84' lang='lat' dir='ltr'><strong>et</strong></span> <span class='ocrx_word' id='word_1_471' title='bbox 1303 2442 1416 2475; x_wconf 84' lang='lat' dir='ltr'><strong>supra:</strong></span> <span class='ocrx_word' id='word_1_472' title='bbox 1436 2431 1502 2462; x_wconf 80' lang='lat' dir='ltr'><strong>rati</strong></span> <span class='ocrx_word' id='word_1_473' title='bbox 1522 2433 1692 2460; x_wconf 89' lang='lat' dir='ltr'><strong>succentus</strong></span> <span class='ocrx_word' id='word_1_474' title='bbox 1711 2427 1752 2472; x_wconf 65' lang='grc' dir='ltr'><strong>(ἓ.</strong></span> <span class='ocrx_word' id='word_1_475' title='bbox 1771 2428 1840 2472; x_wconf 78' lang='grc' dir='ltr'><strong>Η),</strong></span> <span class='ocrx_word' id='word_1_476' title='bbox 1863 2434 1935 2459; x_wconf 78' lang='lat' dir='ltr'><strong>rata</strong></span> <span class='ocrx_word' id='word_1_477' title='bbox 1948 2440 2014 2459; x_wconf 91' lang='lat' dir='ltr'><strong>mo-</strong></span> 
     </span>
     <span class='ocr_line' id='line_1_71' title="bbox 1062 2489 2014 2537; baseline -0.005 -11"><span class='ocrx_word' id='word_1_478' title='bbox 1062 2493 1198 2527; x_wconf 79' lang='lat' dir='ltr'><strong>dificatio</strong></span> <span class='ocrx_word' id='word_1_479' title='bbox 1224 2491 1265 2537; x_wconf 83' lang='lat'><strong>(§.</strong></span> <span class='ocrx_word' id='word_1_480' title='bbox 1284 2493 1343 2536; x_wconf 78' lang='lat'><strong>12)</strong></span> <span class='ocrx_word' id='word_1_481' title='bbox 1370 2491 1543 2524; x_wconf 86' lang='lat' dir='ltr'><strong>identidem</strong></span> <span class='ocrx_word' id='word_1_482' title='bbox 1568 2494 1710 2533; x_wconf 81' lang='lat' dir='ltr'><strong>usurpat,</strong></span> <span class='ocrx_word' id='word_1_483' title='bbox 1732 2495 1764 2520; x_wconf 88' lang='lat' dir='ltr'><strong>et</strong></span> <span class='ocrx_word' id='word_1_484' title='bbox 1784 2489 1837 2520; x_wconf 90' lang='lat' dir='ltr'><strong>ubi</strong></span> <span class='ocrx_word' id='word_1_485' title='bbox 1859 2489 2014 2521; x_wconf 68' lang='lat' dir='ltr'><strong>vocabulo</strong></span> 
     </span>
    </p>
   </div>
   <div class='ocr_carea' id='block_1_15' title="bbox 1061 2551 1928 2602">
    <p class='ocr_par' dir='ltr' id='par_1_17' title="bbox 1061 2551 1928 2602">
     <span class='ocr_line' id='line_1_72' title="bbox 1061 2551 1928 2602; baseline -0.01 -10"><span class='ocrx_word' id='word_1_486' title='bbox 1061 2560 1145 2593; x_wconf 81' lang='lat' dir='ltr'><strong>ratio</strong></span> <span class='ocrx_word' id='word_1_487' title='bbox 1174 2556 1445 2602; x_wconf 84' lang='lat' dir='ltr'><strong>computationem</strong></span> <span class='ocrx_word' id='word_1_488' title='bbox 1469 2554 1620 2596; x_wconf 77' lang='lat' dir='ltr'><strong>intelligit</strong></span> <span class='ocrx_word' id='word_1_489' title='bbox 1637 2552 1678 2598; x_wconf 63' lang='grc' dir='ltr'><strong>(ἓ.</strong></span> <span class='ocrx_word' id='word_1_490' title='bbox 1697 2553 1822 2585; x_wconf 70' lang='grc' dir='ltr'><strong>ΞΜ-</strong></span> <span class='ocrx_word' id='word_1_491' title='bbox 1835 2551 1928 2595; x_wconf 67' lang='lat'><strong>107).</strong></span> 
     </span>
    </p>
   </div>
  </div>
 </body>
</html>
