2310 2860
239 155 323 197 512
808 152 1005 194 Martiani
1044 152 1243 209 Capellae
1281 153 1354 194 lib.
1384 152 1459 194 VI.
1489 155 1520 204 ᾗ.
1542 152 1642 195 621.

243 263 348 318 gusti
379 260 484 310 filio,
514 259 844 314 Hispaniearum
871 260 1049 302 navium
1075 259 1351 315 naufragium
1377 268 1416 300 et
1440 259 1596 314 ejectae
1627 259 1965 315 fragmentorum
1989 262 2197 317 reliquiae

243 354 486 397 pervenere.
553 339 661 381 Item
699 340 875 392 Hanno,
923 341 1030 383 dum
1062 341 1274 382 Punicum
1309 339 1480 382 floreret
1519 340 1774 396 imperium,
1811 339 2091 383 Mauritaniae
2116 343 2199 383 cir-

245 420 359 461 cuitu
389 435 436 461 ac
460 420 614 462 dehine
637 421 860 463 meridiani
885 422 1021 463 flexus
1053 435 1241 463 excursu
1271 420 1314 461 in
1336 420 1518 461 Arabiae
1546 420 1748 461 terminos
1775 420 1942 476 prolixa
1964 420 2199 463 admodum

245 500 512 556 navigatione
543 501 748 556 pervenit.
793 501 1015 542 Cornelius
1044 510 1189 542 auctor
1217 500 1419 552 affirmat,
1456 500 1673 556 quendam
1705 500 1940 542 Eudoxum
1969 500 2199 556 fugientem

242 581 349 636 regis
381 580 549 621 insidias
589 595 640 621 ex
672 580 831 622 Arabia
877 580 920 621 in
952 580 1162 622 Gaditana
1195 582 1437 636 pervenisse
1468 582 1644 637 refugia.
1705 581 1873 623 Caelius
1905 583 2124 638 Antipater
2158 597 2201 623 se

244 660 463 700 hominem
499 660 651 701 vidisse
683 660 926 713 confirmat,
957 663 1031 716 qui
1062 662 1351 719 negotiationis
1383 662 1534 704 ardore
1559 663 1601 703 in
1628 662 1895 718 Aethiopiam
1924 678 1975 703 ex
1999 663 2202 718 Hispania

244 741 500 795 navigasset3
540 741 653 782 idem
685 740 907 783 Cornelius
939 753 1031 798 post
1062 752 1204 799 captos
1235 742 1362 784 Indos
1391 758 1468 798 per
1499 744 1779 785 Germaniam
1814 744 2040 799 navigavit.

315 885 535 934 must-assium]
561 886 610 920 Ita
635 888 761 922 codices
785 889 998 923 Monaeenses
1025 888 1081 934 (A.
1105 889 1147 933 C)
1166 896 1198 922 et

244 948 508 980 Darnistattcnsis
545 961 604 994 pro
635 950 807 996 nazcfi'ctqio
842 952 876 983 in
910 951 1013 985 editis.
1050 952 1198 984 Praestet

241 1014 346 1041 tamen
376 1011 559 1056 naufragia.

315 1071 503 1117 pervenere]
530 1072 579 1104 Ita
601 1073 727 1105 codices
745 1073 1019 1106 Reiehcnauensis
1038 1080 1069 1106 ct
1085 1074 1196 1106 Mona-

1072 1136 1197 1167 Plinius

240 1197 384 1229 brevius:
419 1197 526 1240 »signa
554 1198 682 1230 navium
713 1211 752 1231 ex
776 1199 1047 1244 Hispaniensibus
1073 1200 1197 1231 naufra-

243 1146 355 1166 censes
384 1134 448 1179 (A.
474 1135 522 1177 C)
557 1147 615 1179 pro
638 1143 818 1179 paruerunt
849 1138 883 1168 in
915 1137 1026 1178 editis3

241 1261 301 1302 giis
327 1261 476 1292 dicuntur
499 1260 631 1302 agnitam

260 1346 264 1348 >
317 1322 452 1368 Hanno]
473 1324 576 1366 Cujus
597 1324 692 1356 etiam
708 1321 953 1368 nune'periplus
975 1330 1079 1356 exstat
1098 1324 1198 1356 Grae-

241 1396 289 1418 ce.
327 1384 449 1416 Confer
475 1385 604 1416 omuino
634 1383 842 1417 Gosselinum
861 1386 1067 1429 (recherches
1091 1397 1146 1416 sur
1168 1386 1200 1416 la

240 1459 348 1489 geogr.
378 1449 508 1491 system.
539 1448 595 1480 des
627 1449 757 1481 ancicns
792 1449 832 1483 P.
860 1449 892 1489 I,
926 1461 955 1493 p.
975 1448 1199 1492 (zi—102),

240 1508 462 1541 Saint-Croix
477 1509 521 1554 (in
538 1510 634 1543 Mem.
657 1510 695 1541 de
710 1509 833 1541 I'Acad.
860 1510 916 1541 des
941 1510 1040 1542 Inser.
1056 1511 1094 1542 T.
1119 1509 1199 1553 42),

238 1571 382 1613 Hugium
401 1572 446 1616 (in
464 1585 569 1616 progr.
584 1573 690 1605 Freib.
703 1572 824 1616 1808),
846 1573 1050 1604 Manncrtum
1065 1573 1199 1617 (Geogr.

240 1633 269 1663 d.
293 1632 348 1664 Gr.
372 1645 402 1663 u.
420 1634 461 1664 R.
478 1634 514 1664 T.
539 1634 570 1674 Ι,
590 1646 620 1677 p.
644 1634 693 1665 46
714 1634 832 1676 sequ.)‚
857 1634 1013 1664 Ukcrtum
1036 1634 1086 1677 (T.
1102 1635 1133 1674 Ι,
1161 1635 1200 1665 Ρ.

242 1694 259 1724 1
272 1715 280 1731 ,
304 1706 333 1736 p.
348 1694 393 1725 61
419 1693 535 1738 sequ.)‚
555 1693 766 1725 Lelewclium
788 1694 852 1738 (die
870 1694 1125 1737 Entdeckungen
1145 1695 1201 1726 der

243 1755 420 1797 Carthager
444 1762 505 1789 cte.
531 1769 561 1799 p.
579 1758 623 1788 81
656 1757 769 1801 sequ.).
796 1757 961 1801 Periplum
981 1758 1199 1791 recentissime

242 1818 343 1851 edidit
369 1819 405 1850 F.
432 1819 494 1850 xv.
520 1819 626 1861 Rluge
650 1820 750 1864 (Lips.
772 1820 891 1863 1829).

316 1880 486 1912 Cornelius
514 1880 639 1926 auctor]
667 1882 792 1913 Auctor
820 1883 981 1924 glossema
1004 1888 1063 1914 est.
1098 1881 1200 1926 Quod

242 1945 274 1971 et
294 1941 369 1972 alibi
390 1953 485 1985 saepe
509 1942 665 1985 reperias,
692 1948 727 1974 ut
748 1948 780 1975 et
805 1943 837 1974 in
861 1944 983 1976 scholio
1003 1943 1198 1984 Germanici,

242 2002 275 2033 in
298 2001 415 2033 Cancri
442 2003 563 2034 sabula:
586 2008 640 2034 »ut
664 2004 821 2046 Panyasis
837 2011 949 2037 auctor
964 2005 1048 2036 dicit.
1057 2020 1068 2033 (ι
1093 2005 1197 2037 GnoT.

242 2083 289 2087 —
316 2063 385 2097 Sed
414 2065 514 2109 ipsius
546 2065 644 2097 Plinii
672 2066 768 2097 verba
797 2073 871 2098 sunt
895 2067 948 2110 (2,
978 2068 1056 2110 67)=
1081 2068 1198 2100 »Prae-

241 2134 328 2159 terea
353 2127 462 2171 Nepos
486 2128 657 2160 Cornelius
680 2135 792 2161 auctor
814 2136 880 2171 cst,
904 2130 1076 2162 Eudoxum
1100 2143 1198 2174 quen-

243 2193 314 2223 dam
349 2203 406 2222 sua
438 2196 556 2231 aetate,
592 2203 690 2235 quum
722 2192 899 2224 Lathurum
933 2205 1041 2237 regem
1064 2194 1199 2235 fugeret,

242 2254 381 2285 Arabico
410 2254 481 2284 sinn
503 2265 667 2296 egressum
692 2253 801 2287 Gades
829 2268 932 2300 usque
956 2262 1166 2300 pervectum«

316 2315 497 2361 Eudoxus]
535 2316 619 2349 Vide
648 2317 858 2350 Posidonium
895 2320 978 2363 apud
1005 2318 1200 2352 Strabonem

242 2377 295 2421 (ΕΞ,
320 2391 349 2421 p.
372 2379 419 2409 98
439 2377 591 2420 casaub.)
615 2379 878 2423 etUlzertu1n(T.
902 2380 933 2421 Ι,
960 2381 1000 2413 Ρ.
1019 2383 1056 2422 1,
1075 2393 1106 2426 p.
1129 2382 1196 2413 141

244 2439 360 2482 sequ.)-

317 2500 447 2531 Cacli'us
472 2498 664 2545 Antipater]
704 2500 824 2533 Confer
849 2501 1089 2537 dissertationes
1121 2503 1199 2535 duas

242 2562 274 2592 in
306 2563 411 2595 annal.
434 2564 522 2597 acad.
546 2563 650 2606 Lugd.
673 2563 785 2598 Batav.
813 2565 887 2598 anni
917 2566 1022 2599 1821.

1325 890 1568 936 neqotiationis]
1601 890 1675 924 Hoc
1706 891 1814 936 recepi
1846 903 1864 923 e
1900 890 2062 924 codicibus
2091 890 2202 923 Mona-

1249 953 1398 985 censibus
1423 952 1477 998 (A.
1502 953 1544 997 C)
1565 959 1597 985 et
1615 954 1878 995 Damnata-nsi,
1907 966 2005 998 quum
2025 959 2056 985 et
2077 953 2204 985 Plinius

1249 1014 1334 1046 dicat
1360 1015 1558 1048 »commercii
1591 1016 1727 1058 g1·atia«;
1760 1016 1856 1058 vulgo
1887 1016 1991 1048 minus
2018 1022 2088 1060 apte
2114 1016 2202 1047 naui—

1247 1078 1395 1120 qatiom's.

1325 1134 1507 1181 IIispania]
1540 1136 1613 1169 MS.
1639 1148 1764 1180 semper
1784 1136 1916 1179 Spania.
1947 1137 2021 1168 Non
2043 1137 2140 1177 male,
2161 1137 2204 1168 ita

1251 1197 1334 1229 enim
1360 1209 1456 1241 saepe
1480 1203 1621 1238 veteres,
1652 1197 1838 1241 praesertim
1865 1198 1993 1230 Graeci.
2019 1199 2141 1230 Paulus
2165 1200 2204 1230 ad

1253 1260 1419 1291 Romanos
1441 1270 1507 1303 cap.
1522 1259 1601 1290 XV:
1626 1256 1681 1297 ὠς
1709 1255 1778 1293 ἐὰν
1801 1256 2026 1304 πορεύωμαι,
2056 1259 2109 1299 εἰς
2132 1256 2206 1305 τήν

1252 1319 1447 1360 Σπανίαν,
1471 1318 1676 1364 ἑλεύόομαι
1700 1319 1800 1367 πρὸς
1817 1318 1932 1364 eucig:
1949 1328 1981 1353 et
2002 1322 2098 1366 paulo
2115 1329 2206 1367 post:

1252 1384 1372 1419 τοῦτο
1414 1375 1486 1418 οὖν
1526 1381 1751 1423 ἑπιτελέόας
1792 1382 1857 1418 καὶ
1895 1382 2207 1432 σφραγισάμενος

1251 1442 1386 1485 αὐτοῖς
1413 1443 1483 1480 τὸν
1510 1442 1662 1492 καρπὸν
1695 1444 1848 1489 τοῦτον,
1876 1442 2138 1492 ιῖπελεύὸομαι
2161 1448 2208 1483 δι’

1250 1503 1362 1551 ὑμῶν
1388 1507 1441 1546 εἰς
1468 1505 1542 1553 τὴν
1564 1505 1756 1542 Σπανίαν.
1785 1508 1893 1551 Quem
1916 1509 2023 1542 locum
2043 1521 2082 1542 eo
2105 1510 2206 1542 liben-

1251 1569 1315 1600 tius
1339 1569 1502 1609 adscribo,
1533 1569 1621 1614 quod
1649 1568 1720 1610 ejus
1746 1569 1823 1600 mihi
1849 1570 1999 1603 indicium
2025 1571 2136 1603 feccrit
2158 1571 2207 1602 vir

1254 1633 1340 1663 omni
1379 1633 1559 1664 studiorum
1595 1644 1712 1675 genere
1753 1633 1947 1665 clarissimus
1979 1634 2032 1665 Fr.
2069 1634 2206 1674 Junius,

1253 1695 1344 1736 cujus
1366 1707 1416 1727 mc
1442 1696 1583 1739 hospitio
1613 1695 1736 1726 felicem
1762 1695 1890 1736 judieo3
1924 1702 1959 1727 nt
1986 1702 2019 1728 et
2049 1697 2140 1729 illum
2167 1709 2207 1729 cx

1256 1756 1425 1788 Glossario
1444 1757 1487 1787 ll.
1511 1756 1577 1789 ST.
1604 1756 1778 1800 »Hispania
1800 1756 1995 1798 Σπανὶαα,
2023 1770 2118 1803 quem
2133 1770 2206 1803 sup-

1250 1819 1404 1865 peditavit
1427 1819 1638 1852 amicissimus
1660 1820 1839 1860 Mem-siim,
1867 1833 1999 1863 magnae
2020 1834 2087 1854 non
2106 1822 2208 1855 dicam

1253 1881 1323 1925 spei
1354 1881 1411 1912 scd
1446 1881 1491 1911 rei
1516 1881 1657 1922 juvenis.
1697 1881 1871 1926 Repcritur
1898 1888 1930 1916 et
1963 1883 1997 1915 in
2026 1882 2208 1918 Scholiaste

1251 1942 1402 1974 Juvenal.
1423 1942 1462 1973 ad
1485 1941 1590 1985 Satyr.
1608 1942 1700 1982 XIV,
1726 1943 1886 1975 indicante
1915 1945 2129 1978 eruditissimo
2153 1945 2206 1978 Ti·

1251 2004 1404 2045 liobroga.
1444 2003 1557 2036 Simile
1587 2010 1636 2035 est
1671 2010 1703 2036 et
1736 2004 1810 2037 huic
1837 2007 1994 2038 vocabulo
2022 2007 2207 2038 histrio-ulus

1251 2061 1551 2111 ὃαόύπρωκτος,
1580 2066 1629 2109 (ut
1646 2066 1679 2096 in
1696 2065 1865 2098 Glossario
1881 2067 2020 2109 legitur),
2044 2067 2131 2109 qnod
2143 2067 2206 2099 Ar-

1251 2127 1366 2158 nobius
1390 2128 1501 2159 mutilo
1524 2128 1676 2159 striculus
1707 2127 1787 2158 dixit
1810 2127 1864 2159 lib.
1881 2128 1930 2160 V:
1951 2128 2058 2159 »Facit
2081 2140 2207 2161 sumere

1250 2188 1392 2220 habitum
1422 2189 1599 2232 puriorem,
1629 2194 1661 2220 et
1684 2189 1719 2220 in
1744 2188 1882 2232 speciem
1910 2188 2042 2230 levigari
2065 2190 2207 2222 nondum

1251 2251 1321 2282 duri
1347 2256 1442 2295 atquc
1463 2251 1584 2283 striculi
1605 2251 1748 2294 pusionis
1757 2263 1786 2291 «3
1814 2257 1849 2282 ut
1872 2257 1903 2283 et
1926 2252 2145 2285 Tertullianus
2165 2255 2204 2286 de

1253 2313 1398 2347 Achille:
1426 2314 1568 2358 »patiens
1597 2319 1681 2345 certe
1702 2313 1768 2355 jam
1793 2315 1981 2356 striculus«,
2004 2322 2039 2348 ut
2061 2318 2208 2352 emendat

1251 2377 1431 2410 Turnebus.
1464 2376 1514 2409 Ne
1540 2377 1612 2420 quis
1637 2383 1743 2408 autem
1768 2384 1887 2410 temere
1912 2380 2082 2412 Iiirticulus
2101 2394 2204 2414 emcn-

1251 2440 1305 2471 det
1326 2439 1360 2470 in
1386 2437 1573 2479 Glossario,
1605 2438 1769 2470 sciendum
1797 2445 1847 2471 cst
1871 2441 2073 2473 histriculmn
2096 2443 2206 2475 eadem

1249 2501 1371 2533 ratione
1406 2500 1468 2533 dici
1503 2512 1566 2544 qua
1605 2501 1767 2533 Iu'stricem
1803 2502 1843 2533 ab
1878 2502 2073 2535 liii-titudine.
2102 2504 2204 2536 Gno·r.

1252 2584 1297 2589 —
1315 2564 1447 2598 Samuel
1469 2564 1650 2603 Bochai-tus
1677 2565 1779 2610 ipsum
1795 2565 1975 2608 Hispaniae
1996 2568 2045 2600 vel
2065 2567 2205 2611 Spam'ae
