2310 2860
96 837 187 879 405

96 1791 190 1833 404»

219 166 308 209 570
791 160 988 203 Martiani
1027 159 1226 217 Capellae
1260 158 1332 199 lib.
1361 157 1438 200 IV.
1475 160 1507 211 §.
1533 158 1638 200 402.

223 274 385 315 bonum
425 286 523 312 esse.
584 271 639 311 At
678 284 780 311 vero
818 277 952 324 potest
990 276 1030 307 et
1068 266 1279 321 quaedam
1315 265 1511 320 voluptas
1543 266 1707 306 bonum
1740 280 1849 316 esse,
1890 276 1929 307 et
1960 261 2172 321 quaedam

224 355 417 408 voluptas
442 352 606 392 bonum
628 365 714 392 non
739 365 842 391 esse.
879 348 1116 403 Angulares
1147 356 1291 388 autem
1316 362 1458 402 neque
1491 347 1620 388 simul
1655 347 1859 388 affirmari
1884 362 2024 402 neque
2047 348 2174 389 simul

222 432 367 487 negari
386 440 573 487 possunt.
603 431 718 472 Nam
745 431 780 472 si
802 444 957 472 verum
982 438 1055 480 est,
1079 429 1217 469 omnis
1242 428 1437 484 voluptas
1462 428 1626 469 bonum
1651 438 1723 479 est,
1754 428 1912 469 falsum
1939 436 2012 478 est,
2042 442 2175 482 quae—

224 512 326 553 dam
364 511 560 566 voluptas
593 526 678 552 non
712 520 771 551 est
809 510 985 551 bonum.
1052 510 1160 550 Item
1200 509 1234 549 si
1271 508 1429 550 falsum
1460 517 1541 559 est,
1582 507 1719 548 omnis
1759 506 1954 561 voluptas
1991 519 2078 545 non
2116 515 2176 546 est

224 593 411 644 bonum,
443 607 599 634 verum
635 601 708 644 est,
739 590 954 647 quaedam
980 589 1179 644 voluptas
1210 596 1270 627 est
1285 587 1470 639 bonum.
1507 590 1599 631 Hoc
1628 590 1729 630 item
1761 588 1980 643 contingit,
2011 587 2045 627 si
2075 601 2175 642 par-

223 670 446 711 ticularem
479 669 663 710 vicissim
700 668 906 709 nomines.
935 667 1051 709 Nam
1082 667 1113 707 si
1147 682 1302 710 verum
1328 679 1405 722 est,
1438 670 1652 726 quaedam
1685 669 1881 725 voluptas
1909 683 1996 709 non
2022 677 2084 708 est
2100 668 2177 708 bo-

216 766 343 800 num,
375 751 532 792 falsum
555 760 628 801 est,
662 751 799 791 omnis
822 750 1018 805 voluptas
1042 749 1205 790 bonum
1232 760 1302 791 est.
1337 751 1444 792 Item
1468 753 1501 793 si
1526 766 1680 793 verum
1706 761 1780 803 est,
1813 749 2028 805 quaedam
2051 748 2177 790 volu-

221 841 317 888 jptas
343 832 508 873 bonum
529 841 601 883 est,
622 830 778 873 falsum
801 840 872 881 est,
899 830 1036 871 omnis
1059 830 1254 886 voluptas
1274 846 1360 874 non
1391 842 1451 874 est
1471 833 1650 876 bonum.
1688 833 1794 874 Item
1822 829 2073 872 universalis
2099 828 2175 871 de-

220 912 404 954 dicativa
448 909 697 952 confirmata
735 910 1038 965 particularem
1081 924 1206 952 suam
1237 916 1472 956 necessario
1506 914 1753 964 confirmat,
1795 920 1945 967 negata
1981 924 2068 951 non
2100 924 2177 950 ne·
2211 947 2215 950 Δ

222 995 401 1034 cessario
433 1006 527 1034 eam
553 1000 688 1046 negat.
731 991 845 1032 Nam
878 991 912 1031 si
942 1006 1097 1032 verum
1128 1002 1201 1044 est,
1232 996 1368 1036 omnis
1400 996 1595 1051 voluptas
1625 995 1792 1035 bonum
1825 1000 1906 1042 est,
1936 989 2175 1031 necessario

222 1089 378 1116 verum
413 1084 493 1125 est,
535 1074 750 1128 quaedam
789 1074 983 1129 voluptas
1026 1075 1192 1116 bonum
1232 1085 1302 1116 est.
1376 1077 1431 1116 At
1460 1091 1565 1117 vero
1595 1077 1629 1116 si
1662 1073 1928 1129 superiorem
1959 1085 2175 1126 negemus,

222 1154 305 1195 hoc
335 1153 481 1195 modo:
519 1169 604 1195 non
633 1154 769 1194 omnis
800 1155 995 1210 voluptas
1026 1165 1086 1196 est
1114 1155 1301 1205 bonum,
1338 1163 1473 1210 potest
1502 1153 1616 1206 fieri,
1656 1163 1702 1194 ut
1733 1150 1947 1207 quaedam
1978 1150 2174 1206 voluptas

224 1235 388 1276 bonum
415 1234 477 1275 sit.
536 1234 804 1275 Particularis
833 1234 934 1275 item
963 1235 1199 1275 dedicativa
1230 1233 1479 1276 confirmata
1507 1249 1593 1275 non
1623 1232 1856 1275 necessario
1886 1229 2174 1270 universalem

218 1329 345 1356 suam
377 1313 620 1365 confirmat,
659 1324 810 1370 negata
851 1317 1084 1356 necessario
1114 1315 1231 1356 illam
1262 1325 1394 1370 negat.
1449 1316 1563 1357 Nam
1597 1316 1631 1355 si
1663 1329 1817 1356 verum
1850 1322 1930 1361 est,
1961 1309 2173 1364 quaedam

220 1395 417 1450 voluptas
457 1395 622 1434 bonum
663 1403 743 1444 est,
786 1409 872 1435 non
908 1396 1123 1449 sequitur,
1167 1405 1215 1436 ut
1253 1396 1389 1436 omnis
1426 1395 1553 1436 etiam
1585 1396 1781 1452 voluptas
1811 1398 1976 1442 bonum
2006 1402 2069 1443 sit.
2130 1403 2173 1443 Si

219 1489 324 1515 vero
349 1473 561 1529 quaedam
595 1473 789 1529 voluptas
820 1475 984 1515 bouum
1009 1491 1095 1516 non
1127 1485 1199 1526 est,
1230 1474 1386 1516 falsum
1411 1483 1492 1526 est,
1522 1474 1659 1515 omnis
1687 1475 1881 1532 voluptas
1909 1478 2074 1523 bonum
2105 1491 2174 1522 est.

219 1555 270 1597 In
305 1554 477 1596 duabus
509 1553 685 1609 reliquis
715 1552 798 1594 hoc
831 1553 1089 1595 observabis.

612 1693 761 1744 QUID
796 1693 888 1735 SIT
922 1694 1198 1746 SUMTUM,
1241 1695 1321 1737 ET
1356 1696 1505 1748 QUID
1535 1699 1791 1743 ILLATIO.

389 1784 563 1825 Plenam
595 1785 842 1827 sententiam
867 1801 1004 1842 quum
1031 1789 1403 1843 proposuerimUS,
1434 1792 1596 1847 aliquid
1627 1808 1677 1835 ea
1699 1794 1886 1836 volentes
1918 1795 2103 1848 efficere,
2136 1807 2174 1838 et

219 1879 358 1921 quum
398 1881 593 1907 concessa
629 1866 778 1918 fuerit,
835 1878 1028 1909 sumtum
1065 1869 1232 1911 dicitur.
1289 1871 1403 1912 Huic
1433 1874 1559 1914 etiam
1590 1875 1665 1915 uni
1694 1876 1921 1918 sententiae
1949 1877 2031 1919 alia
2062 1888 2175 1920 certa

219 1946 380 1988 ratione
412 1945 539 1987 debet
564 1947 739 1999 innecti,
770 1957 810 1989 et
832 1950 981 2004 utiquc
1012 1959 1184 2005 propter
1211 1951 1276 2004 id,
1307 1951 1424 2006 quod
1449 1952 1606 1994 inferre
1628 1954 1852 2008 volumus,
1883 1956 2150 1999 concedenda
2160 1973 2172 2008 ;

100 2030 191 2072 405
221 2037 261 2069 et
288 2026 396 2067 haec
427 2041 566 2081 quum
604 2042 800 2069 concessa
836 2029 983 2080 fuerit,
1036 2040 1230 2072 sumtum
1268 2031 1436 2074 dicitur.
1502 2033 1567 2075 Ex
1605 2033 1774 2077 duobus
1818 2038 1968 2079 sumtis
2005 2038 2170 2080 ratione

220 2107 391 2151 sibimet
430 2108 554 2149 nexis
602 2108 821 2151 conficitur
870 2111 1012 2152 illatio.
1097 2113 1220 2163 Quae
1263 2113 1392 2154 illatio
1444 2123 1637 2156 sumtum
1689 2127 1914 2173 propterea
1960 2117 2043 2159 dici
2085 2134 2170 2161 non

291 2201 456 2249 negemus]
483 2202 512 2235 Ε
532 2203 780 2237 Darmstattensi
797 2210 830 2237 et
845 2206 1102 2240 Reichenauensi
1118 2219 1169 2241 co-
1220 2210 1278 2254 (de
1308 2209 1403 2241 divin.
1427 2210 1467 2251 2,
1491 2211 1557 2254 55)
1585 2213 1793 2251 sumtionem,
1830 2211 2014 2257 Appulejus
2047 2215 2169 2259 (dogm.

221 2267 345 2301 dicihus
366 2279 424 2312 pro
447 2278 558 2311 negem
580 2267 613 2298 in
634 2268 736 2299 editis.
1218 2272 1302 2304 Plat.
1324 2273 1366 2311 5,
1396 2284 1429 2315 p.
1447 2272 1517 2304 271
1545 2272 1644 2316 O'ud.)
1664 2275 1897 2316 aeeeptionem5
1924 2276 2101 2308 accuratius
2124 2283 2169 2309 ta-

494 2366 501 2374 ·
551 2367 558 2374 ⁸
656 2365 663 2373 ι
740 2367 748 2374 ⁶
795 2367 803 2375 ⁰
903 2368 911 2377 .
1218 2344 1293 2364 men
1313 2331 1519 2375 distinguitur
1535 2332 1620 2365 inter
1641 2336 1888 2378 propositionem
1910 2335 1933 2370 i.
1956 2347 1982 2368 e.
2002 2338 2169 2370 terminum

296 2365 420 2398 duabus
440 2363 593 2413 rehqms]
619 2365 684 2399 Hm
709 2366 827 2410 ahqmd
850 2379 1001 2403 onussum
1022 2382 1094 2405 esse
1116 2383 1170 2416 ψ’
1218 2397 1387 2440 majorem,
1422 2402 1454 2428 et
1476 2398 1703 2429 assumtionem
1730 2397 1751 2431 i.
1770 2410 1797 2430 e.
1821 2401 1994 2440 minorem,
2025 2407 2061 2432 ut
2085 2402 2170 2446 apud

1219 2459 1409 2493 Ciceronem
1427 2459 1480 2502 (dc
1503 2458 1620 2491 invent.
1639 2461 1671 2500 1,
1693 2462 1755 2504 57)
1782 2467 1814 2494 et
1831 2462 1991 2495 Isidorum
2010 2464 2117 2508 (etym.
2134 2465 2168 2505 2,

1219 2521 1260 2562 9,
1286 2518 1339 2562 2)3
1365 2519 1534 2563 ipsumque
1559 2520 1637 2552 adeo
1661 2527 1806 2554 nostrum
1831 2524 1913 2555 infra
1935 2523 1977 2568 (ἓ.
1995 2525 2094 2569 422).

297 2573 450 2618 sumtum]
478 2574 578 2617 Quod
603 2573 719 2607 Gracci
748 2573 876 2620 λῆμμα
902 2577 1026 2620 dicunt,
1054 2579 1168 2614 Cicero
1294 2579 1414 2626 illatio]
1440 2581 1490 2614 Ita
1512 2586 1546 2615 et
1571 2580 1771 2629 Appulej11S‚
1800 2584 2013 2618 Cassiodorus
2030 2586 2165 2634 ι(9.5ὲῖΞὶ

223 2433 331 2471 parct3
355 2427 417 2459 nisi
438 2427 545 2471 plura,
569 2432 655 2460 certe
676 2430 771 2461 etiam
792 2429 842 2461 vel
863 2431 962 2473 idem5
988 2434 1095 2466 sedin
1117 2446 1168 2467 eo·

224 2488 347 2521 dicibus
366 2488 444 2519 nihil
467 2488 572 2521 video.
