2310 2860
630 162 829 204 Martiani
861 160 1060 218 Capellae
1089 161 1159 203 lib.
1188 161 1263 204 VI.
1303 163 1334 213 §.
1358 162 1460 204 668.

1956 166 2050 207 545

93 272 374 330 quadraginta
412 285 546 328 paene
587 270 858 323 conjunctae,
917 269 1017 310 item
1050 268 1301 319 Electrides,
1341 269 1384 310 in
1417 268 1573 323 quibus
1603 269 1808 311 electrum
1840 270 2045 326 gignitur3

90 356 164 400 sed
194 355 345 397 ultima
375 353 570 395 omnium
605 351 771 407 Thyle,
814 352 856 392 in
888 365 974 405 qua
1004 349 1204 391 solstitiali
1238 359 1428 405 tempore
1459 349 1683 390 continuus
1713 350 1822 402 dies,
1865 351 2046 394 bruma-

89 439 206 493 lique
229 451 313 477 nox
341 434 535 491 perennis
560 432 762 488 exigitur,
797 431 907 472 ultra
934 446 1066 486 quam
1091 431 1356 486 navigatione
1387 431 1513 471 unius
1535 430 1617 472 diei
1645 446 1764 472 mare
1796 442 2044 473 concretum

90 528 161 560 est.
210 516 292 558 Sed
322 516 433 557 infra
463 513 636 556 confinis
668 524 728 555 est
767 513 930 554 Galliae
961 511 1301 567 Hispaniaeque,
1343 511 1520 566 quibus,
1565 511 1641 552 nisi
1673 513 1817 553 oceani
1848 513 2043 554 Atlantici

88 598 334 655 prohiberet
370 595 574 651 irruptio,
612 594 758 636 Africa
800 592 1062 633 misceretur.

1119 593 1232 634 Nam
1270 592 1519 633 Velonensis
1558 592 1749 633 Baeticae
1784 594 1927 634 civitas
1968 595 2043 636 tri-

88 681 200 736 ginta
238 679 371 721 tribus
410 677 598 718 millibus
631 691 654 718 a
684 675 810 730 Tingi
841 674 997 730 oppido
1035 674 1297 730 disparatur,
1336 688 1449 729 quae
1480 674 1643 716 colonia
1672 684 1731 716 est
1761 675 2042 717 Mauritaniae

90 761 383 803 Caesariensis.

900 940 978 981 DE

253 1059 397 1100 Africa
437 1073 537 1100 vero
577 1073 624 1099 ac
662 1057 802 1112 Libya
834 1056 945 1097 dicta
986 1055 1037 1095 ab
1076 1054 1182 1095 Afro
1213 1053 1342 1105 Libe,
1392 1052 1588 1095 Herculis
1619 1052 1717 1096 filio.
1776 1054 1825 1096 In
1857 1055 2037 1098 confinio
2067 1056 2153 1098 667

445 760 586 815 Hujus
617 767 764 801 auc-tor
796 757 943 814 oppidi
973 757 1160 798 Antaeus
1190 755 1356 797 dicitur.

1022 937 1247 980 AFRICA.

83 1148 143 1179 est
171 1137 326 1179 Elissos
358 1137 542 1188 colonia,
577 1137 620 1177 in
656 1151 743 1192 qua
773 1136 886 1191 regia
917 1136 1067 1177 Antaei
1102 1136 1408 1190 luctamenque
1440 1150 1541 1177 culn
1572 1136 1758 1177 Hercule
1789 1137 2044 1190 celebratur,

83 1228 123 1260 et
151 1218 440 1275 Hesperidum
476 1217 608 1270 horti;
665 1216 751 1258 illic
795 1215 1058 1257 aestuarium
1103 1215 1369 1267 flexuosum,
1424 1231 1556 1272 quem
1597 1216 1827 1259 draconem
1874 1218 2046 1274 vigilem

81 1350 177 1392 longe
211 1349 333 1391 majori.
380 1349 506 1380 Plinius
540 1354 572 1379 et
600 1347 778 1380 Martianus
811 1347 1038 1389 quadraginta3

80 1412 288 1443 Ptolemaeus
309 1407 397 1456 περὶ
413 1406 632 1456 τριάκοντα,
660 1408 805 1440 Isidorus
827 1408 939 1449 viginti
961 1414 1039 1448 tres,

80 1487 215 1519 quarum
231 1474 400 1506 duodecim
421 1473 565 1504 desertae
586 1478 677 1513 sunt,
706 1471 860 1503 tredecim
880 1471 1038 1503 coluntur.

80 1537 223 1571 Sumus.
239 1538 291 1582 (ad
314 1537 418 1570 Solin.
440 1550 469 1581 p.
487 1536 575 1580 249)
589 1554 635 1559 —-
659 1536 726 1567 Pro
745 1534 912 1567 Orehades
936 1536 1038 1568 codex

79 1599 345 1632 Darmstatteusis
364 1598 493 1630 exhibet
509 1598 670 1637 Orcades,
697 1608 779 1640 quae
800 1597 946 1628 usitatior
961 1597 1037 1629 scri-

79 1666 172 1705 ptura
204 1649 256 1692 est
285 1660 408 1704 (Tacit.
437 1659 550 1702 Agric.
581 1660 637 1691 10.
667 1659 802 1702 Eutrop-
831 1659 864 1699 7,
889 1658 942 1702 8),
979 1658 1037 1690 sed

81 1722 187 1754 Soliui
213 1722 395 1766 exemplum
422 1722 570 1753 descrere
593 1720 692 1752 nolui.
729 1720 882 1752 Ceterum
907 1720 946 1751 de
971 1719 1036 1751 illis

78 1785 193 1818 insulis
215 1786 407 1830 peculiarem
427 1786 544 1817 librum
564 1784 692 1828 scripsit
712 1784 917 1816 Thormodus
939 1785 1035 1816 Thot-

79 1849 168 1881 sacus
192 1849 352 1892 (Hauniae
373 1850 467 1880 1697
494 1849 579 1892 fol.)‚
606 1860 701 1891 quem
723 1847 884 1880 consulas.

159 1910 292 1952 confinis
315 1908 375 1955 est]
400 1909 558 1941 Nimirum
579 1908 762 1948 Britannia,
790 1920 885 1951 quam
904 1907 1035 1939 Tacitus

80 1983 208 2016 quoque
232 1971 325 2016 (Agr.
348 1970 407 2014 10)
429 1971 463 2001 in
488 1970 686 2003 occidentem
704 1969 882 2014 Hispaniae
904 1969 1036 2001 obtendi

77 2041 200 2077 narrat,
226 2047 288 2080 qua
314 2035 353 2067 de
377 2034 527 2079 opinione
551 2045 627 2065 sane
649 2045 801 2079 perversa
821 2034 932 2066 confer
942 2034 1033 2067 Man-

76 2100 201 2129 nertum
226 2097 277 2140 (T.
300 2097 348 2137 11,
374 2109 404 2140 p.
421 2095 469 2139 9).

159 2161 195 2192 V
191 2142 363 2204 elenensis]
390 2159 476 2190 Aliis
499 2160 602 2191 Belou
630 2159 826 2203 appellatur,
853 2164 889 2190 ut
909 2165 942 2191 et
964 2159 1031 2190 Pli-

77 2223 132 2255 nio
159 2224 212 2266 (5,
239 2222 274 2266 1)
299 2229 330 2254 ct
350 2222 464 2254 Solino
488 2223 580 2267 (24),
607 2223 699 2264 cujus
726 2224 803 2254 haec
822 2223 919 2254 verba
941 2228 1032 2254 sunt:

85 2287 152 2318 »De
170 2285 328 2329 Hispania
349 2292 400 2316 est
420 2298 575 2318 excursus
591 2286 624 2318 in
642 2286 794 2329 Libyam,
819 2298 892 2318 nam
909 2287 1030 2318 Belone

76 2358 281 2393 progressos,
312 2347 400 2390 quod
421 2347 570 2379 Baeticae
597 2348 749 2392 oppidum
774 2353 838 2388 est,
874 2349 956 2379 ultra
982 2348 1028 2379 in-

76 2411 235 2453 terjacens
256 2410 371 2441 fretum
393 2409 487 2439 trium
513 2415 545 2441 et
569 2411 698 2453 triginta
719 2412 852 2443 millium
875 2423 1028 2456 passuum

79 2474 176 2517 Tinqi
199 2471 315 2514 excipit
335 2469 561 2510 Mauritaniae,
586 2483 671 2504 nune
694 2473 835 2513 colonia,
855 2474 911 2505 sed
935 2474 1026 2516 cujus

75 2537 196 2581 primus
219 2540 330 2567 auctor
355 2533 502 2565 Antaeus
526 2533 614 2565 suita
647 2534 800 2568 Ceterum
821 2538 948 2571 Plinius
968 2540 1024 2572 tri-

77 2602 168 2644 qima
194 2604 314 2630 tantum
342 2597 476 2631 millium
499 2597 665 2639 trajectum
689 2600 806 2631 statuit.

1165 1349 1332 1394 Antaeus]
1359 1350 1457 1383 Hunc
1480 1357 1513 1382 et
1532 1351 1618 1383 Mela
1637 1352 1689 1395 (l,
1712 1352 1747 1394 5)
1770 1351 1964 1383 conditorem
1985 1359 2045 1384 tra—

1091 1412 1147 1445 dit.
1173 1413 1277 1445 Paulo
1298 1413 1388 1444 aliter
1407 1425 1473 1444 rem
1495 1420 1604 1446 narrat
1622 1415 1816 1447 Plutarchus
1837 1415 1883 1459 (in
1900 1415 2045 1448 SertorIo

1088 1487 1120 1520 p.
1143 1476 1240 1519 372).

1160 1536 1274 1582 Libya]
1304 1538 1411 1580 Quam
1441 1537 1563 1570 incerta
1588 1538 1693 1570 omnia
1718 1539 1783 1570 sint
1807 1539 1847 1571 de
1872 1540 1967 1582 liujus
1987 1550 2043 1571 no-

1088 1600 1182 1631 minis
1209 1601 1347 1642 origine,
1379 1601 1544 1632 dissensus
1571 1602 1678 1645 prodit
1707 1602 1896 1645 scriptorum
1924 1602 2041 1646 (Apol-

1087 1661 1190 1693 lodor.
1214 1662 1254 1703 2,
1281 1663 1318 1702 l,
1343 1662 1377 1693 4.
1405 1661 1509 1694 Solin.
1532 1662 1590 1693 24.
1617 1662 1738 1706 Hygia.
1758 1663 1822 1695 sah.
1848 1664 1941 1706 162³).
1981 1665 2042 1695 Le-

1088 1724 1228 1759 ctionem
1254 1733 1360 1758 tamen
1389 1726 1474 1770 apud
1504 1732 1650 1758 nostrum
1676 1732 1856 1770 corruptam
1882 1739 1953 1759 esse
1980 1726 2042 1760 So-

1085 1789 1144 1822 lini
1171 1790 1364 1834 comparatio
1393 1790 1546 1822 ostendit:
1574 1791 1721 1834 »quidam
1743 1796 1849 1823 tamen
1867 1791 2001 1835 Libyam
2025 1804 2041 1823 a

1086 1851 1189 1895 Libye
1211 1852 1338 1895 Epaphi
1364 1851 1444 1892 filia,
1470 1850 1614 1884 Africam
1639 1857 1745 1884 autem
1769 1853 1808 1884 ab
1829 1851 1910 1884 Afro
1930 1853 2042 1896 Lihyis

1085 1913 1238 1945 Herculis
1251 1914 1316 1945 filio
1337 1912 1444 1956 potius
1461 1913 1576 1945 dictam
1591 1919 1810 1958 receperunt.«
1845 1915 1895 1946 De
1908 1915 2043 1958 Africae

1086 1976 1214 2008 nomine
1230 1976 1303 2008 vide
1322 1976 1522 2017 conjecturas
1537 1976 1571 2008 in
1588 1977 1726 2008 Journal
1740 1976 1911 2021 Asiatique
1928 1978 2041 2021 (1854

1085 2040 1190 2080 Max-53
1220 2040 1258 2072 Τ.
1281 2040 1378 2080 XIII,
1405 2040 1466 2071 No.
1489 2041 1552 2081 75,
1575 2053 1605 2084 p.
1623 2042 1695 2073 194
1712 2041 1823 2085 sequ).

1159 2101 1295 2148 Elissos]
1321 2103 1430 2135 Plinio
1450 2104 1569 2143 Lixos,
1594 2103 1710 2137 solino
1732 2106 1816 2144 Lz'.r,·
1842 2104 1881 2135 de
1906 2102 2038 2147 reliquis

1083 2176 1155 2196 cum
1179 2170 1289 2196 nostro
1316 2164 1524 2205 conveniunt,
1550 2177 1655 2209 neque
1678 2165 1843 2210 probanda
1866 2171 1916 2197 est
1941 2165 1980 2196 k<

1081 2228 1169 2271 reqio
1194 2238 1253 2270 pro
1279 2228 1387 2270 regia,
1417 2238 1512 2269 quam
1538 2226 1673 2258 Grotius
1697 2227 1832 2269 margini
1859 2225 2035 2269 adscripsit.

1154 2291 1370 2333 Hesperidum
1393 2288 1490 2334 horti]
1516 2290 1567 2322 De
1596 2290 1659 2322 situ
1691 2302 1799 2321 eorum
1832 2289 1946 2320 dubios
1975 2299 2035 2319 nos

1079 2350 1278 2394 reliquerunt
1301 2351 1473 2395 scriptores
1495 2352 1642 2395 (Hesiod.
1665 2353 1769 2392 theog.
1788 2351 1871 2382 215.
1901 2349 2034 2380 Diodor.

1080 2412 1119 2453 4,
1148 2413 1206 2445 26.
1239 2412 1431 2456 Apollodor.
1460 2414 1500 2453 2,
1530 2415 1569 2454 5,
1598 2415 1654 2445 11.
1689 2412 1805 2445 Strabo
1830 2413 1868 2451 2,
1899 2423 1929 2453 p.
1952 2410 2032 2442 125.

1077 2477 1116 2516 5,
1143 2488 1174 2519 p.
1194 2477 1274 2507 150.
1297 2477 1338 2517 4,
1368 2489 1399 2520 p.
1426 2478 1510 2509 185.
1540 2479 1572 2517 7,
1600 2490 1630 2520 p.
1649 2477 1731 2507 299.
1760 2477 1815 2513 17,
1841 2487 1872 2517 p.
1897 2474 1969 2505 85ss
2001 2479 2033 2504 et

1078 2539 1150 2570 858
1178 2537 1318 2572 casaub.
1357 2538 1443 2570 Plin.
1471 2540 1509 2579 5,
1541 2540 1557 2570 l
1595 2539 1634 2569 ab
1666 2537 1706 2568 in.
1735 2542 1765 2567 ct
1799 2537 1837 2575 G,
1873 2536 1940 2575 51,
1974 2536 2030 2567 26.

1075 2602 1203 2634 Lucret.
1224 2602 1262 2643 5,
1284 2603 1342 2635 55.
1371 2602 1461 2645 Vix-g.
1477 2601 1559 2634 Aen.
1583 2602 1621 2642 Ι1,
1652 2600 1734 2632 tsi.
1758 2598 1925 2632 Claudiam
1944 2599 2029 2633 laud.
