2310 2860
682 140 884 182 Martiani
914 140 1113 196 Capellae
1143 141 1215 182 lib.
1240 141 1359 184 VIII.
1390 145 1421 195 ᾗ.
1455 144 1557 187 852.
2014 152 2100 194 651

139 260 228 302 quo
256 260 333 302 per
365 245 547 287 caudam
586 246 793 287 Draconis
836 246 889 288 ad
927 247 1142 288 sinistrum
1173 248 1508 304 Arctophylacos
1551 252 1836 308 proximeque
1868 255 1920 296 ad
1962 256 2100 298 Bootis

137 327 302 369 stellam
334 327 487 369 ductus
518 327 721 369 dextrum
757 329 939 384 Virginis
971 329 1125 384 pedem
1156 330 1464 386 sinistrumque
1489 334 1706 389 contingit,
1753 338 1794 376 in
1832 351 1919 391 quo
1950 347 2099 380 octava

137 423 236 464 pars
272 410 428 450 Librae
468 419 548 462 est3
601 410 714 451 unde
751 411 802 452 ad
839 411 1032 452 dextram
1074 426 1255 454 manum
1292 414 1514 466 Centauri,
1564 432 1649 471 qua
1682 419 1932 473 pantheram
1967 430 2097 473 tenet,

139 490 300 533 divisus
340 492 457 533 haud
497 493 647 547 procul
691 493 742 533 ab
774 507 822 532 eo
865 492 978 542 loco,
1023 507 1111 547 quo
1148 494 1356 534 sinistram
1395 495 1596 538 Centauri
1629 500 1831 553 ungulam
1865 502 2011 555 tetigit,
2055 503 2098 544 in

136 570 352 624 regionem
392 572 690 626 inconspicuae
734 572 855 612 nobis
900 573 1026 626 partis
1058 574 1277 628 obruitur3
1318 577 1432 617 undo
1463 593 1653 620 emersus
1690 582 1799 622 infra
1832 582 1983 623 Cotum
2022 599 2098 638 per

122 665 293 706 ,corpus
324 653 414 706 ejus
440 654 666 707 aversique
689 654 900 694 cervicem
932 654 982 695 ad
1015 664 1142 709 caput
1171 665 1299 709 atque
1324 657 1421 697 inde
1455 658 1505 698 ad
1530 669 1723 700 octavam
1752 671 1913 716 partem
1948 663 2098 703 Arietis

137 731 260 772 redit.
297 732 416 772 Alter
447 742 590 773 autem
616 734 808 785 colurus,
841 735 915 789 qui
948 736 1074 775 etiam
1112 737 1299 791 tropicus
1331 737 1505 788 dicitur,
1537 739 1590 779 ab
1614 749 1761 780 octava
1793 750 1910 795 parte
1940 741 2093 782 Caneri

138 813 350 866 consurgit
387 811 439 852 ad
470 814 685 854 sinistrum
722 830 774 855 ex
805 817 1019 871 prioribus
1050 817 1188 858 Ursae
1226 817 1379 872 pedem
1415 834 1492 873 per
1533 820 1673 874 ipsum
1706 831 1851 875 pectus
1883 823 1972 875 ejus
2005 839 2096 864 cer-

141 890 391 945 vicemque3
444 892 541 932 inde
588 892 639 933 ad
680 893 896 934 cardinem
936 898 1131 950 pervenit
1172 900 1341 951 mundi,
1405 910 1444 941 at
1487 901 1584 941 inde
1629 917 1705 957 per
1747 903 1891 943 clunes
1922 905 2097 945 minoris

137 971 274 1012 Ursae
315 982 354 1012 et
390 973 452 1012 bis
500 989 575 1028 per
607 974 849 1015 Draconem
886 975 936 1016 ad
968 977 1177 1020 sinistram
1212 981 1322 1021 alam
1366 981 1501 1036 Cygni
1534 983 1834 1037 cervicemque
1866 983 2097 1038 perductus

138 1051 340 1092 ultimum
378 1053 557 1107 Sagittae
601 1055 812 1110 spiculum
869 1066 908 1097 et
947 1060 1143 1112 proxime
1174 1071 1360 1101 rostrum
1394 1061 1575 1115 Aquilae
1607 1062 1825 1116 contingit,
1873 1077 1896 1102 a
1928 1077 2013 1116 qua
2045 1063 2098 1105 ad

137 1142 331 1174 octavam
368 1143 531 1188 partem
566 1135 815 1191 Capricorni
854 1138 1090 1192 descendit3
1136 1142 1233 1182 inde
1274 1142 1391 1183 haud
1424 1143 1573 1197 procul
1609 1157 1774 1183 mersus
1808 1143 1850 1182 in
1881 1144 2097 1197 regionem

136 1213 456 1269 inconspicuam
502 1215 611 1257 infra
643 1217 755 1271 Argo
789 1219 988 1273 resurgit,
1044 1219 1167 1273 cujus
1204 1230 1242 1261 et
1272 1222 1615 1277 gubernaculum
1649 1232 1688 1264 et
1722 1232 1879 1265 rectam
1914 1224 2096 1280 puppim

137 1309 281 1335 secans
312 1295 365 1336 ad
397 1305 590 1337 octavam
625 1307 789 1352 partem
823 1298 974 1339 Cancri
1007 1299 1125 1340 redit.

900 1436 978 1476 DE
1017 1437 1345 1479 SIGNIFERO.

313 1526 434 1568 Duos
458 1527 543 1581 jam
570 1541 790 1582 superesse
817 1528 996 1568 circulos
1020 1528 1202 1570 dubium
1228 1546 1314 1571 non
1339 1530 1535 1583 habetur,
1567 1546 1674 1587 quos
1699 1525 1873 1587 quidem
1900 1534 2098 1588 obliquos

138 1624 220 1663 vari,
248 1623 291 1654 ita
318 1629 350 1654 et
379 1622 430 1654 hie
458 1622 601 1654 codicum
626 1623 796 1654 lectionem
821 1623 969 1655 deserere
995 1624 1095 1665 nolui,

137 1685 192 1730 qui
212 1684 361 1718 Μαι-Εἰδοὶ
391 1695 519 1727 quoque
547 1696 635 1715 error
664 1696 734 1715 esse
754 1690 891 1727 poterat.

215 1763 404 1805 contingens
420 1759 546 1805 Persei]
568 1760 680 1792 Codex
698 1760 1096 1793 Ettenheimml'insterien-

138 1826 182 1857 sis
213 1825 330 1857 omittit
368 1824 558 1856 vocabulum
596 1826 806 1868 continqens,
849 1825 984 1856 fortasse
1020 1825 1094 1868 quia

133 1889 201 1930 jam
221 1893 311 1919 autea
331 1887 513 1928 legebatur3
540 1887 597 1917 sed
622 1899 719 1930 quum
743 1887 777 1918 in
799 1887 849 1918 his
875 1887 1094 1930 descriptioni-

137 1952 198 1982 bus
233 1947 453 1980 astronomicis
488 1959 609 1978 summa
645 1947 871 1991 perspicuitate
904 1959 986 1991 opus
1035 1948 1093 1988 sit,

138 2020 173 2045 ut
200 2017 350 2057 appareat
382 2017 487 2042 utrum
515 2011 669 2051 circulus,
709 2011 748 2042 de
779 2022 843 2054 quo
874 2011 993 2053 agitur,
1021 2023 1093 2043 con-

138 2080 242 2121 tin-(sat
275 2080 398 2106 tantum
426 2085 467 2104 an
502 2079 585 2105 secet
619 2074 749 2117 aliquod
781 2074 887 2115 siduS‚
913 2074 1093 2108 Martianus

138 2140 284 2173 consulto
309 2138 440 2170 verbum
465 2137 598 2168 iterasse
620 2137 755 2169 videtur.

214 2229 323 2259 Bootis
344 2224 480 2271 stellam]
507 2224 729 2270 Arctophylax
752 2226 803 2259 hie
826 2238 843 2258 a
863 2226 979 2259 Bootis
1001 2227 1094 2259 stella

140 2290 346 2329 discernitur,
381 2290 467 2332 quod
498 2301 562 2333 quo
594 2295 688 2333 paeto
715 2289 785 2321 fieri
806 2290 948 2335 potuerit
970 2290 1092 2334 ignoro.

141 2353 256 2386 Cicero
281 2350 333 2394 (N.
359 2350 398 2380 D.
417 2350 456 2390 2,
479 2350 558 2393 42)2

197 2424 437 2469 »Arctophylax
462 2425 558 2467 vulgo
581 2427 638 2471 qui
659 2426 777 2458 dicitur
799 2437 867 2458 esse
885 2425 1035 2459 Bootes«

140 2505 291 2536 Fortasse
319 2503 442 2533 Booten
469 2500 549 2543 dixit
576 2500 631 2544 qui
658 2501 735 2533 alias
766 2504 930 2535 Arcturus
955 2503 1092 2548 appella-

2128 1533 2217 1575 8514

1146 1623 1306 1656 Arcturus
1329 1631 1360 1656 et
1382 1625 1603 1669 Arctophylax
1626 1639 1691 1658 non
1713 1628 1813 1669 magis
1835 1628 1952 1660 diversi
1972 1629 2099 1669 fuerint,

1147 1698 1241 1729 quam
1258 1685 1479 1730 Arctophylax
1506 1693 1536 1717 et
1555 1688 1683 1719 Bootes.
1711 1688 1806 1720 Conf.
1830 1690 1862 1721 J.
1880 1690 1925 1723 H.
1945 1691 2099 1723 Vossium

1146 1749 1201 1793 (ad
1225 1748 1362 1782 Aratum
1383 1750 1462 1793 91),
1494 1757 1702 1795 nostrumque
1728 1751 1809 1783 infra
1835 1751 1876 1796 (ξ.
1893 1753 1990 1795 858).

1222 1810 1459 1855 inconspicuae]
1488 1812 1608 1844 Veram
1638 1813 1809 1845 lectionem
1837 1814 2011 1846 anteriores
2030 1814 2098 1856 jam

1145 1874 1315 1914 habebant,
1334 1874 1419 1906 unde
1441 1875 1575 1906 Grotius
1595 1887 1684 1907 suam
1701 1878 1855 1918 correxit3
1883 1879 1939 1909 sed
1957 1890 2012 1910 eur
2026 1891 2097 1922 per-

1143 1950 1252 1982 peram
1275 1938 1374 1969 edidit
1393 1940 1606 1981 eonspicuac?
1631 1940 1754 1971 Eadem
1774 1952 1826 1971 res
1846 1941 1926 1972 infra
1942 1941 1985 1986 (ἓ.
2000 1942 2095 1985 855).

1220 2007 1253 2033 at
1270 2002 1345 2032 inde
1359 2014 1417 2044 per
1432 2001 1554 2047 clunes]
1573 2003 1688 2035 Codex
1701 2004 2094 2037 Ettenheimmiinsterien-

1144 2063 1188 2094 sis
1210 2075 1266 2102 ae,
1296 2051 1511 2106 quod-tamen
1533 2076 1633 2107 aeque
1652 2065 1794 2109 recipere
1815 2065 1971 2108 dubitavi,
1999 2073 2094 2110 atque

1144 2126 1225 2158 infra
1248 2127 1362 2158 ductus
1390 2138 1448 2170 pro
1473 2128 1665 2170 perductus,
1696 2140 1770 2160 mox
1793 2130 1933 2177 Aquilae
1955 2136 2095 2162 rostrum

1143 2202 1202 2234 pro
1219 2197 1359 2222 rostrum
1372 2190 1525 2237 Aquilae,
1539 2197 1571 2222 et
1589 2192 1663 2223 incle
1683 2193 1726 2223 acl
1738 2198 1881 2224 octavam
1897 2205 1955 2237 pro
1971 2206 1990 2224 α
2011 2206 2093 2240 qua,-

1143 2252 1325 2296 pariterque
1353 2264 1480 2284 eausam
1504 2264 1570 2285 non
1592 2253 1657 2285 vidi
1684 2266 1741 2285 eur
1761 2254 1916 2286 lectiones
1940 2266 1956 2285 a
1977 2254 2092 2287 Grotio

1143 2315 1177 2346 in
1207 2315 1348 2356 margine
1385 2320 1510 2346 notatas
1535 2322 1567 2348 et
1602 2317 1677 2347 z'mle
1705 2328 1763 2359 pro
1785 2321 1815 2348 ct
1842 2317 1908 2354 bis,
1935 2322 1967 2347 et
1995 2319 2091 2350 verti-

1144 2390 1259 2425 cesque
1283 2389 1342 2422 pro
1370 2380 1586 2426 cervicemque
1607 2379 1742 2420 vulgatis
1770 2380 1969 2422 praeferrem.

1215 2445 1335 2471 rectam
1354 2438 1497 2485 puppim]
1531 2439 1614 2481 Alii⁷
1642 2445 1722 2471 teste
1749 2440 1863 2472 Grotio
1884 2440 1917 2472 in
1941 2441 2092 2483 margine,

1143 2508 1299 2542 erectam,
1335 2503 1421 2534 haud
1448 2503 1547 2544 male,
1590 2503 1651 2534 nisi
1679 2502 1706 2533 is
1739 2503 1845 2546 potius
1881 2515 1995 2536 sensus
2022 2517 2093 2538 esse

143 2574 208 2608 tur,
237 2565 403 2598 maximam
423 2564 668 2608 Aretoplnylaeis
691 2564 830 2608 stellam,
854 2578 951 2610 quum
972 2567 1099 2611 proprie
1150 2566 1327 2609 videretur,
1355 2567 1498 2601 colurum
1522 2567 1652 2613 puppim
1678 2573 1762 2599 recto
1791 2569 1910 2612 angulo
1936 2580 2053 2603 secare.

1602 2630 1649 2661 39.
1668 2629 1689 2652 2³⁴
