2310 2860
105 1263 191 1305 676

222 175 311 217 550
800 172 999 214 Martiani
1030 171 1229 228 Capellae
1259 172 1333 214 lib.
1353 171 1428 215 VI.
1459 174 1489 225 ᾗ.
1512 173 1614 216 674.

223 291 262 322 et
292 281 434 321 oculos
473 280 515 320 in
554 289 723 335 pectore
762 290 925 335 gerunt.

2094 285 2180 327 Ae-

1177 363 1513 420 Himantopodes
1547 364 1759 406 debilitate
1805 365 1965 420 pedum
2006 377 2181 424 serpunt

995 280 1136 336 Satyri
1180 280 1407 322 hominum
1440 280 1545 322 nihil
1576 280 1734 322 habent
1762 281 1841 322 nisi
1871 283 2036 328 faciem.

222 363 391 416 gipanes
429 359 578 414 quales
618 361 850 416 pinguntur
890 361 1104 402 exsistunt.

223 440 360 496 potius
387 454 519 496 quam
544 440 758 482 incedunt.
790 441 970 483 Pharusi
997 443 1169 483 comites
1191 443 1386 485 Herculis
1412 444 1555 497 fucre3
1587 454 1680 501 post
1702 444 1779 486 hos
1802 444 1895 487 finis
1919 455 1979 487 est
2003 446 2180 489 Africae.

601 598 680 639 DE
721 599 1000 641 AEGYPTO
1040 599 1202 651 QUAE
1242 601 1351 645 EST
1391 603 1556 645 ASIAE
1598 604 1806 646 CAPUT.

390 704 609 760 Aegyptus
653 705 829 758 dehinc,
896 707 978 748 hoe
1020 717 1080 748 est
1125 708 1249 749 Asiae
1298 721 1447 766 caput3
1502 726 1613 766 quac
1653 726 1741 753 una
1780 711 1834 753 ab
1878 713 1980 754 ostio
2017 711 2183 767 Canopi

220 784 270 826 ad
313 785 467 826 ostium
501 786 618 827 Ponti
655 787 782 829 habet
815 788 942 829 vicies
973 789 1107 830 sexies
1141 797 1309 830 centum
1342 790 1623 846 quadraginta
1656 792 1732 833 tria
1763 807 1993 848 passuum,
2028 793 2082 833 ab
2110 806 2183 833 ore

223 876 366 907 autem
395 868 514 908 Ponti
548 867 600 909 ad
636 884 681 910 os
712 870 886 911 Maeotis
925 870 1141 911 sexdecies
1177 881 1351 913 centena
1387 874 1651 929 septuaginta
1686 873 1880 930 quinque
1919 873 2052 915 millia
2087 887 2185 928 pas-

217 961 360 987 suum.
400 948 567 989 Verum
595 950 812 1006 Aegyptus
836 953 1066 993 introrsum
1093 951 1146 993 ad
1171 952 1394 993 meridiem
1421 953 1573 1005 tendit,
1604 953 1739 995 donec
1767 969 1789 995 a
1813 963 1928 1009 tergo
1955 952 2183 1009 Aethiopes

218 1027 523 1081 obversentur,
556 1031 677 1085 cujus
709 1032 952 1075 inferiorem
985 1034 1111 1075 situm
1141 1033 1264 1074 Nilus
1287 1033 1436 1075 dextra
1467 1034 1679 1089 laevaque
1710 1034 1871 1075 divisus
1903 1033 2184 1088 amplectitur,

219 1114 267 1147 ut
303 1110 545 1164 Aegyptum
588 1112 673 1152 Nili
710 1115 840 1167 possis
883 1115 1069 1154 insulam
1111 1115 1310 1155 vocitare.
1382 1115 1496 1155 Nam
1546 1115 1598 1155 ab
1643 1115 1807 1155 ambitu
1849 1112 2183 1155 circumfluentis

219 1187 355 1227 amnis
395 1188 520 1228 etiam
554 1190 676 1231 Delta
721 1191 865 1233 literae
909 1193 1090 1249 figuram
1124 1195 1310 1236 creditur
1344 1195 1552 1248 detinere;
1593 1196 1668 1237 sed
1699 1211 1722 1237 a
1762 1196 1968 1252 principio
2008 1194 2184 1236 fissurae

221 1268 350 1322 ipsius
382 1269 565 1311 fluvialis
598 1272 648 1313 ad
682 1273 951 1329 Canopicum
982 1277 1137 1316 ostium
1170 1276 1302 1317 millia
1333 1287 1506 1317 centum
1542 1277 1822 1331 quadraginta
1852 1291 1940 1317 seX.
1998 1275 2182 1316 Summa

221 1356 362 1388 autem
394 1349 483 1403 ejus
516 1366 612 1405 pars
653 1355 913 1394 contermina
945 1355 1195 1410 Aethiopiae
1241 1357 1501 1413 oppidorum
1534 1358 1690 1399 multas
1722 1357 2010 1414 praefecturas
2041 1357 2184 1408 habet,

273 1479 380 1515 ιΤῶν
404 1478 530 1529 πάρος
547 1482 748 1519 αἰθαλὲων
769 1482 959 1530 Βλεμύων
982 1484 1176 1533 ἀνέχουσι

620 1548 801 1583 κολῶναι.

218 1605 312 1647 Quae
338 1606 482 1639 fabulose
513 1614 625 1639 noster
655 1610 767 1648 tradit,
801 1610 970 1651 mittimus,
997 1613 1175 1643 mirabilem

218 1671 324 1698 tamen
343 1679 453 1700 eorum
474 1670 578 1700 visum
595 1670 693 1701 fuisse
713 1671 843 1702 Flavius
863 1685 991 1716 quoque
1010 1673 1173 1716 Vopiscus

218 1726 265 1770 (in
286 1727 396 1759 Probo
419 1731 474 1769 17,
501 1743 531 1773 p.
548 1732 620 1763 (358
647 1731 741 1774 Obr.)
765 1738 918 1773 testatur,
950 1734 1005 1777 qui
1028 1735 1173 1766 Probum

218 1790 440 1833 imperatorem
456 1805 512 1824 eos
528 1795 693 1836 subegisse
705 1797 912 1839 captivosque
924 1798 1060 1829 Romam
1071 1804 1171 1830 trans-

220 1853 335 1885 missos
355 1856 495 1899 stupenti
521 1858 640 1901 populo
658 1860 837 1891 ostendisse
855 1866 970 1892 narrat.
997 1862 1120 1894 Confer
1139 1868 1172 1895 et

221 1912 384 1945 Zosimnin
407 1917 461 1959 (1,
491 1919 560 1961 71).

294 1978 450 2024 Pharusi]
476 1981 562 2013 Mela
578 1984 740 2017 Pharusii.
751 1986 911 2020 Gne-r.—-
927 1988 1041 2021 Codex
1058 1989 1172 2020 Darni-

221 2042 386 2073 stattensis
415 2045 496 2076 male
519 2046 646 2079 Frausi.
683 2049 834 2082 Ceterum
858 2053 1070 2084 conferendus
1100 2052 1172 2084 Sal-

221 2104 337 2135 lustius
365 2105 528 2148 (Jugurth.
552 2109 626 2151 18):
658 2110 742 2142 »Sed
769 2119 937 2156 postquam
959 2114 992 2146 in
1015 2114 1173 2157 Hispania

220 2167 391 2209 Hercules,
415 2169 497 2202 sicut
511 2170 585 2203 Afri
608 2179 737 2216 putant,
761 2175 894 2216 interiit,
919 2178 1079 2209 exercitus
1101 2178 1172 2220 ejus

222 2230 418 2272 compositus
444 2244 486 2264 ex
515 2234 609 2265 variis
641 2236 790 2277 gentibus
825 2240 941 2271 amisso
974 2240 1054 2272 duce
1084 2240 1173 2272 brevi

222 2290 380 2322 dilabitur.
420 2292 472 2324 Ex
493 2305 531 2324 eo
555 2307 686 2328 numero
707 2299 810 2339 Medi,
840 2301 977 2341 Persae,
1003 2307 1036 2333 et
1059 2301 1172 2334 Arme-

221 2355 282 2395 nii,
303 2356 437 2388 navibus
455 2357 486 2389 in
505 2357 646 2391 Africam
668 2363 852 2403 transvecti,
874 2377 1045 2407 proxumos
1061 2371 1172 2398 nostro

221 2417 297 2448 mari
322 2418 412 2450 locos
438 2431 643 2464 occupavere.
681 2422 726 2454 Ili
760 2425 912 2468 paulatim
935 2439 994 2471 per
1014 2428 1174 2460 connubia

221 2480 377 2513 Gaetulos
406 2495 514 2516 secum
542 2486 715 2519 miscuere«
740 2494 800 2521 cet.

292 2544 394 2576 Asiae
417 2546 532 2592 eaput]
571 2549 646 2580 Hoc
677 2555 727 2581 est
756 2553 968 2595 principium,
993 2567 1057 2598 qua
1082 2555 1115 2587 in
1138 2566 1172 2588 re

221 2605 359 2638 Plinium
385 2611 542 2653 sequitur,
569 2614 660 2654 eujus
681 2615 760 2647 baec
785 2616 881 2649 verba
905 2621 980 2648 sunt
995 2619 1043 2659 (5,
1065 2620 1099 2657 9,
1121 2618 1173 2658 9)τ

1234 1486 1418 1518 »Adhaeret
1440 1485 1538 1527 Asia,
1562 1498 1656 1530 quam
1676 1492 1786 1530 patere
1809 1498 1827 1518 a
1852 1485 2018 1530 CanopIco
2036 1485 2120 1518 ostio
2144 1483 2184 1517 ad

1226 1550 1325 1581 Ponti
1355 1549 1471 1581 ostium
1503 1549 1692 1580 Timotheus
1719 1548 1816 1580 vicies
1850 1548 1954 1580 sexies
1988 1553 2123 1580 centena
2152 1551 2185 1578 et

1227 1613 1354 1654 triginta
1370 1625 1484 1645 novem
1505 1612 1602 1643 millia
1623 1624 1775 1656 passuum
1793 1612 1932 1651 tradidit,
1954 1612 1993 1643 ab
2009 1623 2064 1642 ore
2078 1615 2183 1642 autem

1226 1676 1323 1708 Ponti
1344 1678 1382 1708 ad
1406 1690 1442 1708 os
1467 1677 1604 1709 Maeotis
1627 1677 1860 1708 Eratosthenes
1886 1674 2030 1706 sedecies
2050 1678 2184 1706 centena

1226 1745 1258 1771 ct
1276 1739 1483 1782 quadraginta
1499 1739 1641 1782 quinque
1656 1739 1753 1770 millia
1771 1750 1958 1781 passuum«,
1979 1746 2184 1768 numerorum

1223 1808 1345 1834 tantum
1369 1803 1473 1846 aliqua
1496 1802 1697 1841 diversitate,
1726 1814 1807 1845 quae
1833 1813 1850 1832 a
1875 1801 2021 1833 codicum
2045 1798 2182 1832 auctori-

1225 1870 1289 1896 tate
1317 1865 1452 1908 pendet,
1489 1864 1590 1895 nostri
1621 1864 1699 1895 nihil
1733 1864 1872 1903 variant,
1910 1863 1972 1894 nisi
2005 1862 2093 1906 quod
2125 1872 2184 1905 pro

1226 1930 1442 1977 quadrnyinla
1464 1930 1527 1959 tria
1550 1927 1684 1960 Grotius
1706 1927 1838 1968 margini
1862 1926 2031 1970 adscripsit
2050 1926 2184 1969 tri-qiam

1225 1999 1294 2025 octo
1310 1993 1392 2036 apud
1410 1992 1489 2022 alios
1508 1991 1581 2032 legi.
1605 1992 1757 2023 Ceterum
1775 1990 1945 2034 Aegyptus
1961 1995 2066 2020 utrum
2083 1987 2181 2018 Asiae

1225 2067 1265 2086 an
1286 2053 1415 2085 Africae
1441 2058 1542 2092 esset,
1563 2052 1631 2094 jam
1657 2052 1817 2088 Herodoti
1842 2052 1895 2095 (4,
1917 2051 1976 2082 59.
1999 2048 2061 2091 41)
2085 2047 2181 2079 ambi-

1224 2130 1319 2161 guum
1340 2117 1496 2158 judicium
1525 2122 1591 2155 (ξεῖ,
1628 2115 1744 2159 quibus
1773 2126 1870 2158 quum
1902 2112 2046 2156 plerique
2073 2111 2183 2143 Nilum

1224 2179 1397 2213 confinssum
1425 2179 1538 2209 darent
1562 2177 1648 2220 (vide
1680 2177 1719 2208 ad
1744 2174 1772 2219 ξ.
1787 2174 1890 2217 626),
1914 2173 2020 2217 prouti
2045 2173 2183 2217 Canopi·

1224 2256 1295 2276 cum
1315 2243 1364 2274 vel
1394 2242 1625 2274 Pelusiotieum
1651 2240 1720 2281 ejus
1745 2239 1862 2270 ostium
1886 2243 2100 2282 spectaretur,
2128 2248 2182 2269 an·

1223 2319 1299 2351 ceps
1323 2306 1406 2337 inter
1432 2311 1598 2347 utramque
1623 2302 1774 2334 haerebat
1797 2302 1895 2346 (conf.
1915 2307 1948 2333 et
1969 2298 2129 2332 Herodot.
2145 2299 2181 2341 2,

1227 2372 1272 2403 1ss
1295 2382 1366 2402 cum
1388 2374 1462 2400 nota
1488 2366 1640 2408 Baehrii).

1296 2428 1414 2474 Delta]
1442 2428 1628 2460 Herodotus
1651 2427 1704 2471 (2,
1737 2425 1813 2470 15),
1839 2424 1965 2457 Plinius
1990 2425 2043 2469 (5,
2070 2424 2110 2465 9,
2131 2423 2180 2467 9),

1223 2494 1343 2528 Strabo
1368 2493 1430 2532 15,
1461 2505 1490 2535 p.
1507 2491 1590 2523 701.
1621 2491 1684 2530 16,
1705 2502 1734 2533 p.
1750 2490 1834 2521 768.
1862 2490 1920 2529 17,
1948 2501 1979 2533 p.
1993 2489 2077 2520 788.
2097 2488 2181 2519 801.

1224 2560 1298 2591 818
1324 2555 1493 2598 casaub),
1519 2553 1794 2597 Ptolemae-1504,
1819 2552 1870 2595 51⁹),
1895 2551 2083 2583 Ammianus
2104 2548 2177 2591 (22,

1229 2624 1290 2661 153
1314 2620 1428 2662 ῃὸῧῖι
1448 2618 1615 2656 Gronov),
1640 2618 1725 2647 Mein
1746 2616 1795 2656 (1,
1811 2616 1846 2652 3,
1866 2613 1927 2651 163
1953 2624 1983 2655 p.
1999 2611 2043 2643 12
2058 2611 2177 2646 Voss).
