2310 2860
148 408 197 450 19
227 410 333 452 dum
374 423 519 450 meare
548 408 724 464 cogebat
766 409 931 451 orbem.

224 223 288 267 54

813 218 1013 263 Martiani
1049 216 1250 275 Capellae
1286 215 1360 259 lib.
1384 214 1419 259 I.
1461 217 1492 269 §.
1514 217 1581 259 19.

225 328 416 370 similiter
454 326 627 368 anhelos
668 327 783 383 ignes
824 335 898 368 aut
934 323 1137 381 torpentis
1176 323 1344 380 frigoris
1383 337 1549 365 venena
1587 321 1810 376 miscebat,
1848 324 1959 366 etin
1995 324 2183 380 affligen-

999 406 1099 449 Tali
1135 405 1204 447 dei
1242 412 1585 461 temperamento
1615 404 1764 446 Virtus
1808 403 2044 455 admonita,
2090 418 2186 445 ma-

226 494 374 548 gisque
406 499 547 545 quum
583 503 683 531 eum
716 489 922 531 salutares
954 500 1079 530 auras
1111 485 1291 527 miscere
1324 487 1606 543 conspiceret,
1637 486 1791 528 Graeci
1822 490 1971 543 po'etae
2002 486 2186 542 Grajum

231 586 410 614 versum
438 570 658 613 Mercurio
691 570 995 627 comprobante
1025 577 1359 610 commemorat:

701 653 847 694 Φοῖβος
876 648 1133 699 ἀκερσεκόμης
1159 649 1296 695 λοιμοῦ
1322 647 1496 698 νεφέλην
1521 646 1718 696 ἀπερύκει.

229 728 296 769 Ex
320 741 407 782 quo
433 736 594 782 pestem
621 727 760 783 fugari
781 742 904 783 posse
925 725 1185 774 Mercurius,
1207 724 1241 765 si
1266 737 1393 764 voces
1417 723 1584 780 primae
1609 722 1791 778 vestigiis
1814 722 1905 777 ejus
1927 721 2189 774 accederent,

229 807 496 849 admonebat.

141 890 201 932 <2ss
230 887 443 942 laurigera
478 888 718 930 infularum
749 889 915 931 lubrico
954 888 1233 944 implexoque
1263 886 1378 928 crine
1415 885 1625 928 redimito.

565 808 822 850 Subdendae
870 818 1012 850 tamen
1053 805 1194 847 Clario
1242 803 1399 846 fidibus
1440 805 1705 861 personanti,

1767 813 1897 860 atquc
1941 805 2049 846 inter
2080 812 2192 845 serta

1696 886 1821 928 Talia
1851 894 2115 928 conserentes
2142 893 2193 927 ut

227 969 379 1024 procul
418 969 596 1024 Pythius
636 970 867 1012 adventare
905 971 1143 1028 conspexit,
1203 983 1468 1024 causamque
1501 967 1710 1011 adventus
1745 967 1890 1025 primis
1926 961 2192 1025 adspectibus

228 1082 260 1108 et
280 1076 466 1108 Britannico
487 1077 618 1120 reposui
640 1090 699 1121 pro
721 1079 878 1112 Grotiano
908 1082 1004 1113 aeris.
1045 1079 1085 1112 Id
1102 1078 1186 1110 enim

227 1137 256 1169 si
285 1137 418 1178 legeris,
453 1149 567 1170 sensus
595 1141 773 1171 contrarius
801 1142 916 1182 exibit,
951 1141 1110 1185 siquidem
1131 1140 1187 1172 ssa-

228 1211 323 1240 grans
344 1205 449 1230 aestas
471 1206 504 1230 ct
526 1206 658 1245 torpens
679 1202 779 1243 frigor
801 1203 899 1234 mixta
922 1203 1093 1235 salutarem
1112 1201 1188 1233 dant

228 1259 430 1303 temperiem,
459 1261 644 1305 neutiquam
664 1263 796 1295 noxium
814 1264 1001 1296 mortalibus
1019 1275 1187 1296 venenum.

305 1322 448 1368 coqebat]
476 1325 675 1357 Basilecnsis
701 1328 887 1370 ablegsnbat,
917 1339 983 1359 non
1007 1327 1099 1359 male.

303 1386 477 1433 salutares]
505 1388 533 1418 E
558 1389 721 1421 codicibus
750 1391 1000 1422 Monacensibus
1020 1391 1072 1434 (B.
1091 1390 1131 1422 C.
1147 1389 1187 1420 D.

228 1447 303 1492 R),
332 1450 476 1494 quamvis
499 1453 653 1484 salutaris
680 1466 779 1485 auras
814 1455 949 1497 quilibet
978 1454 1073 1485 etiam
1097 1452 1188 1484 intel-

227 1509 378 1551 lexisset,
412 1524 429 1543 e
455 1512 618 1544 literarum
644 1513 661 1545 1
688 1520 720 1544 et
744 1515 772 1544 E
799 1515 996 1546 confusione.

305 1575 425 1606 Graeci
450 1574 575 1620 poetae]
610 1577 675 1608 Pro
717 1578 836 1610 Graeci
871 1578 1007 1610 Grotius
1047 1577 1192 1608 ediderat

228 1639 331 1677 caeci,
356 1638 519 1681 explicans
540 1640 618 1670 haee
637 1640 734 1671 verba
757 1641 796 1671 de
812 1641 967 1681 Homero,
992 1639 1193 1682 addensque:

235 1700 300 1732 »sic
322 1713 418 1743 supra
445 1701 676 1733 caecutientem
704 1689 909 1735 Maeonidem
927 1704 1027 1743 dixit,
1055 1709 1087 1735 ct
1112 1703 1190 1734 Ter-

227 1763 383 1796 tullianus
402 1763 594 1796 Homericos
615 1766 726 1798 oculos
749 1779 806 1811 pro
827 1768 930 1799 caecis
954 1767 1035 1799 libro
1060 1767 1099 1799 de
1123 1766 1190 1810 pal-

227 1826 302 1859 lio.«
323 1846 371 1852 -—
389 1828 480 1859 Haec
502 1828 574 1859 ille:
601 1829 657 1860 sed
683 1830 759 1862 olim
782 1831 829 1873 (in
853 1832 1013 1874 palaeogr.
1040 1830 1108 1861 erit.
1131 1829 1190 1860 111.

228 1888 257 1933 ξ.
278 1891 342 1934 61)
359 1891 427 1932 jam
453 1891 620 1923 observavi
646 1894 730 1936 apud
756 1893 934 1925 Homerum
958 1894 1076 1924 frustra
1100 1892 1191 1924 illum

232 1963 361 1983 versum
386 1952 513 1996 quaeri,
539 1953 615 1985 licet
634 1954 853 1987 WValtbardns
878 1955 921 1999 (p.
941 1955 1003 1999 85)
1028 1967 1102 1987 eum
1121 1954 1191 1986 llo-

234 2013 311 2045 meri
328 2026 398 2046 esse
419 2015 629 2048 contenderit.
663 2017 717 2049 Mc
740 2017 869 2060 quidem
889 2017 974 2049 baud
998 2017 1096 2059 fugit,
1120 2017 1191 2061 plu·

234 2085 286 2106 res
313 2075 435 2107 laudari
457 2076 526 2118 ejus
552 2089 682 2118 versus,
717 2079 771 2122 qui
794 2091 859 2110 nou
883 2079 916 2110 in
942 2079 1029 2110 omni
1051 2079 1191 2110 editione

234 2139 434 2181 reperiantur
454 2139 623 2183 (Quinctil.
649 2143 688 2182 5,
718 2143 781 2182 11,
810 2143 869 2174 40.
893 2155 924 2186 p.
941 2143 1015 2175 555
1045 2141 1190 2185 Spald.)3

235 2211 341 2242 neque
362 2201 473 2241 ignoro
495 2202 631 2234 eundem
653 2209 780 2246 poetam
802 2216 914 2235 canere
933 2210 1069 2248 pestem,
1097 2215 1192 2247 quam

236 2262 390 2295 Phoebus
422 2264 605 2303 immiserit,
643 2266 784 2298 sedatam
808 2267 860 2311 (Il.
883 2280 919 2302 α,
946 2267 1054 2311 472)ε
1081 2279 1192 2298 verum

236 2325 293 2358 illo
317 2326 501 2369 neutiquam
524 2329 623 2360 utitur
651 2341 754 2361 versu.
795 2330 988 2375 Opportune
1007 2331 1102 2373 igitur
1121 2332 1191 2362 llu-

237 2387 350 2428 gianus
379 2388 481 2419 codex
511 2389 681 2422 lectionem
708 2392 855 2435 praebuit
881 2393 1017 2425 »Graeci
1039 2399 1191 2437 poetae«,

237 2460 334 2491 qnam
360 2460 377 2480 e
403 2450 508 2481 causis
539 2451 572 2482 in
604 2458 678 2483 nota
708 2454 856 2497 sequenti
890 2454 1044 2499 expositis
1077 2455 1192 2486 lubens

238 2510 356 2554 recepi.

315 2567 582 2618 ἀκερσεκόμης]
607 2573 655 2605 Ita
678 2574 780 2606 codex
802 2576 1007 2609 Britannicus
1024 2584 1056 2610 et
1075 2578 1191 2611 Canta-

239 2632 416 2675 brigiensis.
459 2636 498 2668 In
525 2648 581 2678 eo,
619 2649 714 2681 quem
743 2638 960 2672 *vahl-ardus
992 2643 1024 2673 in
1055 2642 1193 2673 medium

1238 1077 1389 1121 protulit,
1429 1075 1554 1109 Latinis
1596 1076 1724 1121 quidem
1762 1076 1879 1121 scripta
1909 1076 2012 1109 literis
2042 1076 2195 1118 leguntur

1245 1141 1508 1173 „akei-sekomesu
1539 1145 1571 1172 et
1606 1141 1793 1185 »aparukciu
1828 1153 1886 1185 pro
1917 1140 2033 1184 quibus
2059 1139 2195 1172 Grotius

1240 1202 1341 1234 edidit
1365 1198 1620 1247 χρυσοκόμης
1644 1207 1676 1232 et
1699 1197 1766 1235 ἀπ’
1794 1202 1938 1247 ἔρυκεν.
1980 1202 2091 1246 Quum
2118 1213 2196 1235 vere

1239 1264 1334 1297 lectio
1368 1263 1443 1303 illa,
1471 1275 1565 1306 quam
1597 1262 1723 1306 recepi,
1763 1263 1873 1294 cadem
1909 1262 1970 1304 sit,
2001 1275 2083 1307 quae
2110 1263 2197 1308 apud

1239 1325 1419 1358 Lucianum
1446 1324 1492 1367 (in
1513 1324 1610 1355 Alex.
1629 1325 1690 1356 58.
1712 1324 1752 1356 T.
1774 1326 1808 1356 5.
1831 1336 1862 1367 p.
1879 1325 1926 1355 97
1952 1324 2041 1368 Bip.)
2066 1324 2194 1367 legitur,

1239 1389 1403 1421 Homerus
1427 1393 1533 1418 autem
1560 1388 1645 1418 hune
1678 1398 1806 1418 versum
1831 1398 1896 1419 non
1918 1387 2051 1429 habeat3
2086 1387 2196 1420 verisi-

1240 1450 1316 1483 mile
1343 1455 1409 1489 est,
1445 1448 1637 1480 Martiannm
1662 1460 1702 1479 ex
1725 1448 1781 1479 illo
1806 1449 1962 1481 hausisse.
2191 1486 2194 1488 v

1306 1511 1388 1558 ejus]
1403 1512 1552 1553 Intellige
1567 1514 1674 1555 pestis.
1692 1512 1822 1555 Quippe
1834 1512 1906 1545 τοῦ
1921 1512 2059 1556 λοιμοῦ
2073 1511 2197 1556 ἀλεξι-

1243 1571 1451 1621 φάρμακον
1468 1573 1655 1612 habebatur,
1678 1577 1714 1602 ut
1738 1573 1781 1603 ait
1796 1573 1974 1614 Lucianus,
2000 1575 2054 1606 ille
2072 1587 2197 1617 versus,

1243 1646 1307 1678 quo
1332 1633 1441 1675 januis
1474 1633 1627 1677 inscripto
1659 1634 1759 1665 arceri
1786 1640 1910 1677 pestem
1940 1636 2087 1669 domibus
2115 1637 2195 1670 arbi-

1242 1697 1415 1729 trahantur.

1316 1756 1515 1802 subdendae]
1534 1757 1572 1789 In
1591 1757 1701 1790 codice
1715 1758 1903 1792 Britannico
1924 1760 2006 1792 male
2021 1762 2196 1794 subdendo.

1242 1821 1474 1863 Intelligendae
1499 1822 1582 1853 enim
1605 1834 1698 1855 voces
1720 1830 1805 1865 sunt,
1828 1836 1909 1869 quae
1931 1827 2018 1858 mitis
2033 1826 2197 1871 Apollinis

1242 1886 1372 1928 imagini
1396 1886 1646 1918 subscribantur.

1315 1948 1432 1991 fidibus
1453 1946 1655 1993 personanti]
1683 1948 1757 1981 Hoc
1785 1955 1834 1981 cst
1865 1951 1991 1995 placido
2008 1975 2017 1992 ,
2061 1952 2198 1985 conditis

1243 2011 1380 2054 sagittis.
1420 2011 1472 2044 De
1498 2010 1654 2055 Apolline
1676 2011 1812 2044 Senius
1842 2013 1897 2058 (ad
1921 2014 2006 2047 Aen.
2022 2016 2064 2056 5,
2094 2015 2197 2058 158):

1251 2076 1333 2108 „llic
1361 2081 1488 2115 contra,
1524 2075 1551 2105 si
1576 2075 1728 2107 citharam
1755 2082 1877 2118 teneat,
1902 2080 1988 2110 mitis
2011 2083 2071 2111 est.
2102 2078 2197 2110 Unde

1243 2137 1418 2170 Horatius:
1444 2136 1586 2168 Condito
1614 2138 1699 2168 mitis
1722 2139 1931 2182 placidusque
1954 2139 2037 2179 telo,
2065 2138 2197 2184 Suppli-

1244 2213 1298 2235 ees
1323 2200 1396 2233 audi
1418 2212 1536 2244 pueros
1557 2199 1708 2245 Apollo.«
1749 2202 1871 2234 Confer
1890 2207 1922 2233 ct
1940 2202 2115 2235 Maximum
2133 2203 2196 2248 Ty-

1243 2266 1325 2298 rium
1346 2265 1419 2296 loeo
1443 2276 1538 2308 supra
1559 2264 1601 2309 (§.
1624 2267 1668 2297 15
1693 2264 1771 2309 not.)
1791 2265 1923 2298 inserto.

1319 2325 1499 2372 conspexit]
1509 2326 1746 2370 Mannseriptus
1762 2327 1863 2358 codex
1878 2328 1980 2360 bonae
1996 2329 2196 2373 antiquioris-

1244 2402 1306 2435 que
1327 2395 1443 2430 notae,
1479 2403 1574 2434 quam
1599 2402 1727 2429 omnes,
1762 2396 1795 2421 ut
1827 2398 1925 2435 puto,
1954 2394 2108 2425 hactenus
2130 2393 2195 2426 col-

1243 2452 1320 2493 lati,
1351 2452 1448 2483 babet
1468 2454 1661 2495 prae-spexit.
1700 2451 1799 2495 Quod
1825 2453 1968 2484 ordinem
1993 2455 2040 2485 rei
2071 2455 2198 2487 videtur

1245 2514 1387 2556 argutius
1413 2513 1591 2557 concipere.
1633 2514 1825 2557 Praespcxit
1855 2515 1939 2546 enim
1962 2517 2103 2548 nondum
2125 2517 2197 2549 aliis

1245 2578 1416 2611 videndum
1439 2582 1582 2614 coetum-3
1620 2577 1696 2621 quid
1718 2578 1814 2609 vellet
1836 2579 1920 2610 idem
1944 2580 2053 2623 primis
2080 2592 2119 2612 ex
2145 2582 2197 2613 ad-

1247 2640 1411 2685 spectibus
1431 2638 1519 2671 velut
1538 2644 1629 2671 antea
1651 2645 1763 2671 notum
1784 2641 1977 2682 recognoxit.
2003 2642 2085 2674 Miro
2103 2643 2197 2675 modo
