2310 2860
178 125 270 167 468
751 117 952 158 Martiani
984 115 1184 171 Capellae
1214 113 1286 154 lib.
1309 112 1365 154 V.
1395 114 1426 163 ᾗ.
1446 112 1545 153 551.

176 231 436 280 verisimilis,
482 236 529 268 ut
567 225 732 275 brevis,
784 233 824 265 et
862 223 927 264 his
970 221 1179 263 contraria
1218 219 1318 261 vitia
1358 228 1579 261 vocantur.
1638 217 1803 259 Lucida
1842 228 1901 259 est
1929 219 2130 269 narratio,

173 312 208 352 si
248 326 331 351 non
367 306 564 356 confusa,
616 305 648 345 si
695 317 818 353 vera,
863 302 897 343 si
936 300 1095 342 usitatis
1139 298 1531 354 significationibus,
1591 300 1625 340 si
1663 314 1746 340 non
1793 299 1918 353 longo
1953 301 2131 341 circuitu

176 405 268 432 rem
308 396 616 436 monstremus;
662 382 922 433 verisimilis,
974 381 1008 421 si
1042 379 1148 420 nihil
1184 378 1373 419 affectate
1407 389 1447 420 et
1482 380 1605 433 qiuassi
1645 394 1697 419 ex
1737 387 1890 419 natura
1921 393 2131 432 exponere

180 468 427 518 videamur,
476 466 640 516 brevis,
690 464 724 504 si
754 478 839 504 non
870 461 982 502 ultra
1015 475 1150 515 quam
1191 474 1258 500 rcs
1291 460 1416 516 exigit
1443 469 1482 500 et
1512 458 1679 514 prolixe
1714 457 1919 498 fundatur
1951 459 2130 499 assertio.

173 549 482 591 Narrationum
509 547 613 587 aliae
643 554 741 586 sunt
764 544 894 599 ipsius
926 556 1078 584 causae
1111 550 1150 581 et
1180 541 1354 595 negotii,
1387 541 1491 581 aliae
1522 539 1763 581 incidentes.
1822 539 1960 595 Ipsius
1983 553 2134 580 causae

173 640 291 680 sunt,
334 630 422 671 sine
465 628 623 682 quibus
662 640 729 667 res
769 639 881 678 quae
922 623 1057 678 agitur
1096 622 1268 677 intelligi
1308 636 1390 662 non
1432 630 1585 676 potest3
1631 620 1879 671 incidentes,
1919 635 2032 675 quae
2063 629 2136 661 aut

174 710 432 768 probationis
456 708 588 764 gratia
614 716 687 748 aut
711 705 896 761 exempli
922 713 996 745 aut
1019 702 1202 758 augendi
1226 710 1299 743 aut
1320 699 1504 741 invidiae
1531 709 1602 740 aut
1626 700 1852 755 voluptatis
1876 700 2134 741 extrinsecus

174 791 426 832 afferuntur.
486 787 693 830 Nonnulli
725 786 918 840 quinque
949 784 1108 839 species
1140 781 1392 823 narrationis
1429 795 1519 819 esse
1550 780 1771 831 dixerunt,
1803 791 1850 821 ut
1876 779 2134 821 Theodorus

178 871 403 926 Byzantius
435 870 598 910 Graece
646 867 844 908 discernit
894 864 1171 915 προὸιήγηόιν,
1205 861 1480 911 ὑπόὂιήγησιν,
1519 863 1823 912 παραδιήγηόιυ,
1867 862 2133 911 εἷναὸιήγηόιν,

170 956 461 1005 καταὸιήγησιν.
496 949 758 991 Narrationis
783 948 907 988 etiam
933 945 1142 986 elementa
1160 951 1258 983 sunt
1278 956 1366 991 seX,
1389 956 1582 996 persona,
1616 956 1755 992 causa,
1787 942 1919 992 locus,
1953 952 2136 997 tempus,

176 1034 365 1084 materia,
382 1047 460 1073 res.
489 1031 597 1071 Item
620 1029 914 1070 narrationum
939 1026 1044 1066 aliae
1064 1024 1300 1073 continuae,
1328 1023 1431 1063 aliae
1456 1024 1624 1078 partiies
1643 1033 1870 1075 vocantur,
1899 1024 2136 1073 continuae,

176 1130 286 1170 quae
319 1121 527 1169 perpetuo
559 1118 759 1150 contextu
791 1108 880 1147 sine
920 1105 1008 1145 ulla
1044 1101 1350 1156 interruptione
1380 1100 1602 1153 dicuntur,
1642 1102 1831 1156 partiles,
1877 1104 2034 1155 quibus
2064 1103 2135 1142 vel

173 1202 476 1249 argumentum
515 1191 584 1232 vel
619 1188 819 1244 digressio
858 1186 1001 1240 aliqua
1041 1182 1336 1237 interponitur.
1403 1182 1643 1223 Nat-ramus
1688 1191 1830 1223 autem
1861 1182 1999 1223 modis
2039 1197 2133 1223 sex:

174 1282 246 1314 aut
277 1282 473 1326 augentes
510 1269 691 1323 aliquid,
738 1277 810 1309 aut
848 1274 1090 1315 tenuantes‚
1139 1273 1478 1318 praetereuntes,
1527 1274 1598 1305 aut
1639 1274 1877 1314 moventes,
1925 1263 2133 1312 docentes,

171 1354 348 1408 gratiani
388 1352 457 1394 vcl
494 1350 700 1391 invidiam
741 1354 1049 1402 comparantes

243 1542 430 1589 videamur]
461 1542 598 1576 Coi-rexi
630 1541 718 1585 quod
755 1540 789 1571 in
823 1538 917 1570 editis
944 1537 1062 1578 legitur
1085 1537 1128 1566 υἰ-

171 1611 301 1649 deatur,
336 1608 482 1640 codicum
505 1604 710 1640 Monacensis
734 1602 790 1646 (C)
812 1607 845 1633 et
864 1598 1131 1632 Darnistattensis

171 1670 371 1704 auctoritate.

246 1737 277 1762 et
304 1726 447 1773 prolixe]
474 1727 578 1767 Lege:
604 1736 681 1756 »nec
709 1722 862 1767 prolixe.«
886 1722 1013 1753 vomu.
1031 1721 1131 1763 (spec.

172 1795 241 1826 crit.
264 1807 294 1837 p.
312 1792 438 1834 85).—
467 1789 558 1820 Ferri
583 1794 688 1819 tamen
716 1785 892 1818 communis
915 1784 1054 1815 omnium
1078 1795 1129 1814 eo-

173 1856 280 1887 dicum
309 1853 404 1885 lectio
428 1856 550 1895 potest,
587 1850 682 1881 modo
713 1847 793 1878 illud
825 1859 890 1878 non
924 1846 1009 1889 quod
1040 1856 1129 1888 prae-

174 1917 260 1949 cedit
292 1917 354 1946 hue
382 1913 477 1945 etiam
504 1913 627 1950 trahas,
656 1921 719 1953 qno
746 1910 830 1940 sacto
857 1914 886 1939 et
915 1920 981 1939 uon
1005 1908 1131 1950 prolixe

173 1980 262 2010 idem
290 1977 350 2008 erit
374 1982 469 2019 atque
500 1987 558 2006 nec
581 1974 716 2017 prestre.
765 1971 803 2003 Si
828 1971 904 2014 quid
932 1970 1130 2010 mutandum,

175 2041 228 2073 rel
255 2038 452 2072 commodius
476 2043 504 2068 el
532 2035 711 2077 ejiciemuS,
737 2032 824 2076 quod
849 2045 888 2063 ex
910 2031 1131 2076 praecedentis

175 2102 324 2137 vocabuli
348 2100 469 2144 syllaba
493 2104 633 2130 extrema
660 2097 735 2128 oriri
759 2095 871 2139 potuit.

252 2169 308 2195 aut
323 2159 477 2205 anyendi]
505 2159 561 2191 Sic
585 2157 697 2201 scripsi
717 2170 732 2188 e
755 2157 863 2188 codice
887 2157 1010 2197 Grotii3
1035 2157 1132 2198 vulgo

178 2226 314 2270 agendi,
350 2223 426 2254 licet
456 2226 530 2259 aut,
562 2219 649 2262 quod
680 2231 697 2249 a
726 2218 831 2250 Grotii
858 2218 996 2250 editione
1026 2218 1131 2258 abest,

176 2289 243 2330 jam
266 2287 299 2317 in
320 2283 532 2317 anterioribus
556 2281 639 2313 clare
665 2285 776 2311 exstet.

260 2345 463 2391 Theodorus]
497 2345 582 2377 Vide
615 2344 758 2376 Suidam.
784 2344 846 2374 llic
866 2344 919 2374 ille
943 2343 997 2386 qni
1021 2342 1130 2387 λογο-

183 2412 370 2450 &deame
399 2409 562 2442 dicebatur
591 2419 608 2438 a
637 2406 782 2437 Platone.
795 2406 954 2437 (311101.-
985 2405 1133 2437 Platonis

184 2477 275 2508 locus
298 2479 348 2505 est
368 2472 401 2503 in
423 2470 571 2502 Phaedro
592 2468 635 2512 (p.
645 2468 718 2499 266
735 2467 781 2509 R).
808 2467 906 2498 Plura
925 2467 1011 2498 dabit
1030 2466 1134 2510 Spen-

187 2539 290 2582 gelius
320 2537 398 2581 (art.
424 2534 532 2578 script.
559 2545 589 2577 p.
608 2530 701 2574 100).
743 2529 893 2565 Ceterum
916 2536 951 2562 ut
973 2530 1135 2575 quinarius

1123 1344 1219 1384 Post
1257 1343 1546 1383 narrationem
1590 1343 1768 1398 quidem
1806 1343 2133 1398 digressionem,

1181 1543 1332 1564 numerus
1348 1532 1542 1575 expleretur,
1555 1531 1624 1573 jam
1643 1531 1777 1564 Grotius
1792 1528 2048 1577 ἀναὸιήγηὸιν
2064 1532 2136 1564 addi

1177 1595 1335 1636 jusserat,
1367 1607 1462 1638 qnam
1488 1607 1572 1626 nune
1599 1607 1616 1626 e
1641 1596 1751 1626 codice
1773 1595 2022 1626 Darinstattensi
2045 1595 2137 1627 resti-

1182 1656 1243 1696 tui,
1273 1656 1530 1687 Reichenauensi
1556 1668 1684 1699 quoque
1710 1656 1939 1698 adstipulante,
1967 1658 2022 1699 qui
2045 1652 2136 1689 ἀνα-

1182 1715 1344 1764 ὃή·1.ἠόιν
1371 1719 1501 1750 exhibet
1532 1725 1689 1763 corrupte.
1743 1719 1860 1751 Curius
1887 1719 2136 1750 fortunatianus

1182 1782 1305 1826 (p.62)
1331 1788 1402 1813 octo
1433 1788 1593 1822 numerat,
1629 1778 1822 1827 διήγησιν,
1858 1778 2135 1827 ιέντιὸιήγησιν,

1181 1842 1339 1890 μερικὴν
1351 1842 1538 1889 διήγησιν,
1552 1842 1849 1891 παραόιήγηόιν,
1865 1842 2137 1891 ὐποὸιήγηόιν,

1183 1903 1472 1951 καταόιήγηόιν,
1496 1902 1749 1950 ἐπιὸιήγηῦιν,
1769 1902 1988 1950 διασκευήν,
2005 1918 2138 1950 quarum

1181 1969 1285 2011 prima
1318 1967 1359 1998 sit
1395 1967 1596 2010 principalis,
1633 1968 1794 2006 secunda,
1833 1979 1931 2010 quum
1967 1967 2138 1999 adversarii

1184 2032 1352 2063 afferamus
1396 2031 1609 2062 narrationem
1654 2042 1809 2062 converso
1847 2042 1979 2072 genere,
2023 2025 2136 2068 ter-taz,

1184 2107 1282 2138 quum
1299 2098 1406 2137 partes
1422 2093 1563 2134 singulas
1580 2094 1769 2125 narrationis
1783 2094 1981 2132 inducamus,
2006 2099 2136 2139 quarta,

1185 2169 1283 2201 quum
1310 2156 1432 2199 aliquas
1458 2167 1510 2187 res
1535 2163 1642 2197 gestas
1667 2162 1755 2187 extra
1781 2167 1908 2187 causam
1931 2154 2134 2195 inducamus,

1185 2220 1317 2266 quinta,
1338 2216 1465 2260 quando
1492 2217 1710 2260 quaestionem
1728 2216 1886 2247 narrative
1908 2217 2003 2248 modo
2021 2229 2134 2260 appro-

1183 2280 1312 2318 bemus,
1341 2284 1453 2316 sexta,
1484 2290 1581 2321 quum
1605 2278 1672 2308 sola
1696 2276 1875 2308 narratione
1902 2278 2033 2309 materia
2060 2289 2133 2310 con-

1181 2343 1335 2381 tineatur,
1374 2343 1526 2384 septima,
1571 2352 1668 2383 quum
1711 2339 1807 2370 latius
1844 2351 2057 2384 exsequamur
2081 2353 2133 2373 res

1184 2408 1290 2445 gestas
1312 2413 1391 2446 quas
1415 2402 1448 2433 in
1472 2401 1651 2432 narratione
1679 2400 1817 2432 breviter
1843 2401 2055 2444 attige1·imuS‚
2084 2414 2132 2435 oc-

1185 2471 1278 2503 tava,
1316 2475 1397 2507 quae
1425 2474 1478 2496 res
1505 2467 1611 2506 gestas
1640 2474 1705 2495 non
1735 2467 1799 2495 tam
1824 2462 1937 2497 doceat
1962 2476 2056 2509 quem
2078 2476 2132 2498 ex-

1185 2531 1322 2570 aggeret.
