2310 2860
96 791 182 835 878

101 1456 188 1500 879

218 194 309 238 682

220 300 451 352 tricesi1na3
483 297 709 340 Diarhodu
734 298 952 338 maximus
977 297 1103 338 horas
1132 296 1458 351 quatuordecim
1480 307 1521 339 et
1544 298 1676 350 besse,
1705 307 1745 340 et
1769 300 1971 343 minimus
1995 316 2176 354 nove1n3

762 191 962 233 Martiani
992 189 1194 248 Capellae
1221 188 1294 231 lib.
1324 189 1444 232 VIII.
1474 192 1507 244 ᾗ.
1532 192 1629 234 877.

218 383 476 427 Diarhomes
514 380 730 422 maximus
771 379 1037 435 quindecim,
1087 379 1292 421 minimus
1330 394 1511 433 novem;
1557 380 1913 437 Diahellespontu
1958 384 2175 424 maximus

218 464 347 505 horas
381 461 651 518 quindecim,
687 461 891 502 minimus
923 469 1015 501 octo
1042 469 1081 501 et
1105 460 1245 513 besse3
1277 460 1628 518 Diaborysthenis
1648 463 1864 504 maximus
1887 463 2014 504 horas
2050 464 2176 518 quin-

219 531 358 587 decim
411 554 451 586 et
494 545 636 596 hesse,
698 543 903 584 minimus
951 552 1043 584 octo
1084 553 1123 584 et
1167 543 1384 597 trientem3
1441 544 1733 600 Diariphaeon
1785 545 2002 586 maximus
2049 544 2176 586 horas

218 628 427 681 sedecim,
458 628 660 669 minimus
685 635 790 668 octo.
850 625 1017 667 Deinde
1047 639 1187 680 quum
1218 640 1354 682 prope
1383 625 1601 666 cardinem
1627 627 1864 678 accesseris,
1895 626 2059 681 longior
2088 625 2177 666 dies

217 724 387 766 semper
417 709 680 764 breviorque
719 722 806 749 nox
844 705 936 759 fiet3
973 706 1160 761 denique
1192 706 1400 761 colligitur
1429 708 1510 750 sub
1540 708 1630 764 ipso
1660 723 1765 750 vero
1806 708 1977 749 cardine
2006 721 2176 763 semper

215 791 331 834 diem
352 806 451 833 esse.
484 791 649 832 Interea
675 789 739 831 his
767 788 1006 830 climatibus
1030 789 1190 844 quibus
1213 799 1409 830 crescunt
1431 789 1768 846 decrescuntque
1791 790 1921 842 luces,
1952 788 2174 831 sciendum

218 889 244 916 a
278 874 438 916 bruma
476 874 533 915 ita
569 873 657 915 dies
699 887 960 923 accrescere,
1000 881 1047 912 ut
1085 871 1225 927 primo
1263 885 1409 912 mense
1447 869 1703 913 duodecima
1741 872 1930 925 ejusdem
1974 871 2177 927 temporis

218 953 337 1010 quod
371 952 543 995 additur
575 962 727 994 aestate
758 962 989 1004 accrescat,
1031 952 1220 993 secundo
1247 966 1393 993 mense
1423 961 1561 1003 sexta,
1592 955 1712 994 tertio
1748 962 1919 1008 quarta,
1959 961 1998 993 et
2023 961 2177 1007 quarto

215 1050 365 1078 mense
390 1034 471 1076 alia
503 1043 679 1089 quarta,
710 1034 858 1089 quinto
882 1043 1023 1085 sexta,
1056 1044 1173 1075 sexto
1205 1033 1472 1075 duodecima.
1531 1032 1644 1074 Illud
1675 1047 1852 1088 quoque
1883 1031 2176 1083 manifestum,

218 1116 337 1172 quod
381 1115 577 1157 zodiacus
616 1115 728 1157 circa
765 1114 983 1157 Cancrum
1023 1114 1430 1171 Capricornumque
1464 1111 1616 1154 flexior
1653 1112 2008 1169 aequinoctialem
2039 1127 2174 1169 paene

215 1197 429 1247 directum
457 1206 583 1239 secat.

853 1337 933 1379 DE
977 1338 1203 1380 STELLA
1245 1299 1552 1379 MERCuRII.

384 1455 601 1497 Hactenus
630 1455 683 1496 de
714 1456 832 1508 Sole3
868 1470 984 1497 nunc
1014 1456 1282 1512 planetarum
1317 1470 1466 1497 cursus
1497 1455 1694 1497 convenit
1723 1454 1900 1506 intueri,
1932 1468 2176 1510 eorumque

1852 1537 1968 1579 Nam
2011 1537 2175 1578 Stilbon

214 1634 349 1675 paene
373 1616 472 1659 anni
496 1616 708 1657 circulum
739 1615 900 1656 ducens
930 1631 1006 1671 per
1037 1627 1129 1658 octo
1160 1618 1389 1660 latitudinis
1414 1628 1553 1675 partes
1579 1619 1738 1660 alterna
1761 1618 1912 1659 incitus
1931 1613 2174 1658 diversitate

213 1538 443 1596 praecipue
487 1537 562 1592 qui
601 1536 712 1577 circa
755 1536 899 1577 Solem
938 1539 1232 1594 peragratione
1273 1538 1492 1580 mundana
1536 1538 1784 1580 volvuntur.

288 1757 321 1785 et
345 1748 454 1795 besse]
486 1747 620 1793 Reliqui
657 1747 828 1779 lectionem
858 1753 966 1792 aperte
990 1754 1171 1793 corruptam

216 1827 286 1849 eam
308 1820 432 1847 tantum
457 1813 499 1845 ob
523 1823 669 1852 eausam,
699 1811 774 1855 quia
796 1811 877 1843 duae
898 1813 1087 1845 emendandi
1101 1813 1171 1845 viae

214 1879 385 1924 patebant,
410 1882 447 1909 ut
464 1876 515 1908 vel
533 1882 564 1908 et
583 1876 703 1907 bessem
719 1875 890 1907 scriberem
913 1877 964 1908 vel
985 1889 1056 1909 eum
1073 1878 1170 1909 besse.

217 1943 371 1976 Ceterum
392 1940 520 1974 codices
552 1938 817 1971 Darmstattensis
841 1944 873 1970 et
894 1939 1170 1972 Reiclienauensis

216 2013 252 2039 et
275 2007 397 2038 bessem
421 2009 454 2036 et
482 2005 630 2036 trientem
651 2014 783 2046 prorsus
801 2002 920 2047 ubique
945 2003 1119 2045 negligunt.

290 2069 473 2117 quindecim
499 2080 570 2100 eum
600 2065 707 2112 besse]
748 2066 806 2099 Sic
840 2067 941 2099 codex
972 2067 1170 2099 Ettenheim-

215 2130 477 2170 munsteriensis‚
506 2129 602 2170 vulgo
625 2128 763 2160 sedecim
783 2133 893 2160 contra
911 2129 1083 2170 rationem,
1112 2142 1171 2162 nee

216 2194 332 2227 melius
354 2190 621 2224 Darmstattensis
639 2195 758 2233 septem
778 2202 837 2234 pro
861 2197 938 2223 octo.

294 2253 480 2300 accesseris]
506 2254 556 2286 Ita
576 2254 705 2285 omnino
727 2252 898 2295 legendum
918 2250 990 2287 cuin
1007 2253 1172 2286 anteriori-

218 2320 282 2353 bus
306 2317 519 2357 editionibus,
551 2314 711 2347 Bondami
733 2314 776 2359 (p.
794 2316 856 2360 65)
886 2316 996 2348 codice
1021 2315 1173 2360 aliisque3

221 2383 356 2419 Grotius
382 2380 492 2414 neseio
517 2380 602 2411 unde
627 2380 808 2412 accessesit.

297 2441 435 2489 interea]
461 2441 534 2475 MS.
557 2440 700 2472 »Interea
720 2441 771 2472 hie
794 2440 973 2473 climatibus
995 2442 1176 2489 quibusque

223 2514 372 2544 creseunt
393 2508 646 2549 decrescuntque
669 2504 769 2536 luces.
796 2503 986 2537 Sciendum«
1002 2505 1174 2538 eethor.

224 2593 274 2598 —-
301 2573 410 2605 Locus
438 2569 571 2602 mutilus
596 2569 722 2601 videtur
750 2579 841 2610 esse,
875 2574 1071 2615 quapropter
1096 2567 1176 2601 nihil

224 2641 346 2667 mutare
376 2644 472 2664 ausus
499 2643 579 2662 sum.

1296 1752 1495 1798 duodecima]
1522 1751 1951 1784 Ettenlieimmfinsteriensis
1978 1753 2125 1796 septima.

1296 1816 1465 1862 directum]
1493 1817 1603 1848 Malim
1627 1817 1780 1848 directim.
1793 1815 1898 1847 Gnor.

1297 1880 1383 1911 circa
1404 1876 1531 1923 Solem]
1565 1877 1651 1910 Vide
1678 1877 1825 1921 superius
1857 1876 1901 1920 (§.
1924 1876 2010 1908 854.
2031 1875 2120 1920 857)
2145 1882 2178 1909 et

1222 1940 1303 1971 adde
1331 1940 1515 1972 Vitruvium
1545 1939 1604 1983 (9,
1639 1939 1682 1979 45
1716 1952 1746 1982 p.
1768 1938 1841 1970 265
1866 1937 1976 1982 Bip.)=
2006 1938 2176 1972 nMereurii

1222 2007 1326 2033 autem
1348 2007 1379 2033 et
1400 2001 1538 2034 venen-is
1553 2001 1665 2033 stellae
1682 2001 1799 2032 circum
1817 2000 1906 2032 Solis
1922 2001 2041 2041 radios,
2065 2000 2177 2034 Solem

1221 2064 1326 2108 ipsum
1351 2064 1397 2095 uti
1422 2069 1565 2095 centrum
1595 2063 1762 2094 itineribus
1783 2068 1990 2104 coronantes,
2009 2074 2175 2105 regressus

1221 2131 1398 2157 retrorsum
1410 2131 1453 2157 ‚et
1479 2125 1711 2157 retardationes
1736 2125 1882 2156 faciunt«

1295 2189 1393 2230 paeni
1409 2186 1500 2232 aveni]
1521 2185 1949 2219 Etteuheimmiinsteriensis
1964 2185 2067 2217 codex
2077 2198 2176 2225 anno,

1223 2250 1316 2285 male.
1348 2251 1398 2282 De
1422 2263 1456 2282 re
1485 2251 1555 2282 vide
1579 2250 1726 2294 superius
1746 2249 1797 2293 (ad
1823 2248 1851 2292 ξ.
1867 2248 1966 2290 852).

1298 2320 1366 2346 octo
1393 2315 1575 2346 latitudinis
1604 2311 1734 2357 partes]
1773 2312 1899 2343 Plinius
1931 2311 2024 2357 (hist.
2049 2319 2113 2346 nat.
2139 2315 2174 2355 2,

1227 2376 1272 2408 15
1305 2386 1331 2407 s-
1357 2377 1431 2418 16):
1464 2375 1535 2407 »Ab
1559 2375 1609 2406 his
1632 2373 1783 2406 Mercurii
1811 2374 1905 2406 stella
1928 2374 2107 2415 laxissime,
2140 2381 2185 2408 ut-

1225 2445 1331 2471 tamen
1361 2450 1378 2470 e
1407 2438 1564 2470 duodenis
1591 2438 1735 2482 partibus
1764 2439 1825 2483 (tot
1857 2438 1942 2469 enim
1969 2443 2045 2470 sunt
2068 2439 2174 2471 latitu-

1226 2500 1322 2543 dinis)
1345 2511 1410 2531 non
1436 2499 1572 2544 amplius
1593 2506 1722 2532 octonas
1745 2505 1905 2544 pererret,
1930 2512 2034 2544 neque
2051 2501 2108 2533 has
2125 2513 2175 2534 ae-

1227 2564 1378 2609 qualiter,
1419 2564 1477 2596 sed
1503 2563 1582 2596 duas
1609 2564 1715 2597 medio
1745 2564 1833 2607 ejus,
1861 2569 1893 2597 et
1911 2576 2007 2609 supra
2027 2570 2174 2610 quatuor,

1224 2627 1306 2660 infra
1331 2625 1440 2659 duas.-
