2310 2860
680 172 880 216 Martiani
918 172 1117 229 Capellae
1153 171 1226 215 lib.
1253 170 1307 215 11.
1347 174 1378 226 §.
1407 172 1501 215 181.

108 282 246 338 coepit
282 281 496 323 honorare
529 280 780 337 pecudibus.

109 361 316 403 circulum
354 363 587 404 hemitonio
617 362 927 413 transvolatur,

1982 176 2068 220 251

860 281 970 322 Hinc
1008 279 1229 322 festinatur
1267 295 1488 333 ascensus»,
1538 289 1578 321 et
1621 295 1758 337 usque
1801 283 1842 323 in
1889 282 2069 326 Veneris

987 363 1166 418 ipsaque
1203 362 1396 413 Venere,
1436 376 1546 417 quae
1580 364 1737 420 nuptiis
1772 365 2070 418 allubescebat,

107 452 320 499 quantum
360 444 536 486 decebat
578 444 811 495 honorata,
854 444 936 485 hoc
978 444 1023 485 in
1068 457 1117 485 ea
1155 442 1406 499 perhibetur
1447 443 1618 495 intuita,
1673 444 1789 498 quod
1835 445 2070 488 admodum

106 524 289 580 pulchra
339 534 484 566 tamen
536 524 668 566 antias
720 523 979 565 draconibus
1033 523 1318 566 circumflexa
1377 524 1615 579 crebroque
1674 525 1868 580 capillitio
1925 528 2069 583 vulsa,

106 603 472 659 ambifariumque
506 604 608 646 nital
640 618 789 645 secum
814 618 1035 658 congressa
1069 605 1272 648 mitificat.

102 729 247 768 potentes
271 725 359 758 Mars
378 732 410 757 et
431 726 559 766 Pallas,
586 737 751 758 nemorum
774 729 806 757 et
829 725 986 756 silvarum
1011 736 1064 767 po-

104 793 175 820 tens
194 788 316 829 Diana,
337 789 472 834 fraqam
492 795 605 833 polens
626 789 747 829 Ceres,
786 788 937 821 Manium
952 794 1065 831 polens

103 851 230 893 Trivia,
270 853 463 886 Umbrarum
497 860 609 897 potens
643 853 783 893 Pluton,
830 853 919 895 lyrae
954 858 1066 896 potens

103 913 217 954 Musa,
247 917 346 947 maris
371 921 485 958 potens
511 915 702 958 NeptunuS,
730 915 929 946 nimbrorum
951 919 1066 957 tempe-

102 981 287 1023 statumque
325 983 440 1020 polens
477 975 622 1017 Aeolus,
661 977 747 1008 lauri
776 982 890 1020 potens
924 975 1066 1019 Apollo,

101 1041 189 1071 uteri
204 1046 318 1083 potens
335 1040 474 1080 Lucina,
504 1046 536 1071 et
560 1052 577 1071 a
594 1040 760 1073 macrobio
782 1039 925 1084 (Satura.
950 1041 983 1080 1,
1007 1039 1067 1082 12)

100 1102 280 1135 Mercurius
307 1103 378 1148 ipse
401 1106 559 1135 sermonis
580 1110 694 1147 potens
716 1103 905 1147 appellatur.
929 1102 1067 1135 Accedit

100 1165 188 1208 quod
211 1165 335 1197 Graece
360 1165 456 1197 etiam
490 1165 576 1196 idem
600 1163 770 1211 κερὸὦος
803 1166 851 1209 (v.
875 1165 1009 1197 Lucian.
1033 1164 1066 1195 in

100 1229 236 1260 Timone
256 1229 316 1261 41.
343 1229 488 1272 Hesych.
506 1229 531 1260 1.
552 1242 582 1273 p.
606 1228 716 1271 1204)
741 1228 839 1261 audit.

179 1290 352 1336 Ιιοηοναία]
379 1292 469 1323 Editi
492 1298 592 1324 orata.
627 1292 759 1324 Curtius
778 1291 811 1324 in
839 1291 1064 1335 Guelferbyta-

100 1354 151 1388 nis
174 1354 254 1397 legit
289 1361 416 1387 ornata.
456 1356 625 1389 Meliorem
657 1356 829 1387 lectionem
853 1367 871 1387 e
896 1355 1063 1387 Cantabri-

100 1417 204 1459 giensi
231 1423 264 1448 et
291 1417 475 1449 Basileensi
498 1417 661 1449 substitui.
700 1416 886 1459 »Quantum
908 1417 1058 1448 decebat«

100 1480 174 1512 ideo
209 1481 370 1522 adjectum
402 1481 545 1521 videtur,
584 1493 624 1512 ne
658 1480 843 1522 Philologia
871 1479 994 1512 Veneri
1018 1480 1064 1512 ni·

100 1544 198 1576 mium
222 1544 330 1576 dedita
357 1550 552 1576 censeretur.

177 1604 298 1651 antias]
323 1605 501 1639 Cincinnos
520 1605 739 1649 dependentes
767 1617 868 1650 prope
895 1606 1064 1639 auriculas.

100 1667 215 1701 Isidor.
236 1668 386 1702 Vocem.
409 1686 456 1692 —
485 1667 570 1700 Vide
599 1667 638 1698 de
673 1668 732 1700 hae
760 1679 839 1699 voce
868 1667 1002 1699 Festum
1032 1672 1067 1699 et

101 1730 271 1764 Isidorum.
306 1732 416 1764 Utitur
441 1737 474 1763 et
498 1731 692 1775 Appulejus.
712 1731 823 1764 Gloss.
846 1731 892 1765 Η.
925 1731 975 1764 St.
1004 1727 1064 1766 κό·

97 1809 167 1840 μαι.
199 1794 261 1831 διὰ
300 1796 381 1831 τῶν
416 1795 628 1843 κροταφῶν
667 1791 899 1844 κρεμάμεναι
929 1808 1062 1841 γυναι·

100 1855 227 1894 κείων,
247 1858 357 1890 Gloss.
373 1858 506 1890 Isidori:
535 1857 689 1899 »Antiae,
721 1857 829 1902 capilli
853 1857 978 1897 emissi,
1011 1857 1063 1889 wel

99 1922 207 1966 capilli
222 1933 304 1966 quos
319 1922 470 1953 mulieres
484 1922 649 1965 proximos
664 1921 696 1952 in
716 1921 820 1964 capite
840 1927 1060 1964 componunt«

101 1984 206 2017 Gnor.
227 2002 276 2007 -—
301 1982 580 2028 Appuleji·locus
605 1983 639 2014 in
662 1982 803 2014 Floridis
824 1982 878 2026 (1,
904 1983 937 2013 5.
965 1994 996 2024 p.
1015 1982 1062 2014 14

99 2045 200 2089 oud.)
217 2046 343 2088 legitur.
376 2046 490 2087 Longe
513 2045 642 2088 quidem
662 2043 754 2076 aliter
776 2043 899 2088 aceepit
925 2043 958 2075 J.
980 2043 1061 2075 Sco-

100 2114 169 2149 tus,
208 2108 263 2152 qui
288 2120 315 2139 a.
342 2109 415 2140 873
449 2107 543 2147 obiit,
576 2112 612 2137 ut
640 2118 681 2138 ex
712 2107 772 2137 hac
807 2106 915 2147 glossa
941 2105 1061 2138 codicis

101 2172 299 2205 Basileensis
318 2172 480 2204 videmus:
501 2171 627 2204 »Locus
645 2171 707 2203 iste
728 2176 898 2216 corruptus
919 2176 969 2203 est
985 2171 1061 2205 seri-

102 2240 229 2279 ptorum
257 2234 335 2267 vitio
366 2239 398 2266 et
424 2234 498 2266 ideo
520 2247 538 2265 a
560 2234 724 2266 nonnullis
754 2245 852 2278 prave
875 2234 1060 2279 expositus3

99 2299 133 2331 J.
158 2297 277 2331 Scotus
299 2298 345 2330 ita
371 2299 483 2330 sentit:
503 2298 573 2342 ipsa
592 2298 706 2331 Venus
734 2298 905 2330 admodum
928 2299 1060 2342 pulchra

100 2366 178 2401 erat,
211 2365 317 2392 tamen
346 2361 454 2392 antias
488 2360 509 2392 i.
537 2372 565 2392 e.
592 2362 760 2393 contraria
786 2360 954 2392 videbatur
983 2361 1059 2392 Phi-

98 2422 275 2465 lologiae«,
307 2423 400 2467 qnasi
423 2435 441 2453 a
464 2422 590 2455 Graeco
613 2419 749 2463 ἀντίος
771 2423 958 2456 descendat!

175 2483 270 2530 nital]
296 2484 436 2517 Vax-iaus
456 2484 489 2515 in
509 2484 650 2526 margine
670 2485 767 2517 lectio
785 2486 918 2530 praebet
937 2487 1061 2525 amital,

99 2550 140 2582 ad
162 2549 248 2594 quod
272 2548 404 2580 verbum
427 2546 561 2579 Grotius
579 2549 658 2579 haee
678 2554 824 2581 annotat:
845 2550 1001 2582 »Multum
1019 2549 1058 2581 de

97 2613 158 2644 boc
185 2609 345 2651 laboravi,
376 2621 414 2642 ac
439 2608 578 2641 necdum
599 2621 710 2641 verum
734 2611 889 2656 comperi,
921 2612 978 2644 sed
1004 2613 1056 2644 ad-

1332 606 1437 648 Mox
1471 606 1660 648 studium
1691 609 1733 649 in
1765 609 1947 650 solarem
1981 610 2068 650 ela-

1116 728 1178 759 huc
1201 728 1335 767 haereo3
1359 728 1392 759 in
1416 728 1606 772 quibusdam
1625 729 1787 760 codicibus
1808 730 1924 762 IVisam
1944 730 2072 772 legitur,

1116 791 1202 823 unde
1228 791 1351 833 conjeci
1381 792 1519 831 Missum,
1555 804 1650 836 quem
1677 793 1773 824 Isidis
1800 793 1900 825 filium
1930 794 2073 826 nominat

1116 853 1345 887 Onomaeritus
1367 855 1400 886 in
1421 855 1519 887 initiis
1538 855 1688 899 Orpliieis
1712 861 1745 888 et
1768 857 1965 889 ambifarium
1987 858 2072 899 facit,

1117 915 1160 947 ait
1188 916 1287 947 enim:
1313 934 1360 939 —-
1378 935 1425 939 -—
1442 914 1655 963 -Ἄρόενα
1676 914 1742 951 καὶ
1773 917 1909 964 θῆλυν
1933 917 2068 966 διφυῆ.

1116 978 1237 1010 Postea
1264 989 1340 1010 vero
1367 978 1400 1009 in
1432 977 1574 1010 historiis
1606 978 1726 1010 Indicis
1757 979 1866 1012 inveni
1895 981 1958 1013 coli
1988 982 2072 1025 apud

1115 1041 1215 1073 Indos
1237 1042 1332 1073 deum
1358 1042 1486 1073 nomine
1507 1043 1645 1082 Amida,
1663 1043 1754 1085 eujus
1779 1044 1930 1086 effigiem,
1953 1045 2071 1089 etqui·

1117 1105 1188 1137 dem
1215 1110 1446 1146 monstrosam,
1473 1105 1538 1137 vidi
1564 1106 1634 1150 ipse
1663 1119 1703 1138 ex
1727 1107 1819 1139 India
1852 1108 1993 1140 allatam:
2017 1111 2071 1142 ha·

1115 1169 1211 1200 bebat
1235 1169 1289 1200 ille
1313 1181 1379 1200 non
1399 1169 1490 1201 binas
1512 1181 1625 1201 manus
1650 1182 1738 1202 more
1762 1177 1890 1211 nostro,
1915 1172 1973 1204 sed
1995 1185 2073 1216 qua·

1116 1238 1240 1272 ternas,
1263 1233 1347 1264 unde
1371 1245 1436 1264 non
1451 1233 1608 1265 immerito
1628 1234 1732 1278 possit
1749 1235 1937 1279 ambifarias
1953 1237 2074 1269 Amida

1115 1297 1166 1328 vel
1195 1297 1322 1328 Amital
1350 1297 1511 1339 (consona
1550 1298 1634 1329 enim
1669 1299 1748 1330 haec
1779 1299 1875 1343 sunt)
1911 1300 2073 1344 appellari.

1115 1357 1203 1390 Sane
1224 1363 1367 1399 constat,
1390 1359 1511 1400 magica
1531 1360 1684 1403 pleraque
1701 1372 1741 1392 ex
1757 1360 1870 1393 Indico
1893 1362 1981 1394 sonte
2001 1374 2074 1394 esse

1116 1421 1282 1453 deductam
1303 1439 1352 1445 --
1394 1421 1462 1454 Sed
1492 1434 1578 1454 mera
1609 1424 1688 1455 haee
1717 1425 1840 1456 somnia
1868 1437 1939 1457 esse
1968 1426 2075 1460 Grotii

1115 1482 1319 1514 manifestum
1344 1487 1402 1514 est.
1428 1483 1542 1514 Potuit
1568 1483 1697 1526 quidem
1722 1490 1834 1516 noster
1855 1493 1928 1518 aute
1960 1488 2072 1519 oculos

1115 1545 1232 1576 habere
1256 1546 1341 1576 hunc
1363 1544 1521 1576 Martialis
1545 1545 1597 1587 (5,
1626 1546 1686 1585 57,
1711 1546 1748 1589 8)
1771 1559 1912 1578 versum:

1174 1607 1285 1648 »Quae
1307 1605 1392 1637 crine
1415 1607 1492 1637 vicit
1517 1606 1645 1638 Baetici
1664 1610 1770 1650 φέῃὶε
1793 1608 1913 1649 vellus,

1167 1669 1336 1714 Rhenique
1361 1667 1462 1698 nodos
1491 1679 1688 1714 aureamque
1720 1668 1894 1709 nitelan1«;

1113 1729 1171 1761 sed
1184 1731 1268 1761 huuc
1284 1741 1350 1761 non
1369 1728 1469 1770 magis
1488 1740 1583 1772 quam
1594 1729 1744 1762 Martiani
1756 1730 1862 1763 locum
1872 1731 2072 1764 intellexisse

1114 1793 1264 1825 videntur
1281 1793 1492 1837 interpreteS,
1515 1792 1571 1837 qui
1589 1793 1628 1825 de
1649 1794 1758 1826 »micis
1778 1795 1918 1839 pulveris
1939 1796 2006 1827 auri
2025 1808 2073 1828 re-

1113 1857 1215 1901 pertis
1238 1857 1271 1889 in
1292 1869 1388 1889 arena
1410 1862 1442 1888 et
1463 1857 1616 1889 ramentis
1635 1858 1756 1898 aureis,
1780 1859 1896 1902 quibus
1923 1872 2071 1904 consper-

1114 1931 1182 1950 sam
1214 1931 1337 1952 comam
1369 1918 1622 1950 illuminassent«
1660 1920 1856 1961 cogitarunt,
1905 1933 2001 1964 quum
2034 1922 2073 1953 de

1113 1983 1289 2015 ssavicomis
1314 1982 1422 2026 potius
1446 1981 1617 2014 Germanis
1643 1989 1739 2026 pocta
1767 1984 1882 2025 egerit,
1915 1997 2074 2029 nemoque

1112 2046 1255 2088 ignoret,
1282 2046 1399 2078 ssavum
1421 2045 1542 2078 crinem
1559 2046 1678 2090 pariter
1701 2053 1796 2090 atque
1818 2047 1936 2080 flavum
1963 2061 2074 2087 aurum

1113 2108 1185 2140 dici.
1232 2108 1329 2140 Nital
1363 2107 1500 2151 denique
1536 2113 1647 2139 noster
1676 2119 1735 2151 pro
1769 2110 1868 2140 nitela
1898 2111 2073 2156 usurpavit,

1112 2172 1199 2215 quod
1223 2170 1381 2216 Appuleji
1407 2177 1440 2203 et
1466 2171 1573 2203 Solini
1602 2171 1794 2216 interpretes
1820 2185 1879 2216 pro
1904 2175 2072 2217 splendido

1111 2236 1287 2280 accipiunt,
1324 2247 1375 2267 me
1403 2240 1510 2267 autem
1531 2235 1641 2277 judice
1669 2236 1753 2279 apud
1779 2242 1949 2282 utrumque
1978 2239 2072 2270 etiam

1110 2310 1169 2343 pro
1194 2299 1277 2330 flavo
1297 2298 1405 2330 colore
1431 2298 1531 2341 accipi
1546 2304 1664 2341 potest.
1690 2300 1818 2331 Docere
1840 2306 1945 2332 autem
1963 2308 2071 2332 noster

1110 2360 1211 2392 voluit
1234 2359 1381 2392 »minime
1399 2360 1562 2391 fidendum
1584 2372 1656 2391 esse
1682 2361 1911 2404 pulchritudini
1928 2361 2068 2395 Veneris

1111 2424 1294 2465 ambiguae,
1325 2423 1416 2465 eujus
1435 2435 1527 2455 coma
1545 2423 1747 2467 serpentibus
1770 2425 1971 2457 circumflexa
1993 2425 2062 2456 sit-n

1185 2497 1260 2517 mox
1286 2483 1451 2530 studium]
1477 2484 1612 2516 Rectius
1642 2486 1726 2516 forte
1757 2490 1906 2528 excerpta
1939 2490 2067 2517 nostra:

1117 2550 1212 2582 »Mox
1230 2548 1370 2580 studium
1384 2548 1417 2580 in
1436 2548 1574 2580 solarem
1597 2549 1761 2580 elaborare
1784 2548 1918 2588 circum,
1948 2548 2067 2594 quippe

1109 2611 1257 2655 sescuplo
1274 2609 1467 2652 fatigabatur
1479 2610 1663 2643 adscensum
1683 2607 1769 2640 Aliis
1786 2608 1819 2640 id
1837 2609 1951 2641 extulit
1962 2622 1995 2655 p.
2006 2611 2069 2644 44:

2108 286 2187 327 181

2103 606 2189 647 182
