2310 2860
222 162 304 194 vm

226 264 561 308 annotationibus
592 277 669 318 per
699 262 1056 303 commentarium
1101 261 1296 316 dispersis
1337 274 1588 314 cognoscere
1621 262 1764 314 liceat3
1806 262 1958 317 quodsi
1988 262 2041 303 de
2065 277 2175 303 non-

227 346 353 387 nullis
385 345 533 386 salteni
578 344 838 384 accuratiora
879 342 1030 383 afferre
1065 343 1203 398 potui,
1250 341 1383 381 debeo
1422 340 1504 380 hoe
1533 341 1717 393 Fedem,
1756 344 1862 384 Viro
1898 344 2176 385 illustrissimo

231 437 358 482 atque
398 425 704 476 eruditissimo,
755 425 900 480 Magni
944 424 1076 465 Ducis
1125 423 1299 464 Hassiae
1345 422 1582 462 consiliario
1631 425 1769 464 aulico
1817 435 1855 465 et
1899 425 2178 466 bibliothecae

229 506 571 550 Darmstattensis
611 505 846 560 praefecto,
891 521 1020 560 quem
1069 519 1207 559 quum
1252 503 1352 542 olim
1384 502 1540 557 Koppii
1581 502 1624 541 in
1662 517 1788 544 usum
1819 505 1984 558 aliquos
2017 504 2178 545 codices

230 586 424 641 inprimis
457 585 707 638 Anglicanos
740 585 962 625 contulisse
994 600 1161 625 nossem
1196 584 1309 636 (vide
1343 584 1373 632 ᾗ.
1402 583 1458 623 27
1490 592 1529 622 et
1561 583 1680 635 195),
1719 585 1853 624 statim
1886 595 2115 640 postquam
2154 597 2177 623 a

231 666 296 706 Te
327 664 478 704 certior
514 663 649 703 factus
681 678 821 713 cram,
860 663 964 703 nihil
997 664 1109 717 quod
1145 663 1198 703 ad
1225 662 1528 716 praefationem
1561 662 1750 715 aliquam
1784 663 1851 702 vel
1881 665 2181 719 prolegomena

235 743 461 797 pertineret
494 742 535 781 in
565 742 728 781 schedis
767 742 954 782 defuncti
994 744 1192 798 reperiri,
1235 742 1430 798 precibus
1475 741 1580 791 adii,
1625 750 1670 781 ut
1710 755 1822 795 quae
1866 742 1953 796 ipse
1982 743 2035 782 de
2065 742 2181 783 codi-

232 823 351 863 cibus
384 838 406 863 a
438 824 606 877 Koppio
645 824 856 878 usurpatis
895 824 1072 865 haberet
1109 839 1280 865 mecum
1320 823 1676 872 communicaret,
1729 836 1870 875 neque
1903 823 2072 876 insignis
2101 823 2183 865 viri

232 902 473 942 humanitas
504 916 623 956 spem
661 917 801 942 meam
837 903 994 944 fefellit.
1049 904 1253 953 Quorum
1287 903 1412 957 igitur
1443 902 1661 951 codicum,
1707 902 1782 955 qui
1815 901 1928 956 apud
1959 902 2181 957 Koppium

230 984 423 1037 primum
457 993 871 1033 commemorantur,
909 998 933 1024 a
967 983 1132 1025 Pedero
1163 983 1352 1024 notitiam
1387 983 1550 1037 accepi,
1594 981 1638 1022 hi
1669 992 1787 1032 sunt,
1829 997 1995 1033 omnes,
2039 992 2086 1023 ut
2113 982 2183 1023 ille

233 1061 417 1102 affirmat
427 1094 438 1112 ,
480 1077 592 1102 mem
602 1063 817 1104 branacei:

405 1143 445 1192 1)
480 1142 734 1195 Bodlejanus
775 1145 940 1198 primns
979 1144 1252 1193 oxoniensis,
1299 1142 1464 1183 formae
1508 1143 1700 1195 majoris,
1747 1142 2062 1183 characteribus
2102 1143 2185 1183 mi·-

233 1223 420 1263 nusculis
451 1224 629 1278 scriptus
669 1239 749 1265 sec.
788 1226 853 1266 XI
864 1258 876 1277 ‚
923 1227 965 1267 in
994 1225 1184 1279 catalogo
1222 1223 1432 1264 librorum
1464 1223 1584 1263 MSS.
1618 1222 1857 1263 Britanniae
1888 1232 1928 1263 et
1956 1222 2185 1264 Hiberniae

232 1317 415 1344 numero
447 1303 557 1344 1597
586 1304 815 1358 insignitus.

403 1382 448 1434 2)
481 1383 734 1436 Bodlejanus
774 1387 986 1427 secundus
1028 1387 1192 1428 formae
1237 1385 1470 1440 quadratae
1506 1383 1681 1424 minoris
1722 1398 1803 1425 sec·
1833 1383 1943 1424 XIII
1977 1383 2048 1423 vel
2076 1382 2187 1425 XIV

233 1478 354 1505 num.
386 1464 507 1504 5'1-15
537 1473 611 1503 art.
643 1465 693 1513 ὅ,
738 1465 844 1505 duos
876 1476 1039 1506 tantum
1071 1467 1230 1519 priores
1263 1465 1394 1504 libros
1427 1464 1721 1516 complectens.

405 1543 452 1593 5)
488 1542 778 1581 Mertonianus
816 1543 980 1582 formae
1011 1544 1227 1582 maximae
1266 1542 1477 1594 eleganter
1507 1540 1685 1594 scriptus
1716 1554 1795 1580 sec.
1825 1541 1934 1581 XIII
1965 1543 2032 1584 vel
2062 1543 2186 1596 XIV,

235 1625 279 1666 in
309 1622 459 1663 codem
491 1621 610 1661 catal.
641 1621 673 1664 I.
704 1620 744 1661 2.
778 1622 938 1676 (colleg.
975 1632 1014 1662 et
1046 1623 1129 1662 aul.
1162 1621 1254 1662 cod.
1288 1635 1327 1674 p.
1353 1618 1428 1670 25)
1472 1633 1653 1659 numero
1683 1619 1768 1661 '758
1811 1631 1988 1663 notatus.
2044 1625 2185 1680 Hujus

235 1718 333 1746 raro
360 1702 816 1744 tantum.mentione1n
848 1703 946 1742 facit
978 1703 1169 1757 Koppius
1203 1703 1248 1753 (ᾗ.
1277 1701 1316 1740 7.
1350 1700 1430 1751 15).

406 1783 453 1834 4)
489 1782 751 1822 Britannicus
792 1783 928 1822 musei
966 1783 1066 1836 regii
1100 1784 1146 1833 (ᾗ.
1175 1781 1235 1822 92
1264 1790 1372 1820 extr.
1405 1781 1502 1831 151)
1541 1795 1622 1820 sec·
1651 1780 1696 1821 X
1724 1781 1791 1822 vel
1825 1782 1891 1822 XI
1921 1798 2041 1824 num.
2071 1785 2199 1830 2683-

241 1873 318 1905 art.
349 1864 382 1904 4
417 1863 458 1902 in
498 1862 684 1915 catalogo
726 1862 845 1903 codd.
888 1863 1218 1915 Harlejanorum
1265 1863 1308 1902 in
1359 1876 1507 1901 museo
1549 1861 1787 1901 Britannico
1846 1863 1931 1914 (IV
1972 1865 2070 1908 voll.
2115 1867 2185 1909 fol.

243 1943 420 1985 ’1808-
442 1943 514 1993 12,
555 1944 676 1993 cujus
709 1931 1044 1984 tamon'collatio
1076 1945 1154 1984 sub
1186 1944 1282 1984 libri
1318 1943 1424 1983 tertii
1457 1942 1715 1997 principium
1751 1943 1943 1984 substitit.

406 2022 452 2073 ὅ)
486 2020 857 2076 Cantabrigiensis,
889 2024 1008 2075 cujus
1032 2024 1226 2064 lectiones
1253 2039 1275 2064 a
1302 2022 1485 2075 Bentlejo
1510 2021 1679 2061 editioni
1703 2023 1935 2064 Grotianae
1961 2024 2186 2082 adscriptas

244 2102 403 2143 invenit
441 2101 629 2142 Federus
675 2102 755 2142 hac
798 2113 897 2144 nota
931 2104 1089 2143 addita:
1122 2103 1246 2154 „MS
1287 2102 1387 2142 bibl.
1425 2101 1542 2155 publ.
1589 2101 1763 2142 Cantab.
1801 2104 1892 2145 500
1928 2112 2187 2160 annorum“;

244 2181 358 2223 unde
397 2180 550 2234 colligit
587 2195 685 2220 011111
732 2195 841 2231 esse,
888 2181 961 2235 qui
1000 2181 1041 2220 in
1073 2181 1192 2221 catal.
1225 2181 1344 2221 MSS.
1378 2180 1478 2220 Brit.
1512 2189 1551 2220 et
1581 2180 1754 2221 Hibern.
1789 2181 1821 2221 I.
1850 2182 1881 2222 5
1910 2197 2030 2225 num.
2063 2185 2188 2230 2454

246 2263 333 2301 sive
379 2259 496 2315 publ.
543 2258 632 2299 254
673 2260 889 2315 insignitus
920 2262 991 2311 sit,
1035 2276 1119 2301 non
1151 2262 1226 2316 qui
1263 2258 1420 2300 ibidem
1454 2275 1493 2314 p.
1532 2260 1617 2300 158
1653 2274 1773 2300 num.
1816 2261 1930 2301 1458
1968 2263 2056 2303 sive
2095 2265 2186 2307 coll.

245 2341 286 2380 S.
304 2340 455 2380 Bencd.
482 2341 559 2380 {St
587 2350 716 2381 exstet
749 2343 1085 2396 antiquissimus,
1118 2357 1247 2397 quem
1279 2340 1480 2396 equidem
1500 2341 1664 2381 XYassii
1686 2342 1823 2395 petius
1849 2342 2035 2385 codicem
2059 2360 2189 2402 supra

247 2430 631 2460 commemoratum
664 2436 750 2461 csse
786 2423 990 2462 existimo.

412 2501 456 2553 G)
494 2501 693 2555 Denique
722 2502 1089 2558 Darnistattcnsi5‚
1138 2503 1239 2544 olim
1271 2503 1551 2555 Coloniensis,
1593 2503 1756 2545 formae
1787 2504 2021 2559 quadratae
2049 2522 2188 2549 mem-
