2310 2860
187 194 250 235 40

790 186 989 229 Martiani
1028 183 1229 242 Capellae
1265 183 1339 226 lib.
1366 183 1399 225 I.
1439 185 1471 235 §-
1489 185 1554 226 11.

188 299 397 356 posterius
442 297 645 354 migrasse
689 294 993 352 perhibebant,
1048 301 1194 333 tamen
1234 289 1462 331 Cirrhaeos
1511 299 1613 332 tunc
1656 305 1868 342 recessuS,
1918 300 1959 333 et
1995 291 2151 334 sacrati

188 394 340 436 specus
369 377 567 434 loquacia
605 385 724 417 antra
757 374 1027 417 conveniunt.
1086 370 1178 412 Illic
1209 378 1351 411 autem
1385 369 1686 413 circumstabat
1717 372 1759 413 in
1790 371 1984 413 ordinem
2018 372 2150 428 quid-

189 460 295 518 quid
334 459 528 501 imminet
564 457 832 508 seculorum,
879 455 1076 497 fortunae
1116 451 1297 492 urbium
1335 449 1647 506 nationumque
1687 452 1882 493 omnium
1914 467 2067 508 regum
2101 467 2150 494 ac

187 559 278 591 i³lum
297 557 488 599 migrasse«,
514 555 721 587 nihilominus
735 554 853 586 Delum
869 552 1024 597 petiisse?
1041 550 1144 582 Nemo

188 634 265 654 sane
289 620 460 665 explanare
493 619 527 651 id
555 619 692 662 poterit,
727 617 790 650 nisi
816 617 855 648 ad
889 615 969 647 illud
993 614 1146 658 placitum

188 682 376 724 confugerit,
395 693 458 725 quo
480 680 702 720 affirmabatur,
728 679 840 711 Solem
855 677 1070 720 Liberumque
1083 676 1145 707 Pa-

187 750 267 776 trem
285 743 422 775 eundem
439 742 537 773 fuisse
554 742 595 785 (v.
612 741 779 782 Palaeogr.
795 740 930 772 critJII.
945 738 972 783 ἓ.
988 739 1073 777 465,
1091 736 1147 768 ubi

188 805 266 837 tolle
290 804 440 836 mendum
457 804 491 835 in
508 802 659 846 nomine).
700 803 776 846 Quo
794 802 923 846 quidem
946 801 1053 845 posito
1072 799 1146 832 huic

186 868 336 901 Martiani
358 868 431 900 loeo
457 880 474 899 e
501 867 667 900 Macrobio
700 866 781 910 (Sat.
807 867 845 907 1,
877 865 936 909 18)
960 865 1016 896 lux
1043 862 1147 895 afferri

186 942 284 975 posse
314 930 390 963 mihi
420 929 562 970 videtur,
602 929 719 973 quippe
746 928 801 971 qui
824 928 874 959 »in
898 927 1012 959 sacris«
1042 927 1147 971 inquit

195 993 291 1025 »haee
315 991 458 1033 religiosi
486 990 591 1022 arcani
617 989 798 1021 observatio
828 995 973 1029 tenetur,
1010 995 1045 1020 ut
1073 989 1145 1030 Sol,

187 1067 285 1099 quum
315 1055 348 1086 in
371 1066 507 1097 supero,
539 1054 571 1085 id
597 1059 646 1085 est
676 1054 794 1085 diurno
821 1054 1052 1096 hemisphaerio
1078 1058 1145 1093 est,

186 1117 308 1162 Apollo
334 1118 509 1159 vocitetur5
537 1129 636 1162 quum
660 1117 694 1149 in
718 1117 836 1161 infero,
855 1117 889 1148 id
906 1122 957 1149 est
976 1123 1144 1157 nocturno,

186 1180 371 1222 Dionysus,
404 1179 438 1210 id
466 1184 516 1210 est
538 1179 636 1210 Liber
654 1179 753 1210 Pater
775 1178 956 1210 habeatuiuu

261 1240 430 1287 miyrasse]
457 1242 569 1275 Solem
586 1254 685 1286 quum
698 1242 843 1273 homines
858 1241 1146 1272 animadverterent

187 1315 314 1347 ‘semper
330 1304 438 1336 locum
456 1310 598 1343 mutare>
628 1304 713 1335 haud
737 1304 851 1334 mirum
867 1309 917 1335 est
937 1309 1049 1348 poetas
1068 1302 1142 1347 (Sil.

188 1369 222 1408 5,
243 1366 329 1411 204)
351 1366 539 1411 Apollinem
559 1367 690 1398 finxisse
715 1369 926 1410 miqrantem,
948 1367 1143 1410 Delphicum

186 1429 375 1474 praesertim
398 1428 567 1472 (Artemid.
593 1428 773 1460 oneiroerit.
797 1429 837 1467 2,
864 1430 923 1460 55.
942 1441 971 1471 p.
998 1429 1068 1460 126
1086 1428 1143 1459 ΒΞ.-1

187 1492 286 1535 galt.).
317 1492 439 1536 Lepide
464 1493 523 1524 hae
538 1492 577 1523 de
595 1504 629 1524 re
644 1491 805 1523 Lucianus
822 1491 868 1535 (in
890 1491 940 1522 bis
963 1497 1099 1523 accusat.
1110 1491 1143 1522 7.

185 1554 280 1597 p.48
305 1552 392 1596 Bip.)
418 1553 490 1594 agit.

259 1614 481 1660 perhibebant]
508 1615 640 1647 Infimae
664 1614 829 1645 latinitatis
854 1614 1062 1658 scriptoribus
1079 1627 1144 1646 ma-

188 1678 270 1709 xime
291 1679 492 1722 frequentata
516 1677 670 1721 loquendi
695 1677 784 1708 ratio.
811 1677 1022 1718 Fulgentius:
1038 1679 1144 1710 »Licet

186 1741 383 1774 Petroniana
414 1742 499 1772 subit
527 1740 687 1772 inbutum
727 1740 868 1772 Macrob.
896 1739 979 1783 (Sat.
1004 1741 1036 1781 Ῑ,
1069 1740 1143 1784 11):

195 1803 285 1834 »lieet
322 1815 362 1834 ex
401 1802 547 1834 libertate
581 1802 614 1833 in
654 1802 839 1833 serwitutem
877 1814 993 1833 venum
1027 1804 1135 1834 ierat.-

187 1865 296 1910 Spart.
311 1865 443 1897 Adi-ian.
465 1867 504 1909 (c.
523 1865 597 1909 16)=
625 1881 636 1894 ι»
644 1878 754 1897 munes
776 1866 975 1909 professores
992 1872 1025 1897 et
1040 1868 1144 1898 hono-

187 1927 269 1958 ravit
292 1933 324 1960 et
345 1927 459 1959 divites
485 1927 578 1968 fecit,
614 1929 685 1959 lieet
714 1939 770 1959 eos
794 1928 1036 1971 quaestionibus
1061 1940 1142 1960 sem-

188 2002 246 2034 per
268 1993 428 2035 liquavit«
453 1991 555 2023 Gonz.
578 2009 625 2014 —
653 1991 699 2023 Et
719 1990 916 2034 Appulejum
941 1992 1058 2024 addere
1085 2004 1143 2037 po·

188 2052 321 2092 tuisset,
364 2058 396 2083 et
426 2052 630 2084 Ammianum
652 2053 892 2094 Marcellinum,
933 2059 964 2085 et
994 2053 1143 2086 Solinum

188 2111 283 2157 (57),
309 2119 340 2145 et
356 2114 511 2146 Macrobii
537 2114 633 2145 alium
650 2114 755 2145 locum
775 2114 895 2158 (somn.
918 2114 1006 2158 Seip.
1029 2117 1068 2156 1,
1097 2117 1142 2148 18

188 2186 218 2219 p.
236 2176 302 2207 101
329 2174 461 2218 Zeun.)‚
496 2181 528 2206 et
548 2175 691 2218 inprimis
713 2187 829 2220 corpus
849 2176 933 2218 juris
949 2177 1097 2209 Romani.

264 2237 447 2283 Cirr-Imeus]
474 2239 646 2279 Cirrheos‚
675 2239 727 2270 alii
750 2239 934 2271 Chirrheos.
959 2240 1062 2272 Gonz.
1093 2260 1141 2266 —-

189 2298 288 2331 Haud
309 2299 405 2331 dubia
428 2300 650 2344 orthographia
668 2307 725 2332 est.
763 2301 796 2332 Α
811 2301 926 2333 Cirrha
959 2302 1044 2334 enim
1070 2302 1142 2334 Cir-

192 2364 319 2395 rhaeus.
345 2361 454 2407 Atque
472 2364 557 2395 hisee
581 2364 759 2395 recessibus
782 2364 901 2408 Delphi
917 2365 1142 2406 significantur.

190 2426 313 2457 Confer
332 2426 412 2456 infra
437 2424 581 2469 (§.119.
604 2426 690 2470 651)
715 2427 884 2471 »oppidum
909 2428 1059 2469 Cirrha«,
1090 2429 1143 2461 eui

190 2489 308 2532 Delphi
325 2489 477 2531 adjacent.
504 2488 689 2532 Apollinem
711 2490 805 2521 ctiam
828 2491 931 2534 ipsum
953 2492 1141 2533 cognomine

192 2550 335 2582 Cirrhaei
357 2550 549 2594 appellatum
572 2562 643 2581 esse
664 2551 825 2594 Gyraldus
847 2552 974 2595 quidem
999 2554 1140 2594 affirmat,

193 2613 250 2645 sed
273 2613 360 2646 utillo
386 2614 513 2646 laudato
537 2620 674 2647 auctore.
716 2614 753 2646 ln
779 2615 959 2648 Basileensi
982 2617 1091 2650 codiee
1124 2629 1140 2649 a

1198 548 1340 581 secunda
1368 560 1465 580 manu
1498 548 1653 579 insertum
1691 555 1763 580 ante
1799 550 1972 582 Cim-Imeus
2007 554 2058 581 est
2088 549 2153 589 ad,-

1197 623 1260 655 qua
1276 616 1382 643 tamen
1398 610 1620 642 emendatione
1638 622 1704 642 non
1721 622 1801 654 opus
1818 617 1902 652 erat,
1928 611 2002 654 quia
2019 611 2151 643 verbum

1197 677 1368 708 convenire
1396 687 1468 707 cum
1488 680 1601 718 quarto
1623 686 1700 706 casu
1723 675 1865 706 construi
1887 680 2005 719 potest.

1271 739 1307 768 ἰη
1328 735 1486 781 ordinem]
1513 737 1642 768 Desunt
1672 737 1751 768 haee
1782 736 1815 768 in
1846 737 2009 770 nonnullis
2040 735 2151 769 editio-

1197 799 1301 832 nibus.
1343 801 1382 832 In
1399 800 1649 832 Monacensibus
1667 806 1772 832 autem
1796 799 1987 831 membranis
2006 800 2151 844 pluribus

1197 863 1258 908 (B.
1282 864 1320 897 C.
1344 864 1386 897 D.
1409 863 1468 908 Ε.)
1499 863 1617 905 legitur
1645 866 1680 895 in
1709 864 1841 903 ordine,
1875 863 1908 896 in
1938 874 2003 895 uno
2032 863 2090 908 (G)
2117 865 2154 895 ίιι

1198 926 1361 965 ordinem,
1386 925 1490 969 quod,
1517 938 1616 970 quum
1638 925 1752 957 melius
1775 925 1826 965 sit,
1853 925 1981 957 retinui.
2025 925 2153 957 Pendet

1197 987 1282 1019 enlm
1309 987 1348 1019 ab
1371 988 1525 1019 ἰηιηιίηετ.
1572 987 1689 1031 »Quod
1712 987 1856 1018 imminet
1875 986 1909 1019 in
1937 986 2081 1018 ordinem
2102 998 2151 1019 se-

1197 1049 1359 1081 culorum«
1388 1049 1533 1091 intelligo
1570 1060 1670 1093 »quae
1701 1054 1854 1081 eventura
1883 1048 1947 1085 sint
1971 1047 2153 1081 labentibus

1197 1116 1245 1142 tot
1267 1110 1385 1142 seculis
1408 1122 1479 1142 sese
1503 1110 1763 1154 excipientibus.u

1271 1173 1427 1218 fortunae
1457 1172 1597 1219 urbiani]
1624 1173 1724 1205 Haud
1748 1174 1843 1205 dubie
1869 1173 2048 1206 Martianus
2073 1171 2152 1205 Ovi-

1196 1236 1240 1268 dii
1262 1237 1348 1281 (met.
1375 1237 1442 1277 15,
1477 1236 1564 1280 230)
1586 1237 1684 1268 verba
1707 1237 1741 1269 in
1769 1244 1875 1268 mente
1897 1236 2008 1269 habuit
2030 1237 2128 1269 baec:

1247 1319 1295 1325 -—-
1313 1319 1362 1324 —
1378 1318 1426 1324 —
1447 1302 1510 1332 »sie
1534 1301 1576 1332 ml
1595 1300 1723 1344 semum
1745 1302 1880 1332 venistis
1905 1301 1945 1331 ab
1965 1312 2046 1331 auro

1242 1360 1378 1395 Secula=
1405 1363 1452 1393 sic
1474 1364 1567 1394 toties
1593 1374 1688 1393 versa
1710 1373 1744 1393 es
1767 1362 1894 1393 fortuna
1913 1362 2081 1393 locon-unm

1194 1423 1459 1468 Interpunetione
1494 1425 1590 1457 etiam
1621 1425 1799 1469 separanda
1826 1424 1882 1457 illa
1911 1430 2001 1457 erant
2031 1425 2070 1456 ab
2100 1425 2151 1466 iis,

1197 1498 1278 1529 quae
1303 1486 1507 1529 praecedunt.

1285 1546 1539 1593 nationumque]
1576 1546 1686 1578 Malim
1729 1547 1874 1578 »urbium
1919 1549 2152 1595 reqionumque

1195 1607 1353 1648 omnium,
1398 1619 1528 1649 regum,
1573 1619 1609 1639 ae
1637 1608 1736 1639 totius
1778 1609 1890 1652 populi
1925 1610 2145 1642 videbamus-st

1193 1670 1292 1702 Forte
1315 1676 1346 1702 et
1363 1683 1422 1714 pro
1439 1684 1553 1715 regum
1569 1672 1790 1716 reponendum
1812 1673 1908 1704 suerit
1924 1686 2043 1706 rerum.
2067 1674 2150 1707 Sua-

1194 1734 1271 1766 dent
1295 1746 1376 1778 quae
1403 1735 1498 1766 habet
1519 1747 1550 1779 p.
1574 1736 1596 1766 7
1606 1748 1615 1765 ε
1642 1735 1705 1766 »lli
1730 1735 1827 1778 igitur
1848 1748 1961 1769 cursus
1983 1737 2150 1770 discoloris

1193 1810 1303 1829 amnes
1326 1798 1504 1842 praedictas
1529 1810 1635 1830 rerum
1665 1800 1894 1844 nationumque
1927 1802 2070 1833 fortunas
2092 1801 2150 1833 im·

1194 1862 1313 1894 mensis
1337 1862 1439 1906 primo
1465 1862 1587 1894 sinibus
1610 1863 1818 1895 ambiebant«
1856 1864 1925 1897 Sed
1941 1870 1974 1895 et
1997 1865 2041 1896 ihi
2058 1877 2148 1910 prae·

1192 1924 1292 1956 seram
1313 1936 1443 1968 »requam
1460 1924 1725 1968 nationumqueu=
1742 1925 1822 1956 dixit
1839 1931 1944 1959 autem
1965 1927 2149 1959 »nationum

1193 1987 1374 2026 formulas«,
1417 1986 1504 2030 quod
1535 1986 1587 2018 hie
1621 1986 1737 2017 »totius
1767 1987 1906 2032 populi.-
1964 1987 2009 2020 Ut
2043 2000 2084 2021 ex
2108 1989 2148 2021 iis

1193 2050 1274 2081 adeo
1303 2049 1382 2081 nihil
1411 2055 1540 2081 nostrae
1567 2050 1798 2082 emendationis
1825 2051 1937 2083 merito
1967 2052 2147 2094 derogetur.

1192 2111 1370 2144 Voxcist—
1385 2111 1439 2141 Ex
1453 2111 1600 2142 omnibus
1618 2111 1708 2144 libris
1725 2112 1850 2156 seriptis
1868 2124 1950 2144 unus
1965 2113 2147 2146 vossianus

1193 2175 1295 2208 codex
1317 2173 1443 2218 (Arntz.
1466 2187 1496 2218 p.
1509 2174 1597 2218 200)
1617 2176 1713 2207 habet
1729 2177 1916 2218 reyfonum5
1942 2176 1999 2207 sed
2020 2176 2053 2208 in
2075 2177 2146 2219 ejus

1193 2238 1324 2281 gratiam
1338 2237 1534 2281 reliquorum
1550 2239 1720 2270 lectionem
1736 2250 1774 2270 eo
1791 2238 1895 2270 minus
1909 2240 2025 2272 mutari
2040 2240 2145 2282 velim,

1193 2316 1257 2348 quo
1287 2303 1406 2335 certius
1433 2303 1575 2334 inferiori
1597 2303 1669 2335 loeo
1691 2301 1731 2346 (ξ.
1756 2302 1833 2345 15),
1870 2315 1887 2334 a
1904 2303 2052 2336 Vonckio
2075 2304 2145 2336 lau·

1192 2366 1277 2406 dato,
1296 2377 1359 2397 vox
1375 2367 1543 2396 ’cationum
1555 2364 1716 2408 repetitur.
1731 2364 1842 2408 Inepta
1851 2364 2024 2409 'praeterea
2038 2377 2144 2398 emen-

1192 2428 1276 2461 datio
1301 2434 1387 2459 esset
1410 2428 1465 2460 illa
1488 2441 1597 2460 rerum
1618 2439 1676 2471 pro
1700 2440 1830 2471 reglum,
1858 2428 2015 2471 siquidem
2034 2430 2146 2474 populi

1193 2499 1225 2525 et
1254 2505 1385 2537 reynm,
1422 2492 1548 2523 minime
1579 2504 1707 2530 rerum,
1736 2492 1796 2523 sibi
1824 2498 2038 2536 opponuntur.
2079 2493 2144 2526 Hie

1193 2555 1276 2587 enim
1299 2555 1338 2586 de
1364 2553 1448 2586 varia
1471 2553 1598 2584 fortuna
1624 2553 1728 2595 agitur
1753 2553 1877 2584 urbium
1907 2560 1939 2586 et
1969 2554 2142 2595 nationum,

1192 2623 1255 2650 tam
1271 2615 1409 2658 regibus.
1428 2627 1521 2658 quam
1539 2614 1666 2659 populis
1682 2614 1874 2648 imminente.
1900 2614 2008 2661 Atque
2025 2615 2142 2659 legisse
