2310 2860
78 675 168 717 225

194 165 281 208 258
767 159 966 203 Martiani
1003 158 1203 217 Capellae
1241 158 1315 200 lib.
1343 158 1417 201 ΙΙΙ.
1447 161 1479 211 ᾗ.
1500 157 1606 203 224.

194 287 270 328 per
300 269 502 313 eannulas
542 267 692 310 eadem
726 268 929 311 resanari.
989 266 1117 308 Tunc
1159 266 1287 307 etiam
1319 264 1540 322 quoddam
1572 267 1845 309 medicamen
1885 270 2165 323 acerrimum,-

197 354 314 412 quod
334 369 385 395 ex
407 351 571 394 ferulae
594 351 699 394 flore
721 351 1024 408 caprigenique
1044 351 1221 407 tergoris
1242 350 1475 392 resectione
1503 350 1755 402 confecerat,
1778 351 1900 393 rubri
1926 351 2162 393 admodum

198 436 348 477 coloris
373 434 619 491 expromsit,
649 434 768 490 quod
792 433 994 475 monebat
1019 432 1217 475 faucibus
1243 431 1550 483 adhibendum,
1582 447 1721 487 quum
1745 433 1913 475 indocta
1937 435 2163 477 rusticitate

199 525 375 558 vexatae
413 514 588 556 foetidos
629 524 776 555 ructus
822 513 957 556 vitiosi
997 514 1081 555 oris
1123 514 1337 556 exhalant.
1409 515 1744 557 Demonstrabat
1775 518 1900 558 etiam
1942 516 2159 572 quendam

197 595 484 652 gratissimum
523 602 694 649 gustum
734 608 911 648 vespere
949 593 1086 636 multo
1123 595 1329 651 olivoque
1368 595 1638 646 laboratum,
1699 610 1786 651 quo
1827 596 2004 651 depulsa
2049 598 2164 638 vocis

198 676 520 718 insuavissimae
564 674 727 716 diritate
783 688 958 715 canoros
997 675 1124 716 etiam
1167 675 1260 718 fiori
1302 691 1424 732 posse
1469 677 1749 718 memorabat.
1816 677 2003 719 Arterias
2038 665 2166 718 etiam

197 766 431 813 pectusque
472 756 697 809 cujusdam
741 754 1036 797 medicaminis
1079 756 1339 799 adhibitione
1379 759 1611 814 purgabat,
1670 759 1713 800 in
1746 774 1834 815 quo
1874 769 1913 800 et
1943 775 2041 802 cera
2069 760 2165 815 fago

195 837 318 888 illita,
358 846 398 878 et
427 837 638 893 gallarum
670 851 984 894 gummeosque
1004 839 1263 882 ,commixtio
1273 873 1285 893 ‚
1331 850 1371 882 et
1399 842 1607 884 Niloticae
1637 842 1801 884 fruticis
1831 843 2056 884 collemata
2085 858 2164 884 no-

253 970 441 1017 ».Notasque
462 969 580 1013 ficrvae
603 970 710 1014 sepiae

245 1034 443 1081 Gnidiosque
465 1035 565 1067 nodos
587 1035 759 1078 produlia«

273 1096 455 1143 cannatas]
494 1098 646 1131 Calamos
680 1097 856 1140 significat,
894 1108 1031 1142 quorum
1065 1107 1159 1129 usum

199 1158 438 1201 Quinctilianus
459 1160 539 1204 (10,
567 1161 607 1201 5,
631 1161 700 1200 515
735 1172 765 1204 p.
787 1161 857 1192 165
884 1158 1010 1204 Spald.)
1040 1158 1158 1191 descri-

198 1222 263 1266 psit
281 1222 330 1254 his
351 1223 472 1259 verbim
490 1223 616 1268 »quoad
632 1225 841 1269 intinqtmtur
855 1222 977 1265 calami,
997 1227 1161 1255 morantur

198 1297 354 1318 manum.«

270 1346 419 1393 ferzclae]
454 1346 510 1380 Ad
533 1348 652 1380 scrulas
682 1353 809 1392 sceptra
830 1347 1089 1392 paedagogorum
1115 1347 1159 1378 al-

197 1410 296 1452 ludit>
321 1411 405 1443 unde
427 1411 461 1443 id
485 1411 573 1454 quod
591 1411 624 1443 in
652 1411 885 1455 proverbialem
906 1411 1039 1443 sormam
1067 1410 1158 1442 abiit:

204 1474 268 1505 »Et
286 1486 346 1506 nos
368 1486 444 1517 ergo
462 1487 590 1506 manum
609 1475 729 1507 ferulae
750 1475 999 1515 subduxinliis«;
1026 1480 1059 1507 et
1079 1474 1160 1506 illud

198 1537 421 1571 columellae:
452 1539 671 1582 »Ferulasque
696 1539 862 1571 minaces«
902 1539 953 1571 De
975 1539 1088 1570 ferulis
1112 1538 1159 1570 di-

197 1611 327 1632 versum
359 1600 437 1643 quid
465 1612 483 1631 a
511 1600 645 1643 reliquis
675 1600 855 1632 subindicat
882 1599 1054 1643 Apulejus.
1090 1599 1160 1631 Alii

194 1661 283 1693 'enim
307 1661 347 1692 de
377 1660 523 1692 manibus
555 1672 730 1704 puerorum
756 1661 858 1692 serula
882 1662 1054 1693 caedendis
1079 1661 1159 1692 indi-

199 1729 289 1756 cant:
315 1723 370 1755 ille
401 1735 476 1755 vcro
503 1723 547 1754 ait
575 1723 657 1755 libro
684 1725 730 1756 10
759 1729 834 1758 met.
865 1707 979 1768 »quain
1005 1724 1159 1757 altissime

200 1785 326 1817 sublato
344 1795 444 1829 puero
467 1784 567 1816 ferula
586 1790 678 1816 nates
696 1785 764 1826 ejus
783 1786 1033 1820 obverberans«.
1053 1786 1159 1819 Gno’r.

202 1865 248 1870 --
275 1845 371 1877 Adde
404 1845 489 1890 apud
514 1845 706 1878 Suetonium
733 1846 791 1890 (de
813 1846 857 1879 ill.
879 1859 1010 1890 gramm.
1031 1848 1069 1891 9)
1091 1849 1159 1880 Do-

199 1908 278 1940 mitii
303 1908 402 1940 Marsi
426 1920 568 1940 versum:

256 1970 311 2004 »Si
333 1984 411 2018 quos
435 1972 579 2004 Orbilius
605 1970 707 2003 serula
733 1970 916 2016 seutieaque
939 1974 1069 2006 cecidit·

199 2041 231 2068 et
257 2035 413 2068 Martialis
439 2035 517 2079 (10,
540 2035 605 2075 62,
638 2034 675 2078 9)
699 2035 794 2066 hacc:

254 2098 349 2142 »Qua
377 2099 543 2141 vapulavit
565 2098 717 2140 sslarsyas
744 2097 940 2138 Celenaeus,

250 2159 453 2203 Ferulaeque
483 2162 615 2198 tristes,
637 2165 763 2203 sceptra
787 2160 1066 2204 paedagogoruma

201 2223 327 2267 alioque
349 2223 422 2255 loco
449 2223 529 2266 (14,
557 2222 619 2265 80)

255 2286 406 2317 »Invisae
428 2286 563 2316 ninu'mn
587 2285 716 2327 pneris,
741 2291 916 2332 qrataeque
940 2286 1132 2329 mayisttis.u

200 2347 395 2382 Conscratur
415 2346 510 2378 etiam
532 2345 700 2377 «Iuvenalis
725 2346 779 2389 (1,
809 2345 878 2390 15).

274 2408 503 2455 adhibendum]
530 2409 718 2442 variantem
735 2410 816 2442 hane
838 2410 1008 2442 lectionem
1027 2422 1086 2454 pro
1103 2410 1159 2442 ad-

202 2473 392 2504 movendum
413 2471 567 2517 praetuli,
592 2483 690 2515 quum
723 2476 754 2503 et
776 2471 1063 2513 Reielmnauensis,
1087 2472 1160 2506 Bri-

201 2536 346 2569 tannicus
373 2541 405 2568 et
432 2534 706 2577 Cantabrigicnsis
733 2547 804 2566 cnm
831 2546 868 2566 ea
894 2535 1076 2571 concinant.

276 2595 518 2645 capn·iqenique]
545 2596 674 2629 Alludit
697 2596 738 2629 ad
763 2595 912 2630 scuticas.
928 2595 1034 2631 Gnor.

1661 916 1690 936 ⁸·

1282 970 1421 1015 foetidos
1443 970 1568 1016 ructus]
1597 971 1685 1004 Saxo
1710 971 1932 1013 grammaticus
1956 971 2002 1016 (6.
2020 969 2168 1015 Ρ.107);

1216 1033 1430 1077 »Indigestam
1450 1036 1569 1068 ventris
1592 1036 1712 1067 saniem
1726 1036 1847 1079 foetido
1870 1036 1933 1067 oris
1951 1035 2096 1066 anhelitu
2114 1046 2169 1066 ru-

1210 1097 1386 1129 etalmtmz«
1408 1096 1518 1141 Atque
1534 1097 1604 1140 ipse
1620 1097 1735 1129 Cicero
1754 1097 1800 1141 (in
1821 1097 1890 1130 Pis.
1905 1097 1956 1140 G):
1973 1108 2086 1141 »quum
2104 1095 2168 1127 isto

1210 1168 1265 1190 ore
1282 1158 1403 1190 foetido
1422 1158 1615 1190 teterrimam
1638 1158 1732 1190 nobis
1750 1158 1901 1202 popinam
1927 1158 2134 1189 inhalasses.=

1285 1221 1436 1267 vespere]
1464 1222 1603 1264 Vigilias
1634 1223 1805 1264 signifieat,
1841 1229 1876 1254 ut
1908 1223 1991 1254 οἷίυο
2018 1223 2168 1254 lucernas

1148 1306 1152 1310 Δ
1210 1286 1306 1331 (conf.
1328 1298 1424 1330 supra
1447 1285 1476 1330 ξ.
1497 1287 1520 1317 2
1547 1291 1580 1317 ct
1604 1286 1687 1318 infra
1711 1285 1742 1330 §.
1761 1287 1834 1317 576
1859 1285 1952 1328 not.).

1284 1348 1427 1394 diritate]
1454 1350 1722 1382 Darnlstattensis
1741 1349 1871 1393 quidem
1888 1349 1991 1381 codex
2008 1349 2171 1387 ariditate,

1211 1411 1299 1455 quod
1314 1411 1472 1444 Heinsius
1487 1412 1542 1456 (ad
1561 1411 1623 1446 Sil.
1643 1413 1706 1453 11,
1727 1412 1802 1443 416
1819 1410 1944 1455 Burm.)
1962 1411 2057 1443 etiam
2080 1421 2170 1455 prae-

1210 1474 1352 1514 ferebat-3
1388 1474 1445 1506 sed
1474 1474 1634 1516 vulgatam
1670 1473 1853 1517 relinquere
1886 1485 1952 1504 non
1987 1484 2069 1517 opus
2102 1477 2170 1510 est,

1211 1549 1310 1579 quum
1334 1537 1441 1567 dirum
1467 1536 1597 1567 omnino
1620 1548 1739 1567 canoro
1759 1534 1942 1578 oppositum
1969 1534 2022 1566 sit.
2065 1534 2170 1565 Dirae

1212 1598 1305 1629 alites
1324 1597 1444 1628 nemini
1461 1597 1599 1638 ignotae.
1644 1596 1879 1628 »Teterrimum
1903 1595 1990 1628 omni
2016 1596 2164 1628 diritate-u

1212 1660 1328 1692 Cicero
1353 1659 1399 1703 (in
1416 1659 1526 1691 Vatin.
1543 1660 1567 1691 5
1590 1658 1622 1702 f.)
1645 1658 1783 1701 scripsit.

1285 1721 1459 1767 purgabat]
1485 1723 1524 1754 In
1550 1723 1644 1754 editis
1665 1722 1808 1753 additum
1833 1727 1902 1754 erat
1924 1721 2172 1766 911²·9arizando.

1210 1786 1342 1818 Notavit
1366 1792 1471 1817 tamen
1495 1786 1648 1818 Grotius:
1672 1787 1724 1817 »in
1743 1786 1816 1817 MS.
1833 1797 1906 1817 meo
1926 1787 2005 1817 hacc
2027 1797 2089 1816 vox
2113 1797 2171 1829 pro

1210 1849 1404 1891 glossemate
1429 1854 1493 1888 est,
1521 1853 1553 1879 et
1577 1853 1680 1879 recte:
1708 1847 1734 1878 si
1758 1847 1843 1879 enim
1865 1847 1945 1879 haee
1967 1847 2008 1878 ad
2032 1847 2170 1889 gargari-

1209 1913 1346 1947 zandum
1370 1917 1495 1952 essent,
1522 1911 1632 1956 utique
1658 1912 1850 1955 epithemata
1873 1923 1941 1943 non
1965 1916 2103 1943 essent«
2123 1929 2170 1934 —

1208 1976 1315 2009 Abest
1349 1977 1410 2007 ista
1438 1988 1502 2009 vox
1537 1988 1553 2006 a
1585 1975 1750 2007 codicibus
1777 1976 1872 2007 etiam
1900 1973 2170 2013 Reichenauensi‚

1208 2037 1475 2077 Dar-iustattensi‚
1509 2038 1698 2070 Monacensi
1720 2037 1806 2081 (C),
1845 2036 2103 2078 cantabrigiensi
2139 2040 2171 2066 et

1208 2099 1407 2138 Britannico.
1431 2099 1600 2132 Posterior
1621 2099 1724 2131 codex
1747 2105 1913 2143 praeterea
1935 2110 1994 2142 pro
2011 2098 2171 2141 purqabat

1209 2162 1340 2194 exhibet
1361 2160 1504 2193 men-abae.

1283 2235 1356 2255 cera
1369 2223 1446 2266 fay«)
1464 2221 1558 2267 illita]
1585 2221 1783 2254 Notissimae
1802 2226 1877 2252 sunt
1896 2221 2024 2252 tabulae
2043 2227 2168 2253 ceratae

1209 2283 1388 2327 (Gufflaud.
1414 2285 1454 2316 de
1479 2295 1601 2327 papyro
1627 2284 1668 2323 5,
1702 2284 1747 2314 41
1781 2294 1870 2326 sequ.
1898 2283 1980 2315 Nor.
2012 2295 2064 2327 op.
2093 2283 2169 2326 dipl.

1209 2346 1287 2390 alii).
1328 2346 1447 2377 Earum
1477 2357 1553 2392 prae
1586 2344 1778 2375 membranis
1813 2344 2041 2388 praestantiam
2076 2344 2170 2376 docet

1209 2409 1448 2455 Quinctilianns
1469 2409 1549 2451 (10,
1572 2409 1614 2448 5,
1639 2409 1698 2440 51.
1725 2421 1756 2451 p.
1779 2408 1872 2451 162).

1283 2477 1315 2503 et
1331 2468 1504 2515 gallorum]
1525 2469 1648 2502 obser»
1656 2482 1690 2500 es
1710 2470 1803 2500 veiim
1818 2469 2003 2501 hodiernam
2019 2469 2070 2501 hie
2087 2474 2166 2500 atra-

1209 2533 1309 2566 menti
1331 2531 1621 2576 praeparationem,
1650 2532 1742 2574 eujus
1761 2530 1925 2575 antiquius
1951 2529 2166 2563 testimonium

1211 2596 1361 2642 equidem
1391 2607 1456 2628 non
1478 2594 1564 2628 novi.
