2310 2860
185 169 274 214 210

746 164 945 210 Martiani
985 165 1184 222 Capellae
1222 162 1295 205 lib.
1329 162 1384 204 II.
1425 164 1456 215 §.
1484 163 1577 205 157.

187 279 313 320 fidem
359 278 496 319 fecere
537 275 807 327 coelestium,
864 284 910 316 ut
954 274 996 315 in
1039 281 1136 314 ortu
1179 268 1376 312 Herculis
1422 269 1657 325 geminatae
1703 269 1834 311 noctis
1879 270 2137 326 obsequium

184 367 484 415 serpentesque
529 355 642 397 idem
683 371 845 413 parvus
889 354 1079 396 oblidens
1132 352 1221 394 vim
1272 352 1459 393 numinis
1501 353 1774 408 approbavit3
1835 352 1973 408 Tages
2013 352 2140 393 sulcis

185 470 259 501 dere
279 454 405 512 poterat
423 467 501 498 illud
519 467 650 498 Romuli
666 467 776 511 (Dion.
792 465 953 497 Halicarn.
971 465 1004 496 2.
1022 477 1050 507 p.
1066 464 1136 495 119

185 533 300 576 sylb).
326 531 420 563 Alios
440 532 550 566 etiam.
578 531 631 575 qui
657 544 726 562 cum
748 530 901 575 prodigiis
925 530 1006 570 nati,
1027 540 1135 560 reeen-

184 600 291 627 suerat
316 593 515 639 Apollinaris
549 593 703 626 Sidonius
732 593 840 637 (carm.
868 593 908 631 2,
947 593 1017 624 105
1047 602 1137 635 sequ.

181 672 212 705 p.
237 659 310 691 292
336 657 458 701 Sirm.).

253 721 348 765 fidem
358 718 478 765 fecere]
497 719 541 750 Et
559 719 664 750 statim
684 717 847 760 subjungit
863 717 1014 749 Herculis
1031 728 1136 749 exem-

180 783 290 828 plum,
315 782 359 814 ita
388 787 424 813 ut
450 781 547 813 verba
571 780 626 811 illa
652 780 801 812 hahuisse
824 779 968 811 videatur
992 791 1010 811 a
1039 779 1136 811 Clau—

183 847 276 880 diano
299 846 375 891 (seu
408 845 479 889 quis
516 844 598 876 alius
628 844 670 876 sit
702 843 809 888 poeta)
837 844 892 888 qui
917 843 1027 875 laudes
1052 843 1137 875 Her·

180 909 260 941 culis
287 919 404 940 canens
428 908 512 939 hunc
537 907 582 939 sie
601 906 775 950 alloquitur
794 906 866 950 (15.
893 919 924 951 p.
940 907 1014 938 596
1033 905 1136 950 Bip.)=

188 970 323 1003 „Fecisti
349 971 388 1001 de
414 975 503 1014 patre
529 969 652 1000 fidem.«

252 1034 433 1077 qeminatae
454 1030 568 1075 noctis]
599 1030 740 1063 Seneca.-
762 1029 939 1062 »Roscidae
962 1029 1064 1062 noctis
1084 1041 1136 1071 ge-

178 1094 307 1126 minavit
334 1095 448 1125 horas«
480 1093 519 1124 de
544 1093 655 1124 eadem
678 1091 829 1123 Herculis
857 1091 1010 1134 genitura.
1032 1091 1136 1124 Gnor.

180 1174 226 1181 ·—-
248 1154 365 1188 Graeci
390 1155 517 1199 quidem
541 1153 712 1197 scriptores
736 1152 927 1195 triplicatam
952 1153 1053 1184 fuisse
1080 1164 1135 1184 no-

178 1205 260 1252 'ctem
291 1219 434 1251 scribunt
460 1218 612 1261 (niodor.
638 1217 678 1257 4,
701 1217 734 1248 9.
757 1215 948 1260 Apollodor.
970 1216 1010 1257 2,
1036 1216 1077 1257 4,
1103 1217 1136 1248 8.

177 1283 309 1315 Lucian.
336 1282 410 1314 dial.
430 1282 517 1313 deor.
541 1293 571 1325 p.
590 1281 639 1313 52
663 1280 737 1324 Bip.
761 1280 883 1313 Eusel).
904 1292 1011 1324 praep.
1032 1292 1080 1312 cv.
1101 1281 1135 1321 2,

174 1347 210 1387 2,
231 1346 263 1377 2.
287 1359 318 1390 p.
343 1346 399 1377 54.
414 1345 516 1389 Orph.
533 1344 658 1386 Argon.
676 1343 777 1386 118),
799 1343 882 1374 unde
904 1341 1134 1390 τριεόπὲρου

177 1409 338 1449 λέοντος
367 1409 494 1440 nomine
522 1408 693 1449 insignitur
720 1419 737 1438 a
764 1407 977 1451 Lycopliroue
998 1407 1074 1451 (55)
1104 1411 1136 1437 et

174 1470 405 1514 ἀλεξίκακος
421 1470 648 1518 τριόέληνος
661 1470 839 1515 appellatur
852 1483 869 1501 a
886 1469 1019 1501 Pallada
1036 1470 1134 1513 (anth.

174 1537 230 1570 Gr.
257 1538 288 1576 1,
313 1537 379 1574 58,
404 1537 444 1576 9,
469 1537 502 1567 5.
525 1549 556 1579 1¹·
576 1536 646 1567 168
672 1533 822 1579 Bosch.>=
839 1535 895 1566 sed
916 1535 1133 1565 Romanorum

170 1601 316 1646 plerique
342 1599 518 1641 geminatae
545 1598 757 1630 meminerunt
782 1598 886 1629 noctis
914 1598 1073 1640 (propert.
1093 1597 1132 1636 2,

173 1662 240 1702 18,
268 1660 339 1702 25).
375 1659 419 1691 Et
450 1669 640 1702 quamquam
675 1659 806 1690 verbum
843 1660 1008 1702 geminare
1039 1658 1133 1689 etiam

170 1722 382 1765 multiplicare
405 1720 582 1761 significare
603 1719 737 1762 poterit,
765 1719 798 1750 id
817 1719 902 1762 quod
922 1731 939 1750 e
968 1731 1045 1751 voce
1070 1725 1131 1751 ter-

171 1787 318 1831 geminus
348 1784 414 1816 sive
448 1784 638 1827 triqeuzinus
662 1787 768 1826 patet,
806 1782 932 1826 sintque
966 1788 1131 1826 praeterea

170 1849 225 1894 qni
239 1859 405 1880 numerum
425 1858 491 1878 non
508 1845 660 1877 definiant
675 1845 795 1890 (Plaut.
813 1844 932 1889 Amph.
950 1846 1032 1890 prol.
1050 1847 1130 1878 113.

172 1911 262 1951 1163
299 1909 379 1941 adde
399 1915 506 1940 tamen
533 1909 613 1940 158.
648 1907 763 1940 Senee.
787 1906 900 1949 Agam.
925 1908 1008 1939 816.
1033 1906 1128 1939 Ovid.

168 1973 301 2006 Heroid.
327 1974 366 2012 9.
389 1972 444 2016 9)3
472 1972 540 2003 aliis
572 1977 678 2003 tamen
702 1970 799 2012 locis,
832 1974 866 2002 ut
891 1971 945 2002 illo
970 1983 987 2002 a
1012 1971 1128 2004 Grotio

172 2035 301 2067 laudato
327 2034 418 2073 (Sen.
444 2032 559 2075 Agam.
584 2032 675 2079 805)
698 2044 864 2064 numerum
889 2038 1127 2077 expresserunt,

169 2105 205 2131 ut
228 2097 366 2130 Ovidius
393 2096 502 2140 (amor.
529 2098 566 2136 1,
600 2098 656 2129 15.
680 2096 757 2139 45)=

227 2160 318 2204 „Ipse
342 2159 435 2190 deam
458 2160 604 2202 9enitor,
628 2170 669 2190 ne
692 2164 722 2189 te
747 2163 813 2189 lam
835 2169 928 2201 saepe
954 2158 1096 2198 videret,

220 2223 387 2257 Commisit
405 2227 514 2253 noctes
539 2223 573 2253 in
596 2234 655 2253 sua
680 2227 755 2254 vota
778 2221 876 2253 duas«

168 2287 262 2331 (tons.
290 2285 405 2319 Senee.
432 2285 471 2317 de
498 2285 583 2316 brev.
605 2285 658 2317 vit.
690 2286 745 2318 16.
772 2297 802 2329 p.
830 2286 903 2317 228
932 2285 1024 2330 Lips.
1047 2285 1125 2317 Hie-

167 2363 288 2394 ronym.
313 2349 415 2392 alios).
455 2347 588 2381 Servius
623 2353 731 2380 contra
763 2349 816 2392 (ad
847 2348 930 2381 Aen.
964 2352 1003 2390 8,
1042 2348 1126 2392 105)

170 2425 240 2445 eum
272 2410 406 2444 Graecis
433 2409 523 2442 facit:
549 2414 643 2453 atque
668 2409 832 2441 Arnohius
856 2411 902 2454 (4.
929 2423 959 2455 p.
980 2409 1065 2455 145)
1093 2416 1126 2443 ct

169 2476 319 2508 Clemens
342 2474 507 2518 (protrept.
543 2486 573 2518 p.
596 2472 659 2517 20)
689 2473 791 2504 trihus
816 2485 880 2506 non
906 2475 1051 2507 contenti
1074 2474 1125 2506 vel

170 2548 284 2569 novem
307 2536 440 2577 tingunt.

248 2596 364 2642 Tssyes]
392 2596 522 2629 Cicero:
558 2594 680 2638 »Tages
698 2595 825 2640 quidam
849 2596 964 2627 dieitur
987 2596 1021 2629 in
1049 2608 1125 2640 agro

1189 461 1431 505 Tarquiniensi,
1456 473 1553 505 quum
1573 466 1656 492 terra
1677 467 1854 503 agraretur7
1875 467 1906 493 et
1920 461 2028 493 sulcus
2050 461 2144 494 altius

1189 531 1275 557 esset
1288 526 1475 571 impressus,
1494 525 1655 558 exstitisse
1672 531 1804 569 repente
1816 532 1931 558 etcum
1947 527 2058 557 affatus
2074 537 2145 558 esse

1189 588 1244 632 qui
1269 589 1386 621 arabat.
1412 589 1445 621 Is
1469 594 1574 620 autem
1594 589 1718 630 TageS,
1746 593 1782 618 ut
1803 588 1836 619 in
1853 588 1942 619 libris
1965 593 2014 619 est
2029 588 2143 619 Etrus·

1189 664 1315 694 corum,
1358 652 1475 697 puerili
1510 652 1616 696 speeie
1652 650 1768 683 dieitur
1810 651 1911 692 visus,
1960 651 2017 683 sed
2051 652 2145 684 senili

1187 714 1287 746 suisse
1316 715 1493 759 prudentia.
1551 714 1633 756 Ejus
1664 719 1796 758 aspectu
1827 726 1924 757 quum
1963 714 2145 758 obstupuis-

1189 784 1239 811 set
1260 779 1435 819 bubuleus,
1471 779 1706 822 clamoremque
1738 778 1890 821 majorem
1916 790 1988 809 eum
2013 778 2144 811 admira·

1188 843 1275 876 tione
1316 843 1485 884 edidisset,
1522 855 1713 875 concursum
1751 855 1823 875 esse
1857 843 1991 883 factum,
2029 848 2143 875 totam-

1188 920 1250 952 que
1269 907 1356 939 brevi
1380 913 1522 951 tempore
1544 907 1707 939 Etruriam
1736 907 1940 938 convenisse:
1966 912 2034 938 tum
2054 906 2144 939 illum

1188 969 1279 1013 plura
1305 970 1448 1001 locutum
1474 969 1581 1000 multis
1614 969 1833 1009 audientibus,
1869 969 1922 1012 qui
1945 968 2050 1000 omnia
2072 969 2143 1011 ejus

1187 1032 1284 1063 verba
1317 1032 1502 1075 exceperint
1538 1031 1705 1074 literisque
1737 1030 1963 1062 mandaverint.
2004 1030 2143 1063 Omnem

1187 1099 1292 1124 antem
1313 1093 1489 1124 orationem
1510 1092 1610 1123 fuisse
1632 1103 1716 1130 eam,
1744 1103 1805 1135 qua
1824 1092 2058 1135 Haruspicinae
2080 1092 2143 1124 dis-

1193 1155 1309 1198 ciplinn'
1333 1154 1558 1186 contineretur.
1567 1168 1578 1180 «
1612 1152 1765 1184 Ovidius:

1246 1216 1365 1248 »IIaud
1389 1217 1484 1248 aliter
1515 1216 1658 1258 stupuit,
1693 1226 1788 1261 quam
1823 1227 1922 1262 quum
1957 1214 2141 1257 Tyrrhenus

1586 1283 1697 1309 arator

1240 1341 1388 1375 Fatalem
1409 1342 1533 1385 ⁸qlebam
1558 1342 1651 1372 motis
1674 1342 1800 1383 aspexit
1824 1341 1859 1370 in
1883 1342 1970 1372 arvis

1236 1405 1357 1448 Sponte
1377 1417 1437 1436 sua
1455 1406 1594 1448 primum
1616 1405 1770 1451 nulloque
1795 1405 1940 1448 ayitante
1960 1407 2098 1444 moveri,

1236 1468 1371 1502 Sumere
1401 1481 1477 1500 ’nox
1520 1469 1658 1501 hominis
1699 1475 1868 1515 terraeque
1906 1470 2051 1501 amittere
2073 1468 2139 1512 sm*-

1582 1542 1687 1567 mum,

1235 1591 1368 1637 Oraque
1388 1592 1535 1622 venturis
1559 1592 1684 1634 aperire
1704 1592 1847 1622 recentia
1866 1590 1953 1633 fatis.

1233 1653 1411 1696 Indiqenae
1437 1653 1549 1683 dixere
1575 1654 1709 1696 Tayem=
1738 1654 1794 1699 qui
1816 1654 1940 1695 primus
1964 1653 2136 1685 Etruscam

1234 1714 1373 1746 Edocuit
1393 1719 1520 1757 yentem
1545 1725 1639 1745 casus
1663 1715 1787 1756 aperire
1806 1713 1946 1756 ficturos.

1183 1777 1270 1809 Citat
1294 1777 1485 1810 Planciades
1517 1778 1617 1809 libros
1648 1777 1718 1818 ejus
1746 1778 1980 1820 Haruspieinae
2009 1777 2137 1809 nomine

1181 1841 1365 1884 inscriptos,
1390 1840 1458 1873 Sed
1483 1847 1515 1872 et
1539 1840 1683 1873 Servius.
1714 1842 1876 1884 Quoniam
1898 1847 2003 1872 autem
2028 1853 2138 1873 vocem

1180 1916 1317 1948 sypnum
1339 1904 1390 1936 hie
1412 1904 1597 1936 mendosam
1614 1916 1685 1936 esse
1694 1907 1713 1945 ‚'
1729 1909 1761 1936 et
1785 1916 1826 1936 ex
1851 1905 2054 1946 grammatica
2075 1906 2138 1938 hue

1180 1967 1375 2007 translatam,
1399 1966 1495 2010 idque
1512 1966 1687 1997 manifestis
1705 1966 1779 2000 MS.
1798 1967 1871 1998 libri
1886 1967 2011 1998 indiciis
2025 1967 2136 2011 liquet,

1179 2042 1220 2063 ex
1242 2030 1322 2061 loeis
1346 2030 1398 2062 hic
1424 2029 1562 2061 laudatis
1584 2030 1700 2061 lubens
1725 2030 1871 2072 legerim:
1894 2036 1926 2062 ct
1947 2033 2047 2062 ritum
2073 2036 2134 2061 sta-

1178 2093 1234 2129 tim
1255 2093 1359 2135 genti,
1385 2094 1691 2140 lmruspicinamque
1714 2094 1917 2133 monstravit,
1947 2093 1996 2124 vel
2021 2093 2048 2124 si
2072 2105 2135 2124 ma-

1177 2155 1226 2187 vis
1260 2156 1550 2201 haruspieimnque.
1601 2155 1645 2186 Et
1685 2166 1761 2186 sane
1803 2154 1988 2187 alterutrum
2027 2154 2133 2194 suerit,

1178 2219 1264 2263 quod
1292 2218 1343 2250 vel
1375 2230 1415 2250 ex
1440 2217 1625 2258 intervallo,
1660 2218 1747 2260 quod
1768 2217 1800 2248 in
1824 2216 1897 2249 MS.
1924 2223 1989 2258 est,
2023 2230 2132 2250 verum

1179 2293 1250 2312 esse
1277 2279 1403 2322 colligo.
1425 2278 1593 2311 Gnor.‘—-
1624 2279 1786 2309 Lacunam
1811 2278 1842 2309 in
1866 2278 1938 2311 MS.
1958 2291 2017 2311 suo
2039 2285 2134 2311 testa-

1177 2351 1230 2375 tur
1253 2344 1352 2375 fuisse
1380 2343 1524 2375 Grotius.
1563 2342 1633 2373 Nos
1659 2342 1798 2385 priscum
1823 2343 1964 2374 codicem
1990 2343 2133 2387 posside-

1177 2419 1247 2439 mus
1269 2407 1324 2450 qui
1349 2406 1388 2437 ab
1413 2407 1471 2437 hac
1498 2405 1652 2449 scriptura
1675 2417 1734 2437 nee
1760 2418 1897 2448 unguem
1923 2407 2022 2438 latum
2046 2419 2132 2440 reee-

1178 2471 1231 2503 dit.
1276 2469 1365 2514 Quid
1393 2480 1468 2501 vero
1504 2469 1582 2500 illud
1613 2480 1748 2512 sypnum
1775 2470 1816 2501 sit
1843 2470 1950 2502 doceri
1978 2471 2130 2515 cupimus·

1176 2533 1364 2576 chendum
1399 2532 1535 2564 arbitror
1571 2537 1620 2564 net
1649 2533 1743 2564 ritum
1778 2533 1884 2565 statim
1919 2535 2005 2575 genti
2035 2536 2130 2578 inspi-

1177 2598 1323 2644 eiumque
1344 2594 1559 2627 monstravit«
1592 2593 1767 2639 Inspicium
1793 2595 1945 2627 solemnis
1973 2596 2006 2627 in
2035 2596 2129 2628 saeri-
