2310 2860
652 180 855 225 Martiani
891 179 1091 237 Capellae
1119 178 1199 230 lib.
1227 177 1281 222 11.
1319 180 1351 232 §.
1377 177 1474 224 128.

1955 182 2043 227 185

84 291 336 343 attribuens,
380 291 643 347 nullumque
684 304 755 341 eo,
802 303 890 345 quo
930 302 1016 330 non
1052 287 1323 339 merebatur,
1367 286 1551 330 afficiens
1587 287 1778 349 JustiQ
1819 289 2039 333 ferebatur

81 372 224 414 sortita
245 372 522 415 vocabulum.
567 371 738 414 Verum
772 371 892 413 tertia
923 370 1141 411 contemtis
1179 367 1433 410 muneribus
1474 378 1601 426 atque
1632 371 1880 413 abstinentia
1912 387 2037 428 prae-
2070 368 2156 411 129

79 450 281 504 dicanda,
310 468 363 495 cx
394 468 566 495 morum
596 453 876 511 temperantia
905 466 1062 494 nomen
1092 459 1325 506 acceperat.
1373 450 1498 501 Quae
1527 462 1767 507 supererat,
1811 452 2038 496 fortissima
2072 452 2156 495 150

81 549 131 577 ac
169 535 397 577 tolerandis
441 535 641 577 omnibus
681 534 869 577 adversis
913 549 1084 590 semper
1122 533 1322 586 infracta,
1376 532 1611 574 subeundis
1660 534 1787 576 etiam
1824 534 2044 577 laboribus

138 668 291 701 ..Nullum
306 680 426 701 numen
445 669 543 702 habes
559 670 590 701 si
612 669 654 701 sit
674 666 857 700 Prudentia
864 679 878 707 ,-
903 678 963 699 nos
982 672 1013 699 te

131 733 201 766 Nos
218 733 358 777 facimus
380 733 530 765 Fortuna
555 732 732 764 deam.«-—-
750 750 800 757 —
817 750 868 756 --

76 792 117 827 In
144 794 260 839 quibus
286 794 422 839 praeivit
445 794 475 826 ei
499 793 677 826 Menander
706 792 778 838 (ap.
801 791 979 826 stobaeum
1003 791 1037 824 in

79 857 137 891 ccl.
165 859 198 898 1,
223 859 257 898 7,
284 859 315 890 1.
340 871 372 901 p.
393 858 464 889 194
488 857 600 901 llecr.)
626 868 762 888 canens:

135 917 268 967 ·Τύχη
288 919 454 967 κυβερνᾷ
474 916 616 962 πάντα,
637 915 787 963 ταύτην
802 916 866 952 καὶ
885 916 1037 965 φρένας

126 985 199 1020 Δεῖ
219 981 284 1018 καὶ
302 980 492 1031 πρόνοιαν
512 980 578 1029 τήι
606 980 704 1017 θεὸν
724 981 857 1016 καλεῖν
873 978 1030 1026 norma.-

76 1045 215 1080 Accedit
243 1046 331 1090 quod
361 1045 558 1077 Prudentiae
593 1050 701 1089 partes
733 1044 878 1077 Minerva
909 1054 1037 1087 semper

77 1108 225 1140 sustinet.
266 1107 334 1140 Sed
359 1118 465 1150 neque
494 1106 527 1137 id
554 1106 732 1138 Martianus
756 1105 840 1147 egit,
873 1111 910 1136 ut
934 1116 1035 1136 novas

75 1170 152 1204 deas
167 1170 317 1212 fingeret,
343 1179 453 1200 verum
467 1180 526 1212 per
538 1171 807 1212 prosopopoeiam
824 1172 948 1199 tantum
958 1179 1035 1211 qua-

74 1239 150 1266 tuor
174 1233 248 1265 illas
274 1238 435 1264 matronas
453 1231 594 1272 induxit,
621 1231 738 1276 quibus
761 1231 955 1276 principales
972 1230 1034 1263 vir-

75 1301 161 1328 tutes
185 1295 393 1338 significaret,
423 1306 503 1338 quas
532 1293 717 1338 philosophi
744 1298 922 1326 statuerant
952 1305 1034 1326 nun-

77 1371 172 1404 quam
189 1358 395 1400 negligendas
406 1358 514 1402 (Plato
533 1357 567 1389 in
591 1358 714 1389 Phaed.
737 1370 769 1402 p.
788 1358 854 1398 693
874 1357 913 1389 de
934 1358 976 1390 R.
994 1357 1034 1390 P.

75 1423 112 1456 4.
128 1435 161 1467 p.
178 1422 251 1454 427
271 1426 303 1453 et
322 1421 396 1454 455
422 1420 535 1465 Steph.
553 1419 737 1464 Appulejus
760 1420 800 1452 de
823 1421 930 1462 dogm.
948 1421 1033 1453 Plat.

75 1497 106 1529 p.
129 1484 204 1516 220
236 1482 323 1515 oud.
351 1480 521 1513 Aristotel.
547 1482 665 1513 rhetor.
691 1482 729 1522 1,
756 1483 778 1513 5
808 1486 842 1512 et
867 1483 900 1513 9.
936 1481 1033 1524 Diog.

73 1546 182 1578 Laert.
204 1546 244 1585 5,
270 1545 319 1576 80
343 1556 375 1587 p.
394 1543 478 1574 214.
507 1544 540 1584 7,
564 1543 623 1574 92.
652 1555 683 1587 p.
700 1543 771 1574 421
803 1543 900 1575 Meib.
929 1543 1032 1576 Polus

72 1609 107 1642 in
131 1607 204 1642 Gal.
223 1619 332 1652 opusc.
350 1620 380 1651 p.
399 1607 480 1639 702.
493 1606 636 1639 Macrob.
653 1606 687 1638 in
710 1617 813 1638 somn.
831 1606 918 1650 Scip.
940 1609 972 1647 1,
991 1608 1033 1647 83

73 1670 155 1704 conf.
171 1675 204 1703 et
222 1668 354 1703 Cebetis
374 1669 439 1703 tab.
464 1680 495 1712 p.
514 1668 597 1700 207.
621 1667 670 1699 cd.
697 1667 815 1708 1646,
840 1666 1032 1699 Ammianus

71 1735 138 1776 25,
163 1747 195 1780 p.
216 1734 290 1767 515
312 1731 426 1772 Lind.3
451 1732 490 1764 cf:
511 1730 700 1776 praesertim
719 1730 857 1763 Observ.
879 1731 1030 1764 IIallcns.

71 1799 110 1831 T.
134 1798 167 1831 9.
194 1796 275 1830 obs.
297 1797 331 1830 6.
357 1808 388 1840 p.
414 1796 483 1828 161
512 1794 627 1840 sequ).
653 1793 802 1827 Virtutes
827 1793 924 1835 illae,
949 1806 1030 1839 quas

71 1859 249 1893 cardinales
279 1857 458 1903 appellant,
488 1856 640 1890 Ciceroni
661 1856 715 1901 (de
742 1856 832 1888 finib.
850 1857 883 1896 1,
915 1857 971 1890 16.
995 1857 1030 1896 5,

74 1924 120 1956 15
142 1928 175 1954 et
197 1923 264 1963 25,
292 1922 332 1954 dc
359 1927 438 1953 orat.
456 1921 492 1962 2,
513 1921 581 1962 845
605 1920 726 1953 invent.
742 1920 777 1961 2,
797 1921 854 1952 55.
873 1919 935 1963 54)
955 1925 1031 1952 sunt

71 1984 257 2030 prudentia,
287 1983 430 2026 justitia,
467 1982 695 2027 temperantia,
733 1987 766 2013 et
791 1981 964 2022 fortitudo,
995 1987 1031 2014 ut

71 2061 112 2081 ex
141 2046 356 2092 disputatione
387 2045 481 2078 etiam
515 2046 554 2077 de
581 2045 633 2077 dei
658 2044 829 2077 virtutibus
855 2045 907 2090 (N.
931 2045 973 2077 D.
992 2047 1028 2087 5,

72 2111 129 2143 15.
145 2110 242 2142 Tuse.
257 2113 381 2154 quaest.
404 2109 441 2147 5,
469 2108 492 2139 8
519 2112 552 2139 et
577 2106 637 2151 17)
654 2107 763 2149 colligi
778 2112 896 2151 potest.
923 2107 1028 2151 Quin-

70 2173 217 2208 ctilianus
246 2172 326 2218 (12,
346 2172 389 2213 2,
418 2172 475 2204 17.
507 2183 538 2216 p.
557 2171 630 2203 524
661 2170 788 2216 Spald.)
813 2183 868 2203 eas
891 2172 954 2204 hoc
978 2183 1028 2204 re-

69 2242 180 2271 censet
196 2236 324 2270 ordine:
340 2251 351 2266 »ι
354 2235 498 2279 justitia,
523 2234 695 2276 fortitudo,
717 2235 921 2278 abstinentia,
948 2241 1029 2269 tem-

70 2301 251 2346 perantia«,
277 2299 405 2333 Seneca
428 2299 490 2345 (ep.
516 2299 565 2331 90
583 2299 608 2333 f.
634 2311 665 2343 p.
684 2299 754 2331 581
774 2299 892 2344 Lips.)2
919 2300 1028 2343 »justi-

863 2360 1027 2394 Aristides

71 2434 148 2456 vcro
181 2423 419 2467 Quinctilianus
449 2422 503 2466 (de
536 2422 659 2455 musica
693 2422 750 2454 int.
783 2422 936 2456 Meibom.
966 2435 1027 2456 scr.

73 2361 131 2404 tia,
157 2362 344 2408 prudentia,
374 2360 600 2406 temperantia,
629 2360 812 2393 fortitudo«

70 2498 151 2520 mus.
173 2498 204 2531 p.
221 2485 306 2530 155)
326 2497 380 2519 eas
399 2498 418 2518 e
440 2491 563 2528 mente,
594 2491 632 2518 ut
652 2486 795 2528 videtur,
823 2487 1028 2531 Pythagorae

71 2561 144 2582 cum
173 2547 314 2580 numeris
337 2557 543 2592 comparans,
573 2548 763 2592 prudentiae
792 2549 948 2581 unitatem
971 2550 1025 2582 ad-

72 2610 198 2653 scribit,
234 2608 416 2644 fortitudini
443 2608 617 2652 binarium,
657 2611 887 2657 temperantiae
921 2617 1024 2645 terna-

1089 667 1181 710 rium,
1203 674 1236 701 et
1255 668 1400 711 justitiae
1419 669 1664 714 quaternarium.
1691 669 1766 713 Qua
1794 682 1866 702 cum
1893 671 2041 703 distribu-

1088 732 1175 764 tione
1194 733 1274 764 alios
1299 739 1405 765 tamen
1428 745 1494 765 non
1518 733 1699 766 consentire
1723 734 1798 766 olim
1820 734 1865 778 (in
1883 735 2043 779 palaeogr.

1087 794 1156 826 crit.
1186 794 1243 827 111.
1272 794 1300 839 §.
1321 795 1411 838 752)
1430 795 1497 837 jam
1523 796 1690 828 observavi
1713 796 1813 840 (conf.
1840 802 1872 828 et
1897 803 2044 830 nostrum

1088 854 1131 900 §.1
1144 858 1241 899 752).
1268 857 1335 888 Sed
1360 856 1521 888 Aristides
1544 857 1598 888 ille
1620 858 1653 901 (l.
1670 870 1695 890 c.
1713 871 1742 902 p.
1762 859 1842 891 159.
1863 859 1947 905 140)
1976 873 2043 893 mn-

1089 917 1171 948 sices
1195 917 1290 949 etiam
1320 923 1492 961 systemata
1518 930 1589 950 cum
1613 925 1750 962 quatuor
1775 920 1944 953 virtutibus
1968 935 2043 956 con-

1087 981 1170 1012 ferre
1190 993 1255 1012 non
1276 981 1440 1013 dubitavit.
1469 982 1622 1014 Ceterum
1640 984 1841 1027 prudentiam
1859 984 2044 1031 Appula-jus

1087 1044 1146 1088 (de
1171 1045 1275 1086 dogm.
1299 1045 1428 1077 Platon.
1454 1059 1486 1090 p.
1514 1046 1587 1078 228
1620 1046 1742 1091 Oud.),
1770 1054 1881 1081 nostro
1911 1062 2045 1094 prorsus

1087 1106 1199 1138 similis
1222 1107 1310 1138 illam
1333 1108 1482 1139 virtutem
1509 1108 1589 1140 dixit
1617 1121 1716 1153 »quae
1746 1111 1870 1143 ratione
1894 1113 1935 1143 sit
1957 1113 2044 1155 nixa,

1087 1169 1307 1214 spectatricem
1332 1175 1365 1201 ct
1390 1169 1641 1211 dijudicatricem
1664 1171 1806 1203 omnium
1829 1184 1965 1205 rerum·

1160 1245 1221 1266 sua
1245 1234 1370 1266 czmctz's
1393 1233 1586 1280 attribuens]
1613 1234 1786 1279 Ulpianum
1809 1243 1920 1269 noster
1935 1238 2046 1271 babuit

1085 1302 1265 1338 auctorem,
1295 1297 1351 1342 qui
1372 1297 1418 1343 (in
1442 1297 1462 1329 l.
1492 1299 1538 1331 10
1555 1310 1603 1344 pr.
1622 1299 1661 1331 de
1683 1299 1789 1341 justit.
1809 1307 1840 1332 et
1857 1301 1945 1346 jure)
1967 1303 2043 1335 »Ju-

1086 1359 1209 1400 stitiaw,
1233 1359 1355 1403 inquit,
1391 1365 1460 1391 »est
1483 1366 1636 1393 constans
1660 1366 1693 1392 et
1715 1368 1870 1405 perpetua
1894 1364 2044 1397 voluntas

1079 1422 1136 1465 jus
1165 1435 1260 1454 suum
1283 1425 1399 1471 cuique
1423 1425 1593 1456 tribuendi.
1603 1439 1614 1453 n
1664 1424 1822 1457 Similiter
1847 1427 1962 1460 Cicero
1989 1430 2045 1473 (de

1083 1491 1204 1526 invent.
1229 1486 1269 1524 2,
1293 1488 1362 1526 553
1394 1487 1434 1518 N.
1457 1487 1498 1517 D.
1523 1489 1563 1526 5,
1598 1487 1664 1530 15)
1691 1494 1724 1519 et
1748 1489 1876 1522 Gellius
1901 1492 1987 1535 (14,
2010 1494 2046 1526 4.

1083 1562 1116 1594 p.
1143 1550 1213 1580 124
1240 1549 1366 1593 Coun).
1394 1549 1516 1581 Confer
1540 1556 1572 1581 et
1602 1556 1748 1582 nostrum
1771 1552 1854 1583 infra
1882 1552 1923 1597 (ἓ.
1949 1556 2044 1599 752).

1156 1611 1330 1657 Justiciae]
1357 1610 1412 1644 Ab
1439 1613 1668 1657 antiquissimis
1696 1616 1892 1658 temporibus
1912 1618 1992 1651 haec
2009 1619 2044 1651 in

1084 1670 1218 1704 deorum
1231 1685 1399 1704 numerum
1415 1674 1516 1705 relata
1537 1681 1586 1705 est
1603 1674 1719 1718 (Orph.
1744 1677 1850 1719 hymn.
1872 1679 1931 1710 61.
1947 1680 2044 1712 Pind.

1083 1731 1141 1767 Ol.
1168 1735 1226 1775 15,
1255 1734 1289 1767 7.
1326 1735 1359 1775 7,
1383 1734 1442 1767 52.
1475 1734 1571 1778 Pyth.
1594 1736 1634 1776 8,
1671 1737 1701 1767 1.
1726 1736 1860 1770 Diodor.
1885 1740 1921 1780 1,
1952 1742 2000 1773 96
2022 1743 2044 1773 t'.

1080 1795 1217 1830 Anthol.
1243 1797 1301 1830 Gr.
1322 1798 1362 1830 de
1386 1798 1505 1830 Bosch.
1530 1799 1561 1839 1,
1586 1800 1645 1841 75,
1665 1801 1698 1832 5.
1726 1801 1760 1842 2,
1783 1802 1843 1842 40,
1870 1803 1926 1836 14.
1948 1806 1985 1845 5,
2008 1808 2050 1846 (5,

1082 1862 1116 1894 8.
1141 1862 1183 1903 4,
1214 1862 1282 1904 25,
1310 1863 1357 1895 10
1380 1868 1413 1895 et
1439 1863 1495 1895 11.
1530 1864 1563 1904 7,
1590 1865 1648 1896 86.
1675 1864 1770 1897 ovid.
1794 1866 1866 1898 fast.
1888 1869 1928 1908 1,
1959 1869 2045 1902 249.

1080 1923 1171 1965 Virg.
1196 1935 1304 1966 georg.
1335 1924 1374 1965 2,
1403 1925 1490 1958 474.
1534 1924 1598 1960 Sil.
1626 1926 1668 1966 2,
1698 1927 1786 1961 486.
1819 1928 1985 1962 Claudian.
2010 1932 2044 1964 in

1079 1985 1155 2017 Ruf.
1176 1986 1214 2026 1,
1239 1986 1297 2018 56.
1317 1985 1422 2030 556),
1449 1985 1535 2018 unde
1556 1992 1589 2019 et
1608 1986 1686 2019 Jovi
1705 1989 1850 2021 assidens
1868 1991 1941 2023 licta
1962 1991 2042 2035 (Ar-

1079 2048 1157 2080 rian.
1185 2061 1258 2094 exp.
1281 2048 1378 2082 Alex.
1405 2050 1445 2091 4,
1474 2051 1516 2091 9,
1543 2051 1586 2091 9,
1620 2063 1651 2095 p.
1674 2052 1744 2084 281
1770 2053 1890 2098 Raph.)
1907 2055 2043 2100 ejusque

1080 2112 1200 2154 effigies
1221 2117 1286 2144 tam
1316 2123 1335 2144 a
1370 2113 1580 2158 scriptoribus
1609 2114 1768 2159 descripta
1799 2115 1961 2160 (Damaso.
1992 2132 2041 2163 ap.

1079 2176 1175 2207 Phot.
1200 2176 1274 2208 242
1293 2188 1326 2220 p.
1342 2176 1469 2220 1055),
1497 2189 1593 2221 quam
1617 2178 1657 2209 ab
1687 2179 1860 2211 artificibus
1882 2181 1916 2212 in
1934 2183 2041 2215 numis

1079 2237 1247 2283 exsculpta
1269 2243 1319 2270 cst
1336 2238 1477 2283 (Raselie
1493 2239 1558 2273 lex.
1575 2242 1661 2271 nu'm.
1685 2240 1719 2280 2,
1735 2241 1768 2273 2.
1786 2254 1817 2287 p.
1834 2242 1927 2276 1241
1950 2256 2038 2289 sequ.

1080 2301 1114 2342 7,
1139 2300 1172 2331 2.
1197 2313 1229 2344 p.
1251 2300 1349 2345 287).

1151 2362 1307 2409 infracta]
1335 2363 1431 2407 Quae
1454 2362 1560 2406 frangi
1584 2375 1650 2397 nou
1672 2370 1790 2409 potest.
1823 2366 1954 2399 Minime
1979 2368 2037 2408 igi-

1079 2429 1132 2457 tur
1149 2425 1302 2458 Gorallus
1320 2425 1373 2469 (ad
1389 2424 1587 2458 Albinovan.
1601 2425 1682 2468 eleg.
1699 2428 1730 2467 1,
1752 2428 1827 2459 554
1847 2434 1913 2460 not.
1931 2440 1962 2471 p.
1975 2429 2035 2471 77)

1078 2489 1272 2521 contendere
1304 2489 1458 2530 debebat,
1501 2489 1677 2533 infractum
1704 2491 1885 2523 necessario
1915 2491 2035 2533 signifi·

1076 2563 1148 2585 care
1161 2553 1317 2598 fractum,
1335 2553 1494 2598 siqnidem
1508 2553 1673 2595 ambiguus
1686 2554 1781 2596 hujus
1798 2553 1945 2586 vocabuli
1962 2567 2033 2587 sen-

1075 2625 1130 2647 sus
1161 2620 1219 2648 est.
1260 2615 1339 2652 Mox
1364 2616 1452 2661 quod
1468 2620 1543 2661 post
1566 2615 1696 2650 verbum
1723 2615 1896 2656 subeundis
1918 2615 2035 2661 legitur
