2310 2860
700 148 898 191 Martiani
935 146 1133 204 Capellae
1171 146 1243 188 lib.
1269 147 1341 188 VI.
1380 148 1411 200 ᾗ.
1433 147 1534 188 611.

132 258 420 314 habitatioque
452 257 615 299 Circeia
647 256 901 307 Terracina,
943 255 1061 309 prius
1093 253 1230 294 insula
1261 266 1375 293 nunc
1409 252 1573 306 juncta3
1612 251 1847 308 Rhegium,
1878 266 1990 308 quae
2022 254 2074 294 ab

130 340 267 381 Sicilia
300 339 524 380 continenti
553 348 768 394 separata,
808 346 934 392 atque
970 335 1013 376 in
1057 334 1442 389 compensationem
1489 348 1705 374 connexae
1744 334 1906 377 telluris
1936 338 1979 378 in
2009 335 2074 377 in-

130 421 267 462 sulam
302 421 495 475 religata3
531 419 731 463 Formiae
758 420 885 460 etiam
914 417 1250 473 Laestrygonum
1283 414 1543 457 habitatione
1577 414 1776 458 famosae.

689 588 769 630 DE
804 586 1245 630 CONDITORIBUS
1279 584 1524 627 URBIUM.

300 696 394 738 Hoc
422 696 515 737 loco
545 709 712 752 possem
744 695 869 735 etiam
901 693 1075 736 urbium
1108 707 1360 750 percurrere
1392 691 1648 742 conditores,
1691 700 1738 732 ut
1769 705 1792 732 a
1825 690 1929 733 Jano
1958 690 2075 734 Jani-
2107 689 2198 734 642

131 775 301 827 culum,
345 791 369 818 a
406 777 588 817 Saturno
626 775 820 826 Latium,
864 789 888 816 a
926 774 1075 815 Danae
1117 774 1328 826 Ardeam,
1371 774 1425 815 ab
1456 773 1640 815 Hercule
1671 773 1994 820 [Herculanium
2027 772 2078 814 ad

205 894 326 940 insula]
348 896 432 928 Male
449 895 598 929 Solinum
616 902 776 928 auctorem
799 902 927 928 secutus
946 897 985 928 ad
1003 896 1081 928 Ter-

130 956 267 987 racinam
289 958 412 997 retulit,
440 969 521 1000 qnae
546 957 672 989 Plinius
691 959 738 1001 (5,
761 958 796 1000 9)
812 958 929 989 rectius
950 958 988 989 de
1011 957 1082 989 Cir-

131 1019 208 1062 ccjis
244 1021 354 1059 refert,
391 1021 571 1063 »quondam
606 1021 742 1052 insulam
773 1021 928 1052 immenso
955 1020 1083 1064 quidem

129 1082 353 1115 circumdatam
379 1083 474 1113 mari«
513 1083 628 1122 fuisse,
655 1090 687 1114 ct
715 1089 789 1127 post
820 1096 937 1114 annum
957 1084 1084 1114 demum

131 1145 315 1178 CCCCXL
332 1146 418 1177 urbis
436 1147 558 1177 Romae
578 1146 672 1176 maris
698 1147 749 1178 vel
768 1147 900 1186 alluvie,
929 1146 980 1177 vel
997 1144 1085 1190 quod

129 1207 267 1252 praefert
290 1207 346 1250 (2,
371 1208 433 1249 87)
456 1219 586 1238 recessu
614 1207 725 1239 Italiae
751 1207 935 1240 accessisse.

205 1267 375 1313 RJaeeqinm]
402 1269 487 1301 Vide
518 1281 592 1300 vero
617 1269 699 1300 sitne
723 1269 944 1312 intempestiva
971 1269 1088 1312 Rlecqt‘i

131 1329 162 1361 in
188 1329 237 1361 his
264 1330 417 1374 Capellae
452 1330 580 1361 mentio.
629 1330 718 1373 Quid
747 1330 830 1361 enim
860 1330 1020 1371 Rhegium
1047 1329 1087 1360 ad

131 1393 360 1425 Terracinam?
404 1394 491 1435 Ego,
527 1405 625 1436 quum
654 1392 754 1425 MSS.
780 1395 897 1437 juncta
928 1393 979 1424 vel
1013 1404 1086 1424 con-

126 1458 243 1500 juncta
263 1459 388 1500 regioni
401 1457 518 1497 legant,
542 1456 717 1487 tentabamz
736 1456 841 1500 »prius
866 1456 979 1496 insula,
1003 1465 1087 1486 nunc

127 1519 240 1561 juncta
272 1521 407 1562 regioni,
447 1521 539 1562 cujus
565 1519 676 1552 Sicilia
705 1520 880 1552 continenti
906 1523 1087 1562 separata«;

131 1584 177 1616 sic
202 1584 286 1615 enim
314 1595 417 1627 prono
449 1583 538 1615 alveo
572 1583 673 1615 oratio
704 1584 861 1616 decurret.
874 1583 1087 1615 Wstsumc.

131 1645 185 1688 (ad
209 1645 317 1676 Itiner.
339 1644 418 1676 Ant.
444 1657 473 1688 p.
491 1644 646 1687 491).--
675 1644 861 1676 Lectionem
884 1645 1008 1688 regioni
1020 1643 1087 1684 jam

132 1707 267 1740 Grotius
291 1706 425 1748 margini
442 1706 611 1750 adscripsit
628 1706 822 1750 praebetque
847 1711 881 1737 ct
897 1705 999 1738 codex
1017 1705 1086 1737 Μο-

132 1771 297 1810 nacensis3
324 1770 381 1801 sed
397 1770 513 1812 Rhegii
531 1769 692 1801 mentione
710 1781 817 1801 carere
836 1769 888 1800 vix
904 1779 1087 1812 possumus,

133 1832 220 1875 quod
250 1831 384 1864 Solinus
417 1843 546 1875 quoque
580 1843 651 1863 enm
684 1831 856 1862 Terracina
887 1828 1089 1872 comparavit.

133 1893 218 1926 Vide
244 1893 374 1924 omnino
402 1892 595 1924 Strabonem
623 1893 675 1935 (1,
701 1904 732 1935 p.
755 1893 821 1931 603
855 1893 893 1930 5,
928 1903 959 1934 p.
982 1889 1090 1931 250),

133 1956 371 2002 Apollodorum
399 1956 451 2000 (2,
480 1957 519 1995 5,
550 1955 629 1998 10),
659 1954 826 1985 «Iustinum
852 1954 905 1997 (4,
933 1954 967 1996 1)
994 1963 1090 1997 quae-

134 2033 196 2065 que
222 2019 308 2052 docti
332 2020 523 2063 interpretes
549 2018 592 2049 ihi
615 2018 798 2049 attulerunt.

206 2080 356 2126 reliquia]
376 2080 527 2113 Martiani
543 2080 639 2111 verba
657 2080 702 2112 sic
726 2085 802 2110 sunt
819 2078 967 2121 legenda:
992 2078 1090 2111 »Ter-

134 2146 240 2177 racina
272 2145 359 2190 prius
387 2144 492 2176 insula
519 2156 604 2176 nunc
632 2144 816 2185 conjuncta:
842 2142 1044 2185 Rlneginique
1073 2153 1090 2172 a

136 2207 266 2239 Siciliae
289 2207 465 2239 continenti
490 2206 642 2250 separati,
671 2217 772 2249 eaque
795 2205 828 2236 in
856 2204 1090 2247 compensatio-

136 2280 209 2301 nem
234 2280 397 2300 connexae
426 2268 549 2299 telluris
577 2268 609 2298 in
633 2267 770 2298 insulam
793 2265 959 2307 relegatam
992 2265 1093 2297 Hunc

136 2331 242 2363 locum
270 2328 384 2373 partim
414 2329 612 2370 conjectura,
645 2328 760 2372 partim
781 2328 934 2360 librorum
954 2327 1094 2359 auctori-

138 2399 202 2426 tate
227 2394 269 2424 ita
294 2391 505 2431 correximus,
531 2404 628 2435 quum
650 2392 746 2434 vulgo
764 2391 1004 2436 corruptissime
1026 2390 1094 2422 ecli-

138 2465 190 2490 tus
207 2458 258 2489 sit.
282 2457 369 2489 Dicit
385 2455 589 2489 Terracinam
610 2457 697 2500 prius
717 2456 864 2497 insulam,
886 2461 998 2499 postea
1017 2466 1095 2487 con-

134 2523 277 2564 junctam
303 2526 335 2553 et
362 2519 536 2552 continenti
562 2531 733 2560 annexam,
763 2520 796 2551 in
819 2519 912 2561 cujus
938 2522 984 2550 rei
1006 2531 1097 2552 com-

139 2585 358 2630 pensationem
382 2583 540 2624 Siciliam,
564 2594 645 2627 quae
665 2588 737 2616 ante
759 2583 928 2616 continens
951 2588 1042 2624 erat,
1064 2583 1099 2615 iu

1132 897 1268 929 insulam
1283 896 1471 938 relegatam,
1497 895 1725 939 Rheginosque
1747 894 1786 925 ab
1809 894 1878 935 ejus
1897 893 2080 925 continente

1134 964 1308 1003 separatos
1334 958 1510 998 Eleganter
1530 958 1733 1001 conjunctam
1751 962 1864 986 terram
1885 954 2018 998 opponit
2035 954 2079 986 in-

1135 1020 1235 1052 sulae.
1262 1020 1445 1063 conjuncta
1464 1019 1548 1050 idem
1573 1024 1622 1051 est
1644 1017 1729 1062 quod
1750 1018 1917 1050 continens
1935 1016 1986 1048 vel
2011 1028 2081 1048 con-

1135 1083 1238 1114 tinua.
1279 1080 1430 1112 Ovidius:

1191 1142 1361 1173 „Leucada
1385 1140 1567 1172 continuam
1585 1145 1707 1171 veteres
1732 1140 1870 1171 habuere
1893 1139 2013 1177 coloni,

1184 1205 1283 1237 ,Νιιηο
1308 1204 1397 1247 freta
1420 1205 1634 1236 circumeunt«
1652 1221 1699 1226 —-

1135 1280 1209 1299 nam
1239 1268 1407 1300 continens
1440 1272 1494 1298 aut
1520 1266 1670 1299 contiuua
1698 1271 1781 1297 terra
1815 1270 1864 1297 est
1892 1263 1982 1296 nullo
2008 1263 2085 1294 mari

1137 1330 1474 1374 interruptasnams.
1490 1330 1542 1373 (ad
1566 1330 1669 1361 Solin.
1692 1342 1722 1372 p.
1738 1329 1860 1372 85)-
1888 1328 2017 1360 Vellem
2040 1326 2084 1357 iu-

1139 1395 1276 1426 dicasset
1300 1393 1494 1432 Salmasius,
1522 1393 1598 1435 quid
1616 1404 1632 1423 e
1654 1393 1779 1431 codice,
1804 1391 1882 1435 quid
1900 1403 1940 1422 ex
1959 1389 2085 1431 ingenio

1137 1457 1281 1501 petierit-3
1313 1456 1359 1488 sic
1383 1455 1574 1486 tutissimum
1600 1454 1659 1485 suit
1682 1454 1760 1485 nihil
1784 1454 1817 1484 iu
1842 1459 1932 1484 textu
1954 1459 2086 1488 mutare,

1138 1521 1213 1552 licet
1225 1521 1323 1551 fatear
1335 1520 1478 1562 releqata
1493 1517 1568 1549 mihi
1584 1517 1675 1548 unice
1690 1528 1799 1548 verum
1811 1516 1927 1555 videri,
1946 1515 2089 1557 reliquos

1138 1593 1263 1614 errores
1281 1580 1365 1612 haud
1383 1580 1449 1611 scio
1475 1592 1514 1610 an
1534 1578 1595 1622 ipsi
1613 1577 1771 1609 Martiano
1791 1577 1898 1620 potius
1918 1576 2088 1608 tribuerim.

1212 1641 1409 1687 conditores]
1442 1643 1514 1672 llos
1547 1653 1675 1684 quoqne
1711 1652 1751 1671 ex
1777 1639 1892 1672 Selino
1925 1639 2088 1683 (polyhist.

1137 1709 1179 1749 2,
1204 1708 1244 1750 5)
1270 1706 1398 1746 sumsit,
1437 1717 1575 1748 quocum
1602 1703 1761 1735 Isidorum
1789 1702 1936 1746 (etymol.
1961 1703 2023 1742 15,
2054 1703 2090 1741 1,

1139 1772 1188 1803 50
1211 1781 1318 1812 sequ-3
1345 1781 1374 1811 p.
1397 1768 1462 1798 181
1488 1765 1599 1808 Arev.)
1622 1765 1766 1796 conferre
1788 1764 1873 1795 licet.

1213 1844 1234 1863 a
1248 1829 1348 1875 Jano]
1364 1829 1441 1861 Noti
1459 1834 1533 1860 sunt
1547 1828 1677 1870 Virgilii
1695 1827 1794 1871 (Aen.
1805 1828 1838 1867 8,
1861 1826 1948 1869 557)
1965 1836 2090 1859 versus:

1198 1896 1315 1927 »Hanc
1344 1894 1453 1925 Janus
1491 1898 1601 1936 pater,
1643 1892 1727 1924 Iumc
1753 1890 1920 1923 Saturnus
1951 1889 2092 1922 condidit

1539 1966 1664 1986 arcem.-

1188 2019 1379 2053 Janiculmn
1401 2019 1494 2058 huic,
1517 2019 1566 2050 illi
1584 2018 1694 2062 ficerat
1718 2016 1875 2050 Saturnia
1901 2027 2044 2049 nomem«
2090 2044 2092 2046 ,

1213 2081 1357 2128 Latium]
1384 2082 1539 2124 Virgilius
1558 2081 1656 2126 (Aen.
1673 2083 1713 2123 8,
1741 2081 1844 2124 522):

1194 2163 1244 2168 —
1262 2163 1310 2168 —-
1336 2144 1546 2188 »Latiumque
1570 2144 1680 2176 vocari

1194 2203 1333 2245 Maluit,
1360 2207 1410 2238 his
1432 2207 1584 2253 qnoniam
1605 2204 1754 2236 latuisset
1774 2209 1864 2235 lutus
1884 2203 1920 2233 ἰη
1947 2202 2042 2233 οι·ι“.ς.«

1145 2270 1240 2302 Unde
1261 2264 1293 2300 et
1318 2269 1523 2300 Herodianus
1549 2269 1602 2312 (1,
1634 2267 1702 2310 16).

1216 2328 1353 2375 Danae]
1383 2330 1433 2362 Ita
1458 2329 1600 2370 restitui,
1630 2334 1722 2360 autea
1746 2325 1863 2368 ubique
1889 2324 1984 2354 Daue
2008 2321 2093 2361 lege-

1146 2395 1250 2427 batur.
1262 2393 1424 2425 Gnor.-—
1443 2393 1601 2426 Sollemni
1620 2391 1741 2423 scilieet
1755 2389 1915 2420 literarum
1937 2384 1965 2415 E
1985 2389 2016 2414 et
2032 2381 2094 2413 ΑΕ

1149 2455 1346 2489 confusione.
1374 2455 1527 2488 Ceterum
1550 2456 1611 2488 hoc
1637 2462 1764 2497 quoque
1787 2461 1827 2482 ex
1848 2445 1984 2488 Virgilio
2001 2443 2098 2488 (Aen.

1151 2522 1185 2561 7,
1215 2518 1316 2561 410)=

1201 2599 1249 2605 -
1269 2598 1315 2605 -—
1341 2592 1458 2628 »quam
1485 2580 1604 2612 dicitur
1631 2576 1740 2607 urbem

1622 2638 1670 2669 6¹0²
1685 2632 1707 2658 ’Β
