2310 2860
693 121 894 165 Martiani
933 120 1133 177 Capellae
1172 119 1242 161 lib.
1268 119 1343 161 VI.
1384 120 1416 170 §.
1453 119 1552 161 676.
2023 124 2106 164 551

152 247 259 289 quas
306 232 471 274 Nomos
515 239 687 280 vocant,
742 230 850 270 inter
896 242 1004 283 quas
1056 226 1326 268 Menelaitem
1377 225 1662 266 Alexandriae
1707 227 1950 282 regionem,
2007 229 2108 270 item

150 314 314 370 Libyae
338 313 579 355 Mareotim.
607 310 923 365 Heracleopolis
957 317 1098 350 autem
1130 306 1268 347 insula
1300 306 1385 347 Nili
1417 315 1496 357 est,
1529 307 1571 347 in
1603 321 1688 361 qua
1719 309 1875 364 oppida
1901 310 2109 362 Herculis,

151 395 362 436 Arsinoita
402 404 443 435 et
481 393 740 449 Memphim,
797 406 908 447 quae
954 390 1005 431 ad
1050 402 1272 430 summum
1310 387 1435 428 Delta
1473 388 1740 443 perveniunt.
1808 390 1930 430 Nilus
1963 401 2108 432 autem

151 475 240 532 ipse
269 476 437 517 incertis
481 485 597 516 ortus
642 475 828 516 fontibus
869 473 1076 522 creditur,
1120 484 1257 524 quum
1289 468 1402 508 Juba
1433 482 1508 508 rex
1540 482 1639 509 eum
1675 483 1697 509 a
1728 479 1869 509 monte
1903 470 2110 514 inferioris

150 557 434 599 Mauritaniae
476 557 527 598 de
567 557 664 597 lacu
701 553 841 597 Nilide
882 553 982 593 oriri
1021 550 1242 607 significet,
1289 549 1405 605 quod
1438 550 1692 590 animalibus
1732 550 1878 591 iisdem
1913 562 1951 592 et
1983 567 2110 608 argu—

151 640 302 680 mentis
333 639 497 680 feturae
528 637 672 694 parilis
708 634 986 692 approbatur.
1049 633 1098 674 In
1131 631 1248 673 omni
1280 640 1420 673 autem
1465 631 1586 672 Delta
1616 632 1702 673 Nili
1743 633 1898 688 oppida
1929 634 2112 677 ducenta

152 720 463 776 quinquaginta
502 719 631 760 fuisse
671 715 969 759 Artemidorus
1008 723 1236 755 attestatur.
1300 713 1349 754 In
1389 713 1524 753 littore
1563 722 1705 753 tamen
1736 714 1933 768 Aegyptii
1982 716 2111 757 maris

149 800 430 857 praestantior
467 801 644 842 urbium
687 796 947 840 Alexandria
987 795 1231 846 constituta,
1279 794 1333 836 ab
1370 793 1616 835 Alexandro
1660 795 1818 850 Magno
1859 795 2046 846 condita,
2090 809 2112 835 a

151 881 366 937 Canopico
407 881 510 922 ostio
552 881 596 921 in
634 879 861 921 duodecim
903 878 1091 920 millibus
1137 892 1344 935 passuum
1388 877 1509 932 juxta
1547 877 1771 918 Mareotim
1818 877 1983 927 lacum,
2036 877 2113 931 qui

151 964 394 1020 complures
419 964 577 1004 insulas
601 963 731 1004 habet
753 963 1042 1017 trajectusque
1074 961 1427 1017 quadringentos,
1460 960 1582 1014 cujus
1611 969 1697 1000 tam
1729 958 1947 1014 longitudo
1977 972 2108 1013 quam

1682 1040 1807 1082 Unde
1843 1040 1954 1080 ultra
1986 1040 2112 1080 Pelu-
2141 1041 2226 1082 677

148 1127 310 1176 siacum
343 1125 497 1165 ostium
528 1125 689 1165 Arabia
721 1134 800 1176 est,
842 1124 893 1165 ad
924 1125 1125 1166 Rubrum
1160 1125 1372 1181 pertinens
1404 1137 1545 1174 mare,
1577 1121 1695 1177 quod
1725 1122 2018 1177 Erythraeum
2059 1123 2112 1161 ab

150 1047 275 1088 etiam
307 1046 482 1087 latitudo
520 1055 695 1086 centena
726 1046 1030 1100 quinquagena
1060 1044 1192 1085 millia
1224 1056 1427 1099 passuum
1469 1050 1622 1082 tenent.

147 1206 338 1261 Erythra
373 1220 472 1261 rege
508 1206 647 1246 Persei
688 1215 727 1247 et
765 1205 1069 1247 Andromedae
1107 1204 1192 1246 filio
1233 1203 1489 1254 vocitatum,
1536 1216 1560 1243 a
1602 1202 1742 1243 colore
1786 1202 1909 1242 etiam
1951 1201 2112 1243 dictum

146 1287 374 1338 Rubrum3
419 1300 518 1326 nam
554 1286 646 1326 fons
689 1295 750 1326 est
777 1287 818 1326 in
854 1286 1012 1337 littore,
1050 1300 1182 1340 quem
1229 1299 1367 1340 quum
1408 1299 1552 1339 greges
1593 1283 1799 1334 biberint,
1844 1283 1888 1324 in
1927 1283 2112 1325 rubrum

149 1366 338 1408 colorem
368 1365 576 1420 incipiunt
605 1374 774 1405 mutare
805 1365 944 1417 lanas3
976 1365 1105 1419 hujus
1136 1364 1266 1405 maris
1298 1363 1506 1418 oppidum
1538 1363 1730 1404 Arsinoe.

223 1492 451 1539 Menelaieem]
479 1493 536 1526 Sic
559 1493 673 1537 scripsi
695 1493 823 1525 codices
846 1498 975 1525 secutus
992 1493 1105 1524 Darm-

149 1565 353 1599 stattenoem,
383 1558 697 1597 Reiehenaueusem,
724 1563 757 1588 et
779 1557 1008 1589 Monaeensem
1031 1557 1105 1600 (Ο),

149 1622 245 1663 vulgo
267 1621 376 1665 inepte
392 1620 526 1651 Menala
536 1643 548 1658 ,
572 1621 646 1651 item
667 1619 753 1658 Ala,
779 1620 854 1649 ilem
870 1618 1104 1650 Alexandriae.

150 1685 307 1729 Reliquos
321 1684 406 1716 enim
423 1695 505 1728 quos
522 1683 649 1715 Plinius
671 1688 836 1714 enumerat
853 1682 975 1714 Nomos
1000 1681 1106 1713 omisit

149 1751 276 1786 noster,
299 1751 441 1777 extrema
458 1751 580 1777 tantum
597 1746 736 1789 recepit,
760 1756 842 1789 quae
863 1745 947 1788 apud
964 1744 1106 1776 Plinium

149 1808 192 1840 ita
203 1813 333 1839 sonant:
347 1807 558 1840 »Menelaiten
568 1807 785 1838 Alexandriae
799 1807 947 1848 regione3
966 1806 1042 1838 item
1053 1805 1105 1837 Li-

149 1871 230 1916 byae
238 1872 418 1911 Mareotisu3
430 1871 527 1902 latius
536 1877 641 1903 tamen
652 1871 840 1912 corrigendo
850 1870 999 1913 progredi
1008 1869 1106 1901 nolui.

225 1933 340 1976 oppida
370 1931 544 1977 Herculis]
570 1933 698 1965 Vereor
730 1944 771 1963 ne
802 1931 853 1962 hic
887 1943 1016 1975 quoque
1040 1931 1107 1962 Pli-

150 1996 238 2029 nium
270 1996 353 2028 male
390 1995 601 2035 intellexerit,
641 1995 733 2037 eujus
768 1997 847 2027 haee
888 1995 985 2026 verba
1018 2000 1108 2025 sunt:

156 2057 452 2101 nHeracleopolites
480 2057 563 2101 (scil.
589 2056 727 2099 Nomus)
752 2062 801 2088 est
831 2057 864 2088 in
898 2056 1003 2088 insula
1030 2056 1107 2097 Nili,

150 2122 247 2164 longa
266 2133 420 2166 passuum
446 2121 677 2166 quinquaginta
708 2121 825 2161 millia,
851 2121 884 2152 in
908 2133 971 2165 qua
997 2127 1030 2152 et
1056 2133 1107 2164 op-

149 2186 260 2229 pidum
285 2186 438 2218 Herculis
470 2185 678 2229 appellatum.
714 2183 900 2216 Arsinoitae
926 2185 989 2216 duo
1018 2190 1108 2225 sunt3

151 2247 184 2278 hi
210 2251 242 2278 et
267 2247 459 2289 Memphites
484 2247 524 2278 ad
551 2259 709 2278 summum
734 2246 831 2277 Delta
855 2247 1076 2290 perveniunt.«

224 2310 355 2341 incertis
378 2309 541 2354 fontibus]
567 2311 624 2343 Sic
646 2311 836 2342 Herodotus
855 2311 903 2354 (2,
926 2311 1006 2353 54),
1031 2310 1109 2342 Dio-

148 2371 250 2404 dorus
266 2369 315 2414 (1,
338 2370 417 2412 52),
438 2368 637 2402 Claudianus
657 2372 764 2416 (ldyll.
779 2373 818 2411 4,
849 2373 924 2415 10)=

204 2432 390 2464 »Fluctibus
410 2433 526 2475 ignotis
544 2438 689 2464 nostrum
711 2436 872 2476 procurrit
892 2436 926 2465 in
944 2435 1051 2467 orbem

201 2495 332 2530 Secreto
351 2495 389 2526 de
408 2495 499 2538 fonte
523 2496 662 2535 cadens,
689 2499 748 2544 qui
764 2510 889 2542 semper
915 2500 1009 2530 inam'

204 2559 418 2603 Quaerendum
440 2561 566 2593 ratione
590 2560 668 2593 latet
687 2572 747 2595 nec
763 2564 897 2606 eontn'qit
918 2563 1003 2595 ulli..

1156 1493 1272 1526 Varias
1280 1494 1484 1537 antiquorum
1494 1493 1661 1537 opiniones
1674 1492 1976 1535 collegitLetronne
1987 1491 2113 1534 (Jouru.

1157 1557 1187 1588 d.
1210 1556 1287 1588 sav.
1312 1556 1434 1598 1851).

1230 1617 1354 1662 Nilide]
1383 1617 1440 1649 Sic
1462 1616 1588 1648 codices
1613 1617 1906 1657 Reichenauensis‚
1937 1618 2112 1649 Darmstat-

1156 1681 1274 1721 tensis,
1305 1681 1519 1713 Monacenses
1547 1678 1601 1722 (A.
1629 1680 1672 1723 C)
1695 1692 1753 1723 pro
1781 1686 1931 1724 corrupto
1961 1681 1994 1712 in
2021 1681 2113 1712 editi>-

1157 1744 1287 1777 nomine
1314 1744 1441 1783 Iliade,
1477 1743 1564 1787 quod
1594 1755 1633 1774 ex
1659 1743 1865 1775 similitudine
1893 1743 2055 1775 literarum
2081 1744 2113 1774 li

1158 1814 1190 1841 et
1213 1808 1245 1840 N
1273 1812 1383 1838 natum
1415 1807 1595 1851 (palaeogr.
1621 1807 1689 1839 crit.
1710 1807 1775 1847 111,
1806 1820 1837 1851 p.
1862 1807 1972 1851 205)3
2005 1808 2114 1839 eadem

1158 1871 1242 1916 apud
1264 1870 1405 1902 Plinium
1430 1881 1559 1914 quoque
1582 1870 1633 1913 (5,
1658 1871 1697 1910 9,
1725 1870 1783 1913 10)
1803 1870 1950 1903 lectionis
1972 1872 2113 1903 varietas.

1230 1930 1409 1976 pertinens]
1437 1932 1503 1963 Pro
1520 1934 1707 1976 pertingens
1722 1932 1754 1963 in
1773 1932 1867 1964 editis
1884 1931 2037 1974 praebent
2062 1941 2113 1963 co-

1159 1994 1246 2027 dices
1272 1996 1485 2027 Monacenses
1511 1995 1566 2039 (Α.
1589 1996 1648 2038 C),
1677 1995 1965 2034 Darmstattensis,
1998 1994 2113 2038 aliique

1159 2057 1323 2101 (Oudend.
1346 2058 1386 2088 ad
1411 2056 1532 2100 Appul.
1560 2058 1596 2088 T.
1621 2058 1660 2097 2,
1691 2070 1721 2100 p.
1739 2057 1845 2100 268);
1871 2057 1998 2088 Plinius
2024 2068 2113 2101 prae-

1160 2127 1245 2153 terea
1264 2121 1318 2164 (5,
1345 2122 1408 2161 11,
1433 2120 1508 2162 12),
1539 2119 1673 2152 Solinus
1692 2120 1783 2164 (55),
1810 2126 1842 2152 et
1863 2121 1949 2153 Me'a
1968 2121 2016 2163 (1,
2046 2119 2115 2162 10).

1234 2181 1361 2227 Persei]
1390 2181 1525 2215 Cor-rexi
1547 2183 1633 2226 quod
1651 2182 1683 2213 in
1699 2182 1793 2214 editis
1819 2188 1885 2214 erat
1908 2183 2042 2220 Persae,
2060 2193 2111 2211 au-

1158 2243 1306 2276 ctoritate
1338 2255 1404 2275 non
1439 2243 1542 2275 solum
1583 2244 1728 2276 codicum
1761 2243 1965 2276 Monacensis
1991 2240 2056 2284 (C)
2082 2248 2112 2271 et

1158 2307 1441 2346 Darmstattensis‚
1477 2307 1533 2338 sed
1562 2307 1656 2339 etiam
1688 2306 1794 2339 Solini
1821 2303 1911 2348 (53)
1940 2309 1972 2335 et
2003 2304 2111 2335 Photii

1159 2373 1263 2417 (250,
1290 2383 1316 2403 c.
1334 2372 1376 2410 53
1403 2383 1434 2414 p.
1456 2371 1578 2414 ¹525).

1234 2434 1368 2465 rubrum
1388 2431 1535 2477 colorem]
1563 2432 1707 2464 Eandem
1731 2430 1867 2462 rabulam
1886 2429 2019 2461 Solinus
2036 2429 2111 2474 (55)

1160 2496 1334 2528 tradiderat
1354 2500 1429 2539 post
1440 2494 1582 2527 Ctesiam
1601 2494 1684 2538 apud
1698 2493 1888 2526 Strabonem
1900 2492 1972 2536 (16,
1987 2504 2017 2537 p.
2031 2493 2112 2525 765.

1162 2561 1235 2593 779
1260 2559 1423 2603 casaub).
2044 2564 2046 2566 ’
