2310 2860
773 162 971 205 Martiani
1013 162 1212 218 Capellae
1250 162 1320 203 lib.
1348 161 1399 203 II.
1438 164 1469 214 ᾗ.
1501 163 1592 204 181.

2073 168 2166 210 ‘235

207 269 365 311 similes
396 269 706 326 praesidebant.
753 269 802 311 In
834 284 962 326 prora
994 269 1085 310 selis
1115 269 1255 310 forma
1285 269 1471 325 depicta,
1506 270 1636 312 leonis
1676 271 1719 313 in
1749 271 1924 325 arbore,
1966 273 2164 315 crocodili

206 350 249 391 in
280 350 440 390 extimo
477 350 716 391 videbatur.

776 349 826 390 In
861 349 1011 390 eadem
1043 364 1146 391 vero
1176 359 1265 391 rate.
1297 350 1388 391 fons
1416 351 1592 406 quidam
1628 352 1734 393 lucis
1766 353 2008 405 aethereae,
2037 369 2157 396 arca-

2196 356 2281 399 184

205 429 357 485 nisque
380 429 588 471 fluoribus
619 444 820 480 manans,
850 429 892 470 in
923 429 1048 469 totius
1082 429 1234 470 mundi
1265 430 1430 471 lumina
1462 431 1734 475 fundebatur.
1770 435 1868 485 Quo
1902 435 1990 477 viso
2020 436 2163 477 Philo-

204 511 314 567 logia
360 527 642 568 consurgens,
699 521 872 567 totaque
928 513 1199 553 veneratione
1246 513 1511 569 supplicans,
1567 529 1614 556 ac
1657 517 1885 572 paululum
1933 518 2161 560 connivens

206 591 361 643 oculis,
398 591 531 633 deum
562 593 716 634 talibus
747 591 1020 648 deprecatur:

661 674 795 729 Ignoti
827 674 889 715 vis
921 673 1031 715 celsa
1062 672 1214 729 patriS,
1249 673 1318 715 vel
1352 675 1494 731 prima
1524 691 1738 734 propago,

275 828 369 876 selis]
407 831 509 863 Miror
540 830 706 873 Grotium,
745 831 978 865 WValthardum
1008 838 1040 864 et
1071 831 1158 866 Goe-

203 893 303 935 zium‚
328 895 383 938 qui
401 895 484 938 felix
506 897 600 928 edere
615 896 790 940 potuerint.
815 897 930 941 Neque
948 896 1033 929 cuim
1054 897 1158 929 solum

202 955 235 987 in
257 957 469 988 anterioribus
494 957 644 989 Murtiani
673 958 866 990 editionibus
893 959 934 1003 (v.
961 959 1110 1001 Lugdun.
1130 971 1158 991 a.

204 1020 313 1063 1559)
336 1020 368 1052 in
389 1021 529 1062 margine
554 1022 678 1053 varians
694 1022 790 1055 lectio
805 1023 901 1066 selis,
923 1035 1018 1067 quam
1040 1023 1158 1068 recepi,

202 1082 351 1115 adnotata
383 1090 471 1123 erat,
512 1084 569 1116 sed
595 1085 670 1128 felis
701 1086 795 1117 etiam
821 1086 965 1128 legerant
985 1087 1158 1128 Pignorius

198 1146 312 1190 (mens.
326 1147 369 1180 Is.
383 1160 413 1191 p.
423 1149 496 1191 40),
523 1148 605 1180 Gale
624 1149 677 1193 (ad
693 1149 811 1181 Jambl.
828 1163 858 1194 p.
875 1150 978 1193 289),
1006 1151 1157 1195 Cuperus

199 1207 252 1253 (in
274 1209 377 1254 Harp.
408 1223 441 1254 p.
469 1209 549 1254 15),
579 1211 789 1243 Montraucon
819 1211 870 1256 (in
903 1218 966 1244 ant.
994 1213 1098 1257 suppl.
1124 1212 1157 1245 2.

198 1281 230 1314 p.
253 1270 348 1314 185).
389 1271 487 1304 Certe
517 1272 614 1314 igitur
635 1273 750 1305 melior
782 1273 857 1315 eligi
887 1274 1023 1306 debebat
1052 1274 1157 1307 lectio.

198 1331 285 1363 Felis
309 1338 414 1364 autem
441 1333 492 1365 hic
516 1334 628 1366 Lunae
652 1335 830 1378 symbolum
855 1341 921 1377 cst,
953 1337 1158 1380 quemadmo-

200 1395 275 1427 (lum
306 1407 402 1439 supra
431 1395 479 1440 (§.
507 1397 596 1440 170)
630 1409 648 1429 a
680 1404 791 1430 nostro
813 1399 881 1440 jam
908 1400 1058 1432 traditum
1081 1406 1159 1433 erat.

200 1458 410 1503 Transposita
436 1460 531 1491 etiam
559 1460 833 1505 interpunctione,
863 1474 945 1506 quae
969 1463 1048 1494 salsa
1074 1464 1158 1507 apud

200 1521 350 1555 Grotium
374 1529 406 1554 et
430 1524 624 1556 recentiores
655 1525 793 1558 editores
818 1532 885 1566 cst,
922 1532 1007 1558 recte
1029 1527 1157 1558 Martia-

198 1598 259 1618 nus
290 1587 385 1618 selem
413 1587 479 1619 sire
507 1588 634 1619 Lunam
667 1588 701 1619 in
730 1601 824 1632 prora
862 1589 1048 1629 collocavit3
1090 1590 1156 1621 leo-

198 1659 271 1679 nem
297 1648 363 1680 sive
396 1648 508 1681 Solem
542 1649 625 1693 (Pal.
652 1650 718 1681 crit.
741 1650 799 1681 111.
827 1649 854 1694 ἓ.
879 1651 963 1682 298.
992 1652 1075 1682 505.
1097 1651 1156 1683 IV.

196 1709 225 1754 ἓ.
251 1711 333 1743 705.
362 1711 448 1755 716)
480 1710 514 1742 in
552 1723 674 1743 summa
705 1711 794 1743 navis
831 1712 952 1744 arbore.
992 1711 1086 1743 Alias
1113 1711 1157 1743 dii

198 1774 350 1806 tutelares
377 1773 410 1805 in
432 1774 523 1806 navis
549 1786 644 1818 prora
670 1775 912 1808 collocabantur
934 1776 975 1819 (v.
1000 1775 1090 1819 Lips.
1115 1775 1155 1807 ad

197 1836 275 1870 Seu.
293 1849 342 1882 ep.
365 1839 412 1870 76
436 1850 466 1882 p.
485 1838 581 1881 525).

269 1899 383 1945 leonis]
408 1900 553 1932 Leonem
571 1899 645 1932 Soli
669 1905 827 1931 sacratum
848 1899 1033 1942 pancissimi
1064 1900 1154 1942 igno·

196 1967 283 2002 rant,
311 1961 399 2005 quod
420 1961 586 1993 oculorum
601 1961 726 1993 fervore
749 1966 781 1992 et
796 1960 893 1992 radiis
916 1960 946 1992 ci
967 1961 1070 2004 possit
1089 1974 1155 1993 non

197 2026 354 2059 immerito
380 2025 564 2069 comparari.
589 2023 696 2056 Ass'ert
719 2030 751 2055 et
776 2024 854 2056 alias
870 2024 1011 2056 rationes
1028 2025 1153 2058 Macro-

193 2090 267 2125 bius
288 2090 361 2122 Lib.
388 2091 419 2121 1.
440 2100 466 2120 c.
488 2089 533 2120 21
563 2088 632 2121 Sat.
653 2087 758 2120 Gno'r.
773 2108 821 2114 —-
854 2088 956 2120 Plura
987 2089 1042 2133 qui
1066 2089 1153 2133 cupit

195 2155 324 2188 evolvat
351 2152 631 2197 palaeographiam
657 2164 759 2184 meam
788 2152 861 2196 (IV.
887 2151 915 2197 ξ).
939 2154 1020 2184 705.
1055 2152 1152 2196 716),

194 2215 402 2260 Hugiumque
425 2220 571 2247 nostrum
597 2214 649 2258 (in
673 2215 773 2258 myth.
795 2226 826 2258 p.
845 2214 946 2258 172),
972 2214 1027 2246 ubi
1050 2214 1089 2246 (lc
1107 2215 1152 2246 lc-

197 2278 267 2310 onis
284 2284 317 2310 et
338 2289 439 2322 aquae
459 2276 625 2309 vocabulis
647 2275 792 2317 disserit,
823 2276 939 2320 quibus
963 2277 1043 2308 adde
1061 2277 1151 2320 Moy-

197 2340 241 2372 sis
262 2351 380 2372 nomen
397 2351 415 2371 a
432 2338 591 2371 Salmasio
611 2338 658 2383 (in
680 2338 808 2383 epistol.
823 2351 858 2383 p.
879 2338 963 2384 152)
978 2338 1151 2383 Aegyptia-

197 2415 252 2437 cae
274 2403 401 2444 linguae
426 2401 629 2434 vindicatum.

271 2462 433 2508 crocodili]
451 2463 644 2495 Crocodilus
662 2462 812 2508 Serapidi
828 2473 928 2505 sacer,
951 2464 984 2496 id
1003 2469 1052 2495 est
1069 2463 1150 2496 Soli.

197 2527 331 2572 Serapis
361 2527 445 2559 enim
473 2526 557 2558 idem
592 2538 664 2559 cum
696 2527 792 2569 Sole,
831 2533 867 2559 ut
900 2541 939 2560 ex
964 2527 1094 2560 oraculo
1122 2528 1151 2559 ei

197 2590 351 2624 attributo
377 2588 610 2634 comprobatur.
636 2588 721 2621 Vide
742 2589 886 2624 Macrob.
909 2603 938 2625 c.
957 2590 1016 2625 20.
1039 2589 1094 2622 lib.
1119 2590 1149 2622 1.

2193 691 2277 736 135

1208 832 1279 868 Sat.
1296 833 1461 867 Gnor.-
1486 834 1560 867 IIoc
1581 835 1708 879 quidem
1738 848 1802 867 non
1826 849 1926 878 neg05
1953 850 2061 871 verum
2082 849 2160 884 quo·

1209 896 1293 928 niam
1322 896 1464 937 leonem,
1499 896 1587 929 Solis
1615 898 1814 941 symbolum,
1843 899 1876 930 in
1903 900 1976 931 navi
2002 901 2163 945 depictum

1209 971 1281 992 csse
1304 960 1372 1002 jam
1396 959 1532 1003 (lictum,
1560 961 1687 992 omnino
1719 962 1881 1006 pulchrior
1903 964 2053 996 Martiani
2076 965 2163 998 fictio

1210 1024 1288 1064 crit,
1329 1024 1356 1055 si
1382 1036 1506 1056 mecum
1533 1025 1724 1067 conjeceris,
1762 1038 1833 1058 eum
1869 1028 2014 1060 hausisse
2044 1041 2061 1060 e
2086 1029 2162 1062 Cle·

1210 1091 1316 1117 mente
1338 1085 1579 1126 Alexandrino,
1604 1087 1658 1130 qui
1678 1088 1745 1131 (str.
1771 1090 1802 1120 5.
1820 1102 1850 1133 p.
1871 1090 1956 1133 566)
1980 1102 1997 1122 e
2021 1103 2161 1135 quorun-

1210 1150 1282 1181 dam
1320 1150 1479 1181 sententia
1515 1150 1623 1190 docet,
1665 1153 1845 1183 »crocodilo
1881 1153 2052 1194 significari
2086 1161 2163 1187 tem·

1208 1226 1270 1258 pus
1306 1225 1324 1245 a
1359 1213 1438 1246 Sole
1470 1214 1639 1256 genitum«
1695 1215 1788 1247 Unde
1818 1218 1892 1248 565
1927 1217 2056 1260 dentes,
2088 1219 2164 1251 anni

1209 1290 1323 1322 nempe
1351 1278 1473 1310 dicrum
1502 1291 1683 1317 nnmerum,
1713 1280 1786 1311 huie
1811 1281 1938 1313 animali
1963 1282 2164 1315 adfinxcrunt

1209 1341 1339 1387 (Aelnill.
1364 1343 1435 1374 Tat.
1460 1342 1581 1375 Erotio.
1598 1343 1621 1374 4
1642 1344 1662 1374 s.
1686 1356 1716 1387 p.
1735 1344 1808 1375 272
1830 1344 1954 1389 Salm.).

1281 1403 1357 1447 fons
1382 1403 1474 1448 lucis]
1502 1404 1687 1436 Heraclitus
1711 1405 1824 1437 Solem
1856 1408 1995 1440 »fontem
2012 1408 2161 1440 coelestis

1208 1463 1308 1498 lueis«
1342 1467 1484 1498 nominat
1504 1467 1662 1510 (Macrob.
1686 1480 1786 1500 somn.
1809 1468 1865 1502 Sc.
1891 1471 1923 1509 1,
1950 1471 2035 1513 20),
2065 1472 2160 1503 Plato

1209 1533 1260 1571 (de
1286 1530 1328 1562 R.
1355 1529 1393 1560 P.
1417 1530 1449 1559 6.
1477 1541 1506 1571 p.
1530 1530 1601 1560 508
1627 1528 1753 1572 Steph.)
1786 1529 1885 1562 »lucis
1909 1536 2090 1563 auctoremu
2119 1532 2161 1576 (v.

1208 1588 1238 1633 §-
1264 1590 1363 1632 183),
1397 1589 1559 1633 Orphicus
1584 1591 1701 1634 (hymn.
1726 1590 1761 1633 7)
1783 1587 1967 1637 οὐράνιον
1989 1592 2087 1639 φῶς.
2122 1593 2162 1626 Iu

1208 1663 1297 1682 sacra
1326 1651 1464 1694 denique
1495 1651 1678 1694 precatione
1712 1663 1785 1682 eum
1814 1652 1944 1685 allocuti
1975 1660 2050 1686 suut
2077 1652 2162 1700 ἥλιε

1206 1709 1351 1757 κόόμου
1376 1712 1464 1759 φώς
1486 1713 1642 1756 (Muci-ob.
1667 1712 1798 1747 Saturn.
1824 1714 1862 1754 1,
1892 1714 1963 1758 25).

1281 1776 1456 1807 connivens
1483 1773 1594 1819 oeulis]
1628 1773 1698 1806 Alii
1725 1777 1916 1816 covmibens,
1943 1782 1975 1809 et
2002 1777 2076 1811 hinc
2108 1779 2161 1811 alii

1209 1839 1315 1871 oeulos
1347 1845 1458 1870 eontra
1487 1838 1588 1871 MSS.
1619 1839 1853 1871 vetustissimos
1884 1841 2067 1875 exhibuere.
2092 1842 2159 1875 Oc-

1206 1913 1297 1933 mzsn.
1312 1901 1366 1944 (ad
1379 1899 1500 1944 Appul.
1519 1900 1544 1931 l.
1561 1901 1673 1944 p.44).
1685 1901 1814 1933 —Non
1829 1903 1890 1934 hoc
1902 1903 2006 1935 solum
2023 1905 2158 1944 correxi,

1206 1962 1263 1993 scd
1289 1962 1386 2006 paulo
1410 1968 1486 2006 post
1508 1962 1602 1994 etiam
1622 1975 1640 1994 e
1669 1963 1941 2006 Cantabrigiensi,
1980 1966 2158 1998 Darmstat·

1205 2025 1305 2066 tensi,
1332 2025 1607 2067 Reichenauensi,
1644 2032 1676 2059 et
1708 2028 1861 2071 Hugiano
1885 2030 2016 2074 reposui
2048 2031 2155 2074 depre-

1204 2093 1298 2120 catur
1321 2099 1380 2132 pro
1404 2089 1643 2132 deprecabatur.

1278 2150 1392 2197 ignoti]
1419 2152 1588 2185 Lueretius
1608 2154 1655 2196 (3,
1684 2153 1783 2197 149)=

1261 2215 1401 2245 »Tenuis
1420 2216 1505 2246 enim
1525 2221 1645 2246 natura
1668 2216 1761 2247 deztm
1783 2215 1939 2262 longeque
1959 2220 2079 2248 remota

1251 2275 1407 2307 Sensibus
1429 2288 1449 2307 a
1474 2278 1592 2308 nostris
1615 2279 1716 2308 animi
1732 2279 1790 2308 vix
1812 2284 1918 2309 mente
1939 2279 2091 2309 videtur-,a

1202 2339 1465 2380 Neo-Platonici,
1500 2341 1588 2385 quod
1610 2341 1685 2372 olim
1703 2341 1771 2383 jam
1797 2341 1962 2373 observavi
1981 2340 2150 2383 (palaeogr.

1203 2401 1272 2434 crit.
1295 2401 1354 2433 111.
1373 2401 1403 2446 ἓ.
1427 2401 1523 2445 126),
1550 2403 1610 2434 sibi
1634 2408 1875 2446 persuaserant,
1904 2401 2084 2432 hominibus
2102 2400 2149 2433 in·

1201 2468 1368 2495 notescere
1391 2468 1514 2496 tantum
1537 2465 1632 2507 hujus
1650 2465 1760 2496 mundi
1782 2469 1970 2503 creatorem,
1995 2474 2036 2494 ex
2058 2461 2150 2494 sactIs

1201 2524 1348 2556 nimii-{un
1372 2525 1491 2569 ipsius,
1523 2538 1561 2558 co
1589 2531 1694 2558 autem
1719 2526 1815 2566 longe
1843 2523 2053 2567 antiquiorem
2077 2535 2150 2558 esse

1201 2584 1285 2632 (τὸν
1304 2587 1464 2635 πρῶτον
1482 2588 1591 2634 νοῦν)
1618 2589 1711 2621 deum
1734 2598 1932 2631 supremum,
1959 2599 2055 2633 quem
2071 2587 2149 2633 ipsis

1698 2648 1748 2680 50
