2310 2860
233 193 323 236 650

236 301 326 355 ejus
357 299 409 340 ad
441 297 567 354 pedes
598 297 798 351 Aquarii,
829 297 927 338 inde
952 296 1001 338 ad
1037 296 1125 337 Ceti
1157 295 1353 336 ultimam
1386 295 1591 346 caudam,
1636 310 1683 336 ac
1710 295 1863 337 dehine
1895 298 1947 339 ad
1978 300 2190 354 Leporem

780 190 979 231 Martiani
1011 188 1210 245 Capellae
1240 189 1313 230 lib.
1341 189 1460 230 VIII.
1491 191 1522 241 ᾗ.
1550 190 1653 231 850.

236 381 485 436 prioresque
527 377 756 417 Caniculae
795 376 946 432 pedes3
993 376 1090 418 inde
1121 391 1198 432 per
1226 377 1340 431 Argo
1372 385 1605 431 tergusque
1636 375 1839 416 Centauri
1872 376 1924 416 ad
1954 379 2192 433 Scorpionis

237 459 457 508 aculeum,
504 457 655 499 deinde
685 472 762 514 per
793 458 972 513 Sagittae
1004 458 1200 500 ultimam
1233 468 1399 515 partem
1433 457 1486 499 ad
1517 466 1713 499 octavam
1749 457 1998 514 Capricorni
2028 468 2191 514 partem

235 535 418 583 circulus
449 550 689 583 revocatur.

956 697 1035 737 DE
1080 697 1157 737 AN
1163 696 1477 738 TARCTICO.

401 803 590 843 Ultimus
613 818 664 844 ex
687 803 913 858 parallelis,
938 803 1012 857 qui
1036 812 1213 844 vocatur
1238 803 1513 854 antarcticus,
1546 803 1796 844 tantundem
1822 803 1944 859 spatii
1974 812 2190 858 quantum

233 882 567 937 septentrionalis
599 882 789 923 includit,
855 883 997 932 Quem
1033 883 1208 937 quidem
1241 893 1478 934 meantem,
1523 885 1680 939 quibus
1711 885 1919 926 sideribus
1951 885 2192 935 circuletur,

233 977 308 1017 ego
342 972 532 1017 poteram
573 978 836 1016 memorare3
881 979 1023 1019 neque
1063 965 1175 1005 enim
1218 965 1322 1006 mihi
1355 965 1441 1005 ulla
1474 965 1659 1005 coelestis
1690 966 1802 1020 globi
1842 966 1977 1021 portio
2010 965 2192 1026 habetur

231 1044 460 1098 incognita3
515 1043 588 1084 sed
628 1045 832 1099 quoniam
873 1060 950 1100 per
986 1045 1126 1100 ignota
1156 1047 1385 1102 superioris
1416 1047 1544 1103 partis
1576 1047 1737 1087 visibus
1771 1047 1997 1088 hominum
2037 1046 2192 1087 disten-

235 1127 369 1178 ditur,
400 1126 539 1168 dicere
564 1127 873 1182 praetermitto,
903 1142 957 1167 ne
984 1128 1245 1183 incomperta
1277 1129 1499 1169 salsitatem
1531 1127 1764 1169 admiscere
1789 1127 1982 1168 videatur
2008 1124 2191 1166 assertio.

926 1282 1074 1323 ITEM
1111 1283 1190 1323 DE
1237 1282 1504 1323 COLURIS.

114 1383 201 1425 852
402 1389 557 1430 Melius
589 1389 755 1429 coluros
785 1388 1149 1438 demonstremus,
1193 1387 1288 1427 licet
1318 1387 1395 1441 ipsi
1429 1402 1605 1442 quoque
1632 1386 1793 1441 aliquid
1824 1386 2082 1428 curvationis
2115 1387 2190 1427 ab-

231 1469 374 1510 dentes
414 1485 498 1510 non
542 1485 585 1510 se
626 1479 732 1510 totos
767 1469 928 1510 visibus
966 1478 1304 1524 repraesentent,
1349 1477 1492 1508 tamen
1531 1469 1632 1523 quia
1670 1469 1912 1523 conjectura
1948 1484 2032 1509 non
2065 1477 2190 1519 errat,

231 1558 429 1604 poterunt
468 1548 764 1589 demonstrari.
825 1549 968 1603 Atque
1013 1549 1069 1589 ita
1109 1564 1261 1589 eorum
1301 1548 1490 1604 primus,
1537 1549 1610 1602 qui
1652 1549 1704 1589 ab
1745 1548 2039 1603 aequinoctiali
2071 1557 2189 1603 parte

230 1630 360 1670 sumit
393 1629 653 1683 auspicium,
685 1628 738 1668 ab
764 1637 914 1669 octava
939 1629 1090 1669 Arietis
1112 1640 1231 1684 parte
1258 1630 1499 1684 contingens
1523 1629 1725 1669 ultimum
1752 1629 1939 1668 Deltotos
1967 1628 2187 1682 angulum,

232 1724 280 1750 ae
311 1724 413 1750 mox
437 1722 660 1749 summum
691 1707 931 1761 contingens
960 1707 1096 1748 Persei
1121 1717 1249 1763 caput
1267 1708 1558 1763 dextrumque
1589 1710 1678 1763 ejus
1708 1709 1957 1759 brachium,
1988 1708 2186 1763 proxime

231 1804 413 1831 manum
452 1803 597 1830 secans
628 1802 705 1843 per
734 1787 1102 1842 septentrionalem
1136 1789 1347 1829 circulum
1389 1789 1441 1829 ad
1472 1789 1686 1830 cardinem
1721 1789 1870 1829 mundi
1903 1790 2118 1844 pervenit3
2163 1804 2185 1830 a

232 1926 318 1958 dium
353 1925 586 1969 Capricornum
618 1924 761 1956 dividens
789 1929 821 1955 et
844 1925 944 1967 pedes
967 1923 1103 1968 Aquarii
1128 1936 1185 1968 per

232 1989 363 2020 caudam
383 1988 529 2020 Pistricis
554 1994 588 2018 ut
612 1988 763 2029 trajectus
786 1987 926 2027 'videtin-3
953 1988 1064 2019 dividit
1091 1988 1185 2019 etiam

231 2053 390 2095 Leporem
423 2052 597 2092 fugientem
630 2063 647 2081 a
684 2050 829 2082 cruribus
865 2056 896 2082 et
932 2052 1067 2094 quadam
1096 2057 1185 2095 parte

231 2113 386 2157 corporis,
413 2118 445 2144 et
465 2113 564 2144 Canis
591 2111 753 2155 sequentis
772 2112 888 2154 pedes,
918 2118 949 2144 et
970 2113 1068 2144 'Navis
1084 2113 1185 2156 ipsius

231 2177 382 2222 puppim,
416 2175 633 2217 Centaurique
663 2174 801 2206 cervices
836 2176 874 2206 ab
902 2176 1027 2219 reliquo
1051 2187 1185 2220 corpore

234 2238 355 2270 dividit.
397 2236 585 2279 Scorpionis
618 2241 758 2267 extrema
792 2237 908 2277 cauda,
939 2237 1024 2280 quod
1053 2249 1184 2269 acumen

234 2306 375 2340 vocatur,
398 2300 510 2331 eodem
534 2299 651 2330 circulo
669 2299 887 2341 conjungitur3
914 2300 1078 2342 Sagittarii
1093 2312 1185 2332 arcus

235 2363 347 2395 codem
368 2361 444 2392 orbe
469 2360 693 2394 deformatum«

310 2424 425 2470 quibus
439 2420 610 2466 sideribus]
623 2420 785 2453 Nonnulla
803 2428 1027 2453 commemorat
1035 2422 1185 2466 Hyginus

236 2485 290 2527 (4,
322 2486 362 2523 63
404 2496 432 2526 p.
455 2483 557 2526 489):
590 2481 663 2513 »Ad
682 2482 883 2529 antarcticon*
901 2489 1006 2516 autem
1031 2484 1185 2516 circulum

236 2546 381 2591 pervenit
409 2551 548 2577 extrema
576 2545 667 2577 naris
700 2545 809 2587 ArgO‚
841 2547 1003 2590 pedesque
1031 2548 1185 2579 Centauri

238 2610 431 2654 posteriores
458 2609 689 2652 adjunguntur,
716 2609 838 2653 priores
864 2615 967 2641 autem
990 2623 1091 2656 prope
1111 2622 1185 2644 con-

1235 1924 1357 1964 tingere
1389 1929 1422 1955 et
1453 1922 1521 1955 Ara
1554 1924 1679 1956 videtur
1705 1936 1806 1969 prope
1838 1926 1946 1966 affixa,
1990 1924 2185 1970 Eridanique

1235 1987 1374 2018 fluminis
1401 1992 1542 2019 extrema
1567 1988 1786 2029 significatio,«

1308 2063 1367 2094 per·
1389 2050 1512 2096 iynota]
1538 2051 1660 2095 Recepi
1682 2051 1852 2083 lectionem
1876 2064 1893 2083 a
1915 2051 2031 2084 Grotio
2051 2052 2085 2084 in
2103 2062 2183 2083 mar-

1235 2113 1307 2154 gine
1349 2119 1507 2154 notatam,
1554 2115 1820 2158 adstipulantibus
1856 2115 2017 2147 codicibus
2047 2115 2184 2146 Reielic-

1234 2176 1367 2207 nauensi
1403 2183 1435 2207 et
1468 2177 1894 2212 Ettenlneimmi'instcriensi3
1927 2178 2022 2218 vulgo
2051 2190 2110 2221 per
2136 2180 2181 2222 ig]-

1235 2232 1328 2268 noms
1361 2240 1541 2280 superiores
1570 2245 1679 2282 partes
1711 2241 1820 2277 visus,
1846 2238 1932 2280 quod
1962 2239 2182 2281 corrigendum

1235 2288 1312 2332 vidit
1337 2306 1368 2331 et
1394 2301 1581 2332 Bondamus
1602 2302 1679 2345 (var.
1700 2301 1772 2332 leet.
1796 2313 1827 2344 p.
1845 2301 1915 2343 60).

1309 2360 1473 2406 abdentes]
1502 2362 1635 2394 Grotius
1659 2361 1768 2393 neseio
1785 2361 1869 2392 unde
1894 2363 2065 2402 addentes,
2094 2363 2181 2406 quod

1234 2422 1348 2454 falsum
1372 2434 1443 2454 esse
1471 2428 1600 2466 apparet
1624 2421 1667 2465 (ξ.
1686 2423 1781 2465 825).

1308 2482 1472 2527 Deltotos]
1506 2484 1593 2524 Lege
1626 2484 1787 2515 Deltoton.
1836 2483 1893 2516 Sic
1927 2485 1958 2516 in
1996 2485 2180 2518 Geometria

1233 2547 1378 2579 Isthmon
1414 2546 1583 2587 legendum
1616 2547 1780 2578 docuimus
1809 2553 1841 2578 et
1872 2548 1952 2579 infra
1981 2549 2179 2581 Dim-hodon.

1235 2609 1394 2643 Gn01.-
1419 2609 1577 2653 Equidem
1603 2615 1637 2641 ut
1664 2621 1758 2653 snpra
1785 2609 1827 2654 (ἓ.
1845 2610 1930 2653 655)
1952 2612 2090 2643 Isthmos
2113 2623 2176 2644 scr-
