2310 2860
685 184 885 228 Martiani
917 182 1116 241 Capellae
1145 182 1215 225 lib.
1239 182 1314 226 VI.
1344 186 1375 236 §.
1399 183 1502 226 574.

2018 185 2100 228 487

346 293 444 335 Sola
472 307 629 335 novem
661 292 901 347 complens,
932 290 1066 332 Musis
1097 305 1220 332 mens
1251 291 1450 334 omnibus
1481 305 1593 344 uua,

347 373 411 413 Te
443 388 613 430 precor,
663 372 715 413 ad
751 372 973 428 proprium
1006 370 1173 426 dignata
1204 372 1377 415 illabere
1408 380 1590 427 niunu's,

347 454 561 510 Inspirans
593 454 712 495 nobis
743 454 894 508 Grajas
924 453 1139 495 Latialiter
1170 464 1292 496 artes.

273 560 363 616 Ago
387 559 463 600 tibi
485 559 724 614 habeoque,
747 559 863 610 diva,
893 560 1227 616 persolvensque
1247 571 1438 617 perpetes
1455 562 1620 604 debebo
1641 573 1789 618 grates,
1816 579 1927 620 quae
1953 565 2101 620 optatis
2141 563 2226 603 573

146 641 307 697 fulgida
345 641 529 697 dignaris
560 656 758 683 annuere.
803 642 944 682 Nosco
975 656 1266 697 venerorque,
1297 641 1414 696 quod
1452 642 1551 683 vidi.

1610 644 1761 684 Parent
1791 644 1976 700 denique
2012 646 2097 699 jam

147 724 410 779 ingressurae
449 734 558 766 artes
596 723 799 778 obsequio
839 723 1111 764 electissimae
1148 723 1429 774 feminarum,
1476 738 1588 778 quae
1626 724 1845 766 decentem
1880 726 2101 779 quandam

149 815 276 860 atque
312 805 476 861 hyalini
517 806 706 862 pulveris
744 805 1008 861 respersione
1048 804 1279 845 coloratam
1319 805 1437 846 velut
1485 805 1725 846 mensulam
1770 807 2004 860 gestitantcs
2052 805 2106 847 ad

145 886 339 928 medium
378 886 523 943 superi
561 896 728 928 senatus
766 886 911 927 locum
950 884 1105 926 fiducia
1153 886 1385 940 promtiore
1428 886 1677 942 procedunt.

145 976 261 1018 sunt,
312 966 473 1022 quidve
512 967 720 1023 gestitent‚
770 965 1059 1022 gerendorum
1101 966 1257 1007 inscius
1294 981 1380 1008 non
1419 967 1606 1009 adverto.

214 1110 482 1155 fontiqenarum]
516 1110 571 1142 Ab
596 1111 665 1142 aliis
686 1111 791 1155 po'ctis
812 1112 894 1143 hanc
920 1123 1030 1144 vocem
1060 1111 1099 1142 (le

142 1172 246 1204 Musis
272 1174 418 1218 usurpari
450 1174 592 1205 noudum
623 1175 703 1214 vidi,
739 1186 802 1218 qua
824 1180 936 1207 noster
961 1180 993 1207 et
1017 1175 1100 1206 insi-a

141 1235 184 1280 (ἓ.
205 1237 293 1281 908)
317 1237 433 1269 iterum
458 1238 575 1278 utitur3
606 1237 687 1269 ratio
714 1243 821 1270 tamen
843 1237 877 1271 in
898 1244 1008 1282 aperto
1038 1244 1098 1279 est,

142 1311 256 1343 quum,
281 1306 317 1332 ut
340 1300 447 1333 Servii
468 1300 527 1346 (ad
549 1301 607 1333 ecl.
630 1302 664 1342 7,
691 1301 758 1344 21)
783 1301 889 1334 verbis
909 1308 993 1343 utar,
1030 1314 1097 1334 »sc-

141 1361 281 1394 cundum
316 1362 497 1395 Varronem
534 1363 623 1406 ipsae
662 1363 726 1393 siut
760 1364 916 1406 nymphae
953 1376 1034 1407 quae
1066 1370 1098 1396 et

141 1423 276 1463 Musae5
303 1436 375 1455 nam
402 1429 434 1455 et
457 1424 489 1455 in
512 1436 594 1467 aqua
623 1423 799 1455 consistere
826 1424 989 1464 dicuntur,
1015 1436 1096 1468 quae

141 1485 180 1516 de
197 1485 338 1517 sontibus
356 1491 473 1526 manat,
500 1485 582 1517 sieut
603 1485 864 1517 existimaverunt
885 1485 939 1530 qui
962 1485 1096 1518 Camoc-

142 1547 192 1578 nis
219 1548 340 1579 fontem
369 1552 624 1580 conseerarunt.«
667 1547 767 1578 Plura
797 1547 885 1579 dabit
914 1547 1095 1579 Creuzerus

140 1610 298 1655 (Symbol.
323 1611 388 1652 III,
415 1623 446 1655 p.
468 1611 540 1643 275
565 1609 683 1654 sequ),
717 1610 873 1654 quidquid
903 1611 1096 1657 obloquatur

139 1673 355 1704 Buttmanuus
384 1672 532 1716 (mythol.
548 1672 580 1712 Ι,
608 1685 639 1717 p.
661 1672 733 1704 275
760 1671 873 1716 sequ.).

208 1736 277 1766 sola
294 1732 421 1779 novem]
444 1733 569 1766 Sensus
591 1734 657 1766 hie:
676 1733 725 1766 »Ο
744 1745 832 1766 sacra
848 1733 914 1766 scil.
936 1734 1093 1777 Minerva,

140 1798 223 1830 unde
251 1798 452 1843 prudentiam
483 1810 571 1830 suam
600 1798 712 1830 doctae
737 1798 919 1840 fontigenae
944 1797 1094 1843 (Musae)

140 1859 228 1903 ipsae
251 1865 458 1903 acceperunt,
484 1865 518 1890 tu
537 1860 622 1900 sola,
646 1871 727 1903 quae
750 1872 813 1891 una
835 1860 900 1891 illis
923 1872 1011 1891 mens
1031 1872 1096 1892 om-

139 1920 232 1951 nibns
265 1932 315 1960 es,
352 1921 494 1963 comples
526 1932 637 1952 omncs
667 1921 767 1952 illas«
820 1921 870 1952 Nc
897 1927 1002 1952 autem
1025 1933 1097 1952 cum

138 1983 272 2015 Bai-thio
294 1984 337 2027 (p
350 1983 438 2026 405)
460 1983 575 2015 Illttsas
598 1994 656 2027 pro
682 1984 788 2015 illusis
812 1984 1016 2016 scribendum
1040 1984 1095 2016 ali-

139 2047 211 2093 quis
232 2052 339 2091 putet,
369 2046 626 2091 interpungeudo
655 2047 818 2091 prospexi.

212 2116 243 2143 te
264 2109 397 2155 precor]
425 2110 482 2143 Sic
512 2110 626 2154 scripsi
655 2122 672 2142 e
705 2110 895 2142 membranis
918 2123 936 2142 a
960 2111 1094 2145 Barthio

137 2173 273 2206 laudatis
298 2186 357 2219 pro
383 2175 551 2217 deprecor,
581 2174 668 2218 quod
689 2174 722 2206 in
747 2175 840 2206 editis
862 2181 937 2206 erat.
964 2176 1093 2208 Martia·

138 2247 199 2268 nus
223 2242 371 2279 precatur
395 2236 588 2277 Minervam,
615 2241 649 2267 ut
672 2236 704 2267 in
724 2236 862 2268 animum
886 2249 978 2269 suum
1004 2237 1093 2269 illabi

139 2298 286 2340 dignetur
306 2299 345 2330 ad
363 2312 478 2331 munus
499 2300 561 2344 ipsi
584 2300 748 2344 proprium
773 2302 1020 2344 procurandum,
1043 2313 1091 2334 se-

138 2372 201 2403 que
221 2360 372 2405 inspiret,
402 2366 438 2392 ut
462 2366 545 2392 artes
569 2362 712 2394 Graecas
737 2362 852 2395 Latino
871 2374 1018 2395 sermone
1037 2376 1090 2396 ex-

137 2422 255 2466 plicare
276 2422 389 2466 possit.
436 2421 588 2456 Ceterum
614 2424 770 2467 colorem,
799 2425 833 2457 ni
861 2425 970 2468 fallor,
995 2426 1092 2459 traxit

137 2496 155 2516 e
177 2483 313 2526 Virgilio
335 2483 432 2528 (Aen.
453 2485 493 2524 5,
528 2483 606 2528 89)=

193 2546 265 2579 »Da
286 2551 380 2590 pater
412 2547 585 2591 augurium
607 2552 704 2594 atque
726 2550 844 2583 animis
869 2549 1002 2584 illabere
1034 2563 1090 2585 no-

532 2611 618 2643 stris.
626 2625 637 2639 «τ

1750 886 1833 928 Sed
1866 902 1976 941 quae
2007 887 2106 927 istae

1674 969 1779 1020 Hic,
1833 979 1881 1011 ut
1918 969 2106 1026 lepidula
2135 968 2221 1011 5713

1222 1111 1354 1157 debebo]
1390 1112 1447 1146 Sic
1478 1114 1590 1158 scripsi
1616 1127 1633 1147 e
1663 1115 1826 1148 codicibus
1855 1116 2106 1150 Monacensibus

1150 1170 1204 1216 (Α.
1227 1173 1269 1216 C)
1295 1186 1353 1218 pro
1380 1175 1497 1214 debeo,
1526 1176 1676 1218 quoniam
1701 1177 1731 1208 ei
1762 1178 1848 1221 quod
1877 1184 1925 1209 est
1949 1184 2107 1221 perpetes,

1148 1235 1181 1267 id
1199 1242 1249 1268 est
1264 1245 1448 1281 perpetuas,
1470 1240 1610 1271 futurum
1628 1240 1728 1282 magis
1747 1241 1917 1273 convenire
1932 1241 2107 1273 videbatur.

1219 1298 1366 1345 fulgida]
1398 1300 1484 1332 Nota
1514 1301 1564 1333 liic
1596 1313 1656 1333 usu
1681 1303 1805 1343 venire,
1837 1303 1923 1346 quod
1951 1309 1983 1335 ct
2012 1314 2108 1348 saepe

1149 1358 1242 1400 alias,
1269 1367 1304 1391 ut
1323 1361 1350 1392 C
1373 1374 1431 1404 pro
1453 1362 1483 1393 G
1502 1368 1649 1405 ponatur.
1676 1363 1732 1396 Sic
1748 1376 1809 1408 pro
1832 1366 2005 1408 Glaucopis
2027 1364 2107 1398 MS.

1148 1423 1317 1467 Claucopis
1340 1425 1445 1456 refert.
1473 1425 1576 1456 Gnor.
1593 1444 1640 1449 ——-
1672 1426 1864 1471 Sylbmyius
1888 1428 1954 1472 (ap.
1974 1428 2107 1473 Sciopp.

1145 1486 1179 1518 in
1206 1495 1251 1525 gr.
1283 1485 1399 1528 philos.
1426 1498 1457 1529 p.
1479 1486 1551 1517 255
1579 1486 1706 1530 llcrz.):
1729 1488 1776 1519 »C
1799 1500 1857 1532 pro
1887 1488 1917 1520 G
1946 1490 2108 1533 frequenti

1145 1554 1178 1585 in
1203 1557 1262 1576 usu
1292 1546 1360 1578 fuit.
1406 1545 1463 1579 Sic
1489 1547 1573 1578 enim
1598 1560 1693 1579 cenas
1722 1549 1871 1582 dixerunt
1899 1563 1958 1595 pro
1984 1564 2106 1595 yeizas5

1146 1608 1192 1639 sic
1211 1608 1338 1651 [iucem
1361 1611 1424 1641 lece
1449 1622 1506 1653 pro
1528 1610 1657 1653 frugem
1679 1613 1766 1655 lege,-
1794 1613 1968 1657 itidemque
1993 1615 2106 1655 lecere,

1143 1675 1254 1702 rocato
1276 1682 1335 1714 pro
1354 1671 1476 1714 leqere,
1496 1677 1638 1714 rogata«
1674 1672 1773 1715 Quod
1796 1673 1893 1715 igitur
1914 1676 1998 1719 apud
2018 1677 2106 1708 Mar-

1144 1732 1265 1764 tianum
1292 1732 1412 1764 editum
1437 1738 1504 1764 crat
1527 1733 1652 1776 fulc-iila
1674 1734 1758 1765 haud
1782 1741 1951 1767 cunctatus
1970 1739 2105 1779 correxi,

1149 1796 1277 1828 minime
1304 1808 1419 1829 curans
1445 1797 1701 1840 orthographiam
1726 1810 1744 1829 a
1761 1798 1898 1830 librariis
1918 1800 2083 1833 intrusam.

1227 1858 1356 1905 parent]
1384 1861 1451 1891 Pro
1475 1866 1607 1903 patent,
1631 1861 1717 1904 quod
1743 1861 1776 1893 in
1803 1862 1896 1894 editis
1921 1870 2007 1903 erat,
2038 1877 2106 1896 eor-

1147 1921 1216 1953 rexi
1237 1922 1382 1954 codicum
1405 1921 1593 1954 auctoritate
1610 1922 1903 1966 Reichenauensis‚
1927 1925 2106 1959 Darmstat-

1147 1985 1265 2025 tensis,
1289 1991 1320 2016 et
1345 1985 1550 2017 Monacensis
1572 1985 1637 2029 (C).

1222 2045 1442 2092 electissimae]
1469 2047 1543 2078 Hoc
1568 2058 1627 2091 pro
1652 2046 1810 2081 Grotiano
1839 2049 2028 2084 lectissimae
2054 2063 2101 2085 re·

1146 2109 1234 2141 stitui
1254 2122 1294 2142 cx
1313 2110 1523 2142 anterioribus
1543 2110 1754 2152 editionibus,
1779 2112 1942 2145 codicibus
1966 2115 2101 2148 Reiclic-

1144 2173 1279 2205 nauensi
1304 2179 1335 2205 et
1358 2173 1608 2206 Darmstattensi
1634 2175 1916 2218 adstipulantibus.

1217 2235 1378 2282 pulveris]
1418 2238 1494 2280 Quo
1534 2244 1714 2280 geometrae
1752 2240 1931 2272 utebantur.
1977 2241 2100 2272 Confer

1141 2298 1310 2330 Bal-thium
1328 2298 1380 2343 (ad
1400 2298 1566 2331 claudian.
1582 2300 1621 2331 de
1640 2312 1728 2332 conS.
1743 2299 1832 2332 Mali,
1851 2300 1939 2340 1263
1964 2313 1996 2344 p.
2013 2302 2099 2343 128)

1142 2371 1267 2403 nosque
1304 2372 1400 2404 supra
1431 2360 1491 2405 (ad
1524 2359 1673 2405 5557).
1717 2361 1880 2404 Hyalinus
1913 2367 2019 2394 autem
2047 2370 2097 2395 est

1140 2424 1282 2461 vitreus,
1304 2427 1339 2453 ut
1361 2434 1456 2465 supra
1481 2421 1523 2466 (ξ.
1541 2424 1599 2454 66.
1623 2422 1696 2466 67).

1215 2484 1353 2531 inscius]
1381 2484 1455 2520 MS.
1481 2487 1672 2518 inconscia-s,
1690 2485 1794 2518 Geor.
1809 2506 1856 2512 ——-
1873 2486 1955 2519 Item
1980 2488 2093 2521 Darm-

1139 2549 1304 2581 stattensis
1348 2555 1458 2583 contra
1497 2550 1660 2583 meliorem
1695 2549 1904 2596 plurimorum
1939 2551 2093 2586 librorum

1138 2611 1316 2645 lectionem.
