2310 2860
68 294 96 334 Ut

125 295 157 336 μῖὸ

190 184 285 227 442

784 173 984 218 Martiani
1014 172 1218 229 Capellae
1248 169 1322 215 lib.
1346 169 1401 213 V.
1433 171 1465 223 §.
1490 169 1591 211 514.

193 289 434 349 proveniat,
467 295 507 327 et
539 283 729 341 quodam
755 274 970 324 schemate
996 280 1121 322 dictio
1148 288 1412 322 venustetur.
1455 278 1551 320 Jam
1580 277 1893 334 compositionis
1922 290 2148 337 praecepta

191 383 467 430 percurram,
501 367 622 420 cujus
648 366 799 408 vitium
828 365 1072 406 maximum
1097 372 1176 415 est,

1205 362 1369 404 hiulcas
1400 371 1439 403 et
1472 376 1640 418 asperas
1666 376 1810 412 voees,
1842 361 1982 402 frenos
2010 364 2150 415 etiam,

190 450 440 500 iotacismos,
471 447 751 498 metacismos,
784 445 1080 496 labdacismos,
1111 442 1560 499 homoeoprophorou,
1592 441 1936 498 dysprophoron,
1968 452 2007 483 et
2027 443 2152 498 poly-

191 534 325 589 sigma
364 546 449 573 non
485 531 639 581 vitare,
678 529 747 571 vel
785 527 1010 582 cujuslibet
1047 527 1193 567 literae
1225 524 1511 567 assiduitatem
1544 524 1586 565 in
1618 523 1766 565 odium
1797 523 2044 579 repetitam,
2086 533 2151 563 ut:

193 614 305 665 „sale
335 628 438 655 saxa
467 614 720 666 sonabant“;
760 621 817 653 et:
851 626 1001 663 „casus
1039 608 1281 653 Cassandra
1310 608 1528 650 canebat.“

147 823 149 825 ,
194 794 254 825 bus
285 797 415 833 tractat,
454 793 618 824 collocatio
646 796 753 823 autem
785 791 871 822 idem
902 795 953 822 est
979 803 1050 823 cum
1079 802 1152 822 con-

195 857 371 887 structione
396 854 462 886 sive
484 856 728 897 compositione,
752 853 791 884 de
818 865 881 896 qua
903 864 979 884 mox
999 851 1041 896 (ἓ.
1056 852 1152 895 514).

269 915 441 961 schemate]
469 916 559 947 Ilaec
578 915 663 959 apud
684 914 939 957 Quinctilianum
957 925 1086 957 quoquc
1104 913 1153 957 (8,

197 982 234 1021 ¹,
261 982 298 1021 ¹¹¹3
330 994 362 1024 p.
382 980 472 1023 195)
500 979 594 1011 tertia
620 990 694 1023 pars
722 983 788 1018 est,
827 977 882 1022 qui
901 977 951 1009 »in
974 978 1154 1021 conjunctis

193 1045 298 1076 verbis
320 1044 400 1075 illud
424 1043 610 1074 intuendum
638 1055 729 1074 esse«
757 1042 867 1082 docet,
907 1046 960 1072 »ut
986 1041 1154 1072 emendata

193 1106 273 1146 sint,
311 1112 347 1137 ut
375 1107 546 1144 collocata,
582 1110 618 1135 ut
645 1104 814 1148 fiyurMmu
857 1103 957 1135 Plura
982 1103 1022 1134 de
1044 1102 1155 1144 figuris

193 1170 275 1202 iui'ra
297 1168 341 1213 (ἓ.
359 1169 445 1212 525)
472 1169 679 1200 docebuntur.

270 1230 517 1276 compositionis]
545 1232 594 1262 Dc
615 1232 673 1262 hae
691 1229 762 1262 vide
782 1229 973 1262 Ciceronem
997 1228 1089 1272 (orat.
1105 1228 1154 1261 44

194 1294 317 1339 seqm),
351 1294 403 1325 cui
424 1293 544 1325 nullam
571 1298 693 1336 partem
717 1292 813 1333 hujus
840 1291 944 1334 operis
970 1291 1070 1331 magis
1091 1290 1154 1321 ela-

193 1359 339 1390 boratam
368 1369 439 1388 esse
473 1355 712 1398 Quinctilianus
746 1355 894 1394 affirmat,
927 1359 1155 1397 praetereaque

195 1419 371 1451 Auctorem
395 1418 434 1449 ad
458 1417 658 1449 Herennium
681 1416 735 1459 (4,
768 1415 843 1459 12),
869 1414 1062 1457 Dionysium
1088 1415 1155 1445 Ha-

194 1483 471 1522 licarnassensem,
498 1481 553 1524 qui
575 1480 768 1522 singularem
786 1479 931 1510 libellum
948 1479 1006 1510 hac
1030 1478 1069 1509 de
1091 1477 1154 1508 dis-

194 1546 312 1590 ciplina
337 1545 478 1589 scripsit,
513 1544 769 1587 Quinctilianum
792 1543 846 1587 (9,
874 1542 928 1585 4),
956 1542 1156 1585 Curiumque

194 1609 460 1642 Fortunatianum
488 1608 536 1652 (p.
559 1609 618 1641 75.
644 1608 690 1638 74
713 1605 819 1648 Pith.)
848 1605 939 1646 eujus
962 1605 1031 1648 ipsa
1057 1605 1154 1636 verba

194 1670 401 1715 comparandi
425 1681 521 1702 causa
543 1668 680 1710 subjeci:
709 1667 760 1698 »in
778 1671 936 1697 structura
955 1666 1154 1697 observanda

195 1737 286 1771 sunt,
328 1737 364 1762 ut
396 1730 595 1774 frequentior
628 1729 668 1759 sit
713 1728 866 1767 rotunda,
902 1739 942 1759 ne
972 1727 1079 1759 hiulca
1112 1727 1154 1759 sit

197 1792 354 1824 vocalium
379 1797 411 1822 et
432 1791 568 1822 maxime
595 1790 762 1830 longarum
789 1790 900 1821 crebra
927 1789 1153 1830 concursione,

196 1868 237 1888 nc
263 1867 374 1899 aspera
400 1854 533 1885 duarum
555 1853 798 1886 consonantium
825 1853 993 1892 conflictu,
1021 1864 1060 1884 ne
1086 1864 1153 1883 mo-

196 1919 364 1962 nosyllaba
398 1930 460 1949 una
489 1918 581 1961 plura
608 1917 801 1959 jungantur,
836 1928 877 1947 ne
915 1916 1024 1948 brevia
1054 1916 1153 1947 multa

197 1982 438 2022 continuentur,
471 1993 511 2012 nc
537 1981 634 2022 longa
668 1980 785 2020 multa,
824 1991 865 2011 ne
894 1979 1005 2011 ultima
1031 1980 1154 2022 syllaba

197 2044 313 2089 prioriS
338 2043 427 2076 verbi
449 2042 557 2074 eadem
584 2042 624 2073 sit
652 2054 732 2086 quae
756 2041 856 2086 prima
878 2041 1082 2085 posterioris,
1113 2053 1154 2073 ne

197 2106 299 2151 prima
325 2110 358 2136 et
382 2103 491 2135 ultima
520 2103 655 2135 efficiant
686 2103 952 2143 obscoenitatem,
979 2115 1020 2134 ne
1045 2103 1154 2134 multis

198 2169 335 2202 exilibus
353 2167 460 2200 verbis
479 2172 532 2198 aut
555 2167 685 2209 syllabis
705 2167 802 2197 vastis
819 2167 1016 2198 deformetur
1035 2167 1154 2207 orati03

198 2245 240 2266 nc
260 2232 370 2276 plures
395 2230 524 2273 genitivi
546 2229 677 2273 pluralis
697 2230 891 2271 jungantur«
917 2237 978 2262 cet.

273 2291 399 2337 frenos]
425 2293 503 2323 Tam
524 2291 635 2334 frenos
654 2303 746 2334 quam
764 2291 860 2333 frena
881 2292 944 2323 diei
976 2296 1086 2323 notum
1106 2296 1156 2323 est

199 2357 314 2400 (Voss.
333 2356 511 2388 Aristareli.
537 2356 575 2394 -1,
602 2354 670 2393 4⁶2,
697 2354 759 2398 Op.
780 2355 827 2394 Π,
853 2368 883 2398 p.
906 2357 988 2395 1873
1014 2355 1053 2386 de
1072 2355 1156 2387 vitiis

200 2431 295 2452 serm.
319 2421 357 2460 1,
386 2420 450 2459 153
481 2417 608 2462 p.21),
635 2418 692 2449 sed
723 2418 820 2448 mirus
851 2420 911 2450 hoe
941 2423 1052 2450 nostro
1083 2419 1155 2450 loco

200 2483 289 2515 vocis
319 2494 415 2522 usus,
447 2494 541 2525 quam
569 2486 673 2512 tamen
699 2493 795 2524 quum
824 2481 903 2512 infra
928 2481 974 2525 (ἓ.
993 2482 1084 2526 518)
1107 2493 1157 2514 re-

201 2550 304 2589 petat,
335 2543 497 2586 colligitur
514 2542 626 2586 frenos
643 2542 778 2583 intelligi
801 2542 1022 2586 impedimenta
1046 2556 1086 2576 ex
1110 2556 1159 2576 as-

201 2608 409 2652 perrimarum
444 2607 606 2638 literarum
646 2605 813 2638 collisione
847 2606 998 2648 oriunda,
1042 2607 1158 2651 quibus

1587 606 1862 648 Metacismus
1894 615 1954 647 est
1961 638 1973 658 ‚
2013 618 2152 661 quum

1204 788 1357 820 orationis
1378 800 1506 828 cursus,
1535 794 1571 819 ut
1593 800 1748 832 equorum
1768 788 1883 828 frenis,
1904 786 2091 818 inhibeatur
2114 790 2159 816 at—

1205 865 1267 896 quc
1293 852 1479 883 retardetur.

1281 917 1316 946 in
1341 913 1465 959 odium]
1493 914 1559 945 Pro
1587 916 1622 945 z'n
1648 915 1754 945 odium
1778 916 1812 946 in
1834 916 1983 958 peritiam
2005 913 2040 944 in
2066 911 2160 944 editis

1204 976 1276 1018 lege
1304 988 1344 1007 ex
1365 975 1508 1018 vestigiis
1528 975 1601 1008 MS.
1621 977 1656 1006 in
1679 977 1786 1007 odium
1806 977 1992 1019 repetitam,
2021 975 2084 1006 hoc
2112 978 2161 1005 est

1207 1040 1246 1070 ad
1268 1051 1419 1070 nauscam
1440 1051 1541 1082 usque
1565 1039 1718 1070 iteratam.
1735 1038 1840 1070 Gnor.
1855 1057 1902 1061 -—
1927 1039 1976 1070 Ita
2001 1042 2033 1069 et
2052 1037 2085 1068 iu
2107 1048 2158 1068 co-

1206 1100 1330 1131 dicibus
1353 1101 1432 1130 meis
1453 1099 1727 1139 Reiclienauensi,
1750 1099 2013 1138 Darnis-tamensi,
2042 1103 2074 1129 et
2089 1098 2159 1130 Μο-

1206 1160 1337 1193 naeensi
1353 1161 1408 1204 (C)
1433 1161 1584 1204 scriptum
1605 1166 1670 1201 est,
1699 1161 1784 1191 unde
1806 1173 1961 1204 reponere
1983 1172 2049 1191 non
2069 1159 2159 1190 dubi-

1206 1224 1279 1257 tavi.
1306 1224 1474 1268 Exempla,
1499 1236 1580 1267 quae
1606 1229 1795 1268 sequuntur,
1817 1223 1947 1265 Virgilii
1968 1228 2043 1254 sunt
2061 1222 2156 1266 (Aen.

1205 1290 1246 1328 5,
1277 1287 1378 1329 185);

1263 1347 1357 1379 »Sola
1381 1348 1460 1378 mihi
1481 1348 1561 1379 tales·
1585 1358 1679 1380 casus
1702 1346 1886 1379 Cassandra
1902 1346 2053 1379 canebat«

1207 1414 1239 1440 ct
1264 1410 1315 1454 (5,
1351 1410 1453 1453 SGG):

1265 1475 1369 1505 »Tum
1392 1486 1493 1505 rauca
1513 1474 1643 1505 assiduo
1667 1475 1759 1518 lonqe
1779 1474 1845 1505 sale
1868 1485 1945 1506 saxa
1969 1473 2161 1512 sonabant«,

1206 1537 1292 1569 unde
1329 1543 1461 1581 apparet
1494 1538 1577 1569 male
1609 1539 1677 1569 salo
1703 1550 1761 1581 pro
1790 1539 1857 1569 sale
1892 1537 1956 1578 legi
1989 1537 2023 1568 in
2051 1537 2161 1569 codice

1205 1601 1393 1633 Monacensi
1416 1600 1488 1644 (C),
1514 1601 1589 1632 licet
1614 1600 1698 1631 haud
1720 1600 1849 1632 indocte
1868 1600 2017 1631 librarius
2040 1599 2161 1631 errarit.

1206 1663 1360 1695 Ceterum
1389 1664 1717 1704 animadvertendum,
1743 1665 1823 1696 haec
1850 1663 1940 1707 ipsa,
1971 1675 2053 1707 quae
2075 1675 2161 1695 nune

1204 1727 1381 1759 Martianus
1406 1727 1625 1771 reprehendit,
1657 1728 1695 1758 ab
1720 1727 1951 1770 antiquioribus
1972 1726 2077 1770 poetis
2100 1727 2162 1758 La·

1205 1790 1281 1822 tinis
1304 1803 1399 1834 quam
1429 1790 1564 1822 maxime
1594 1790 1753 1823 celebrata
1787 1791 1994 1833 studioseque
2018 1790 2162 1834 quaesita

1205 1865 1290 1894 esse,
1312 1859 1347 1884 ut
1366 1854 1458 1886 docte
1475 1854 1704 1885 demonstravit
1716 1853 1857 1885 Naeltius
1879 1854 1931 1897 (de
1950 1853 2161 1885 alliteratione

1205 1915 1361 1946 sermonis
1381 1915 1506 1955 Latini,
1539 1915 1572 1946 in
1598 1915 1766 1946 Niebuhrii
1794 1915 1910 1948 Museo
1940 1916 2099 1947 Rhenano
2123 1915 2160 1946 T.

1203 1979 1269 2019 111,
1295 1992 1325 2023 p.
1343 1979 1585 2022 524—418);
1613 1980 1696 2010 unde
1721 1985 1753 2010 et
1778 1978 1911 2011 Servius
1938 1979 1992 2023 (ad
2019 1977 2103 2010 Aen.
2124 1978 2159 2016 5,

1208 2042 1309 2086 185):
1337 2044 1436 2075 »haee
1465 2043 1655 2087 compositio
1672 2042 1741 2084 jam
1763 2042 1879 2075 vitiosa
1903 2047 1971 2081 est,
1994 2052 2075 2085 quae
2095 2051 2159 2071 ma-

1200 2104 1326 2147 joribus
1352 2104 1498 2147 placuit.«

1279 2164 1495 2210 metacismus]
1510 2165 1636 2196 Isidoro
1651 2165 1850 2196 motacismos
1865 2162 2044 2205 depravate.
2054 2161 2160 2195 Gnor.

1208 2247 1255 2252 -—
1287 2228 1355 2260 Sed
1388 2228 1538 2260 Diomedi
1569 2229 1631 2259 hoc
1656 2227 1767 2258 vitium
1801 2231 1850 2257 est
1872 2225 2159 2269 pronunciationis,

1207 2303 1278 2323 cum
1294 2292 1330 2324 Μ
1346 2292 1523 2335 profertur,
1546 2290 1601 2322 ubi
1625 2290 1720 2320 debet
1744 2288 1921 2320 absorberi:
1947 2294 1983 2320 ut
2003 2289 2031 2320 si
2048 2301 2159 2321 vocem

1207 2353 1333 2385 claudat
1365 2358 1397 2383 et
1414 2363 1552 2396 sequens
1570 2350 1667 2382 dictio
1688 2350 1817 2394 incipiat
1837 2362 1854 2381 a
1874 2350 1987 2384 vocali.
2015 2350 2160 2395 Uterque

1207 2421 1312 2449 autem
1337 2416 1559 2457 grammaticus
1582 2414 1772 2458 (Martianus
1798 2419 1830 2444 et
1852 2413 2039 2457 Diomedes)
2063 2414 2159 2446 corri-

1210 2480 1317 2523 gendi,
1340 2492 1438 2523 quum
1454 2479 1537 2523 apud
1558 2489 1615 2510 eos
1627 2478 1724 2520 vulgo
1741 2479 1944 2509 metacismus
1960 2477 2086 2519 legatur
2100 2488 2158 2521 pro

1209 2545 1431 2588 mytacismus,
1469 2542 1543 2586 quia
1570 2547 1619 2574 est
1648 2554 1664 2573 a
1689 2539 1751 2585 μῦ.
1793 2541 1938 2573 Meminit
1960 2546 1992 2572 et
2013 2540 2156 2572 Isidorus

1208 2608 1262 2641 lib.
1284 2609 1300 2641 1
1323 2607 1400 2650 orig.
1420 2619 1447 2640 c.
1470 2607 1513 2639 51
1540 2605 1594 2650 (1,
1617 2606 1683 2646 52,
1710 2604 1756 2649 ὅ),
1786 2604 1841 2635 ubi
1865 2604 1974 2635 itidem
2000 2603 2033 2634 in
2055 2602 2156 2636 MSS.
