2310 2860
142 196 235 239 594

717 190 917 234 Martiani
949 188 1149 246 Capellae
1179 186 1250 230 lib.
1273 186 1329 231 V.
1358 187 1512 241 §.452

137 317 235 343 cum
268 300 431 356 superis
465 299 744 354 imperantes
770 299 976 352 Accingar
1012 296 1136 351 igitur
1167 295 1274 336 haec
1305 294 1488 336 aridiora
1520 309 1793 350 percurrere,
1823 298 1963 340 minus
1995 298 2097 355 qui-

135 384 256 432 dem,
298 396 429 436 quam
461 380 689 436 publicitus
724 380 860 430 soleo,
906 379 1135 435 placitura3

1195 391 1464 432 quamquam
1503 377 1537 417 si
1575 377 1766 418 Pallados
1807 392 1931 418 aures
1972 388 2097 433 atque

137 463 387 505 Arcadicani
415 462 621 503 rationem
647 460 880 501 benevolae
913 458 1139 512 majestatis
1167 457 1425 514 participarit
1460 458 1662 509 assensio,
1693 474 1745 499 ne
1775 472 1890 499 nunc
1922 457 2095 512 quidem

140 634 294 672 artem,
345 623 547 663 virtutem
588 622 656 662 alii
693 622 860 672 dixere,
912 621 981 662 alii
1019 619 1296 676 disciplinam.

137 719 257 755 θεον,
302 703 398 743 licet
432 703 549 743 Plato
581 703 682 743 huic
714 703 924 744 vocabulo
955 702 1204 756 refragetur.

136 785 243 824 bene
277 782 444 824 dicendi
480 783 696 823 scientiam
736 783 870 823 inesse
913 788 1226 836 compererunt.

17 546 107 590 458
142 542 254 598 apud
286 557 382 592 VOS,
425 541 601 581 maximi
633 540 818 591 coelites,
857 539 1100 594 displicebo.
1138 539 1311 595 Quippe
1342 553 1437 580 sum
1470 539 1560 595 ipsa
1591 539 1838 591 Rhetorica,
1870 554 2000 594 quam
2032 539 2098 580 alii

1358 620 1507 661 Artem
1539 634 1642 661 vero
1673 619 1850 670 idcirco,
1892 620 1992 674 quia
2021 619 2098 660 do-

1263 702 1475 743 Virtutcm
1513 712 1655 743 autem
1688 701 1854 752 dicunt,
1886 701 1962 756 qui
1994 700 2097 741 mihi

1287 780 1374 829 Qui
1405 780 1532 821 edisci
1563 796 1666 823 vero
1698 781 1863 822 dicendi
1901 781 2093 822 intimam

135 864 342 905 rationem
376 872 414 904 et
445 863 605 919 percipi
636 877 756 919 posse
786 877 872 904 non
901 862 1113 914 nesciunt,
1151 860 1330 904 fidenter
1360 877 1430 903 me
1462 873 1655 904 asserunt
1688 863 1968 918 disciplinam.

134 996 271 1028 Vonckii
303 997 484 1038 conjectura
508 998 634 1041 jrcyitet·
661 1009 719 1041 pro
748 999 847 1041 igitur
875 996 981 1041 (spec.
1021 997 1089 1029 crit.

132 1073 163 1103 p.
179 1060 250 1102 85).
270 1061 417 1092 Primora
432 1066 536 1092 autem
552 1061 674 1092 servaxi
690 1067 723 1092 ut
736 1061 922 1102 eleganti115‚
944 1061 1089 1102 neglecta

131 1122 267 1155 lecfionc
283 1125 470 1166 primordia,
491 1137 585 1168 qnam
605 1124 738 1156 Grotius
757 1124 788 1155 in
804 1124 943 1165 margine
967 1124 1086 1167 posuit.

204 1184 363 1229 assensio]
397 1186 526 1216 Relinxi
552 1185 657 1217 locum
688 1185 727 1216 ad
759 1185 876 1217 codicis
911 1185 1087 1215 Darmstat-

130 1247 229 1279 tensis
271 1249 506 1289 auctoritatem,
548 1249 638 1290 cujus
676 1255 781 1280 tamen
822 1248 992 1279 lectionem
1018 1249 1086 1290 jam

130 1307 265 1340 Grotius
302 1310 485 1351 conjectura
517 1317 682 1342 assecutus
720 1315 802 1350 erat,
842 1310 917 1341 licet
950 1310 983 1341 iu
1014 1310 1084 1353 ipso

129 1374 218 1400 textu
244 1370 295 1402 vel
321 1371 575 1403 antecedentium
605 1371 779 1403 editionum
814 1372 1001 1414 scripturam
1029 1383 1083 1402 ne-

128 1432 280 1473 gligentia
303 1434 541 1476 deprarareriss
569 1435 711 1465 ediderat
731 1435 813 1465 enim
831 1435 1007 1466 Arcadiam
1032 1447 1084 1465 ra-

127 1495 211 1525 tione
235 1500 267 1525 et
291 1497 525 1533 assensionem,
556 1508 652 1538 quum
678 1496 852 1527 anteriores
877 1502 962 1528 certe
985 1499 1082 1528 ratio-

125 1570 197 1590 nem
221 1564 252 1590 et
274 1562 460 1591 assensione
484 1560 647 1591 haberent.
679 1562 873 1592 Arcadicum
900 1566 1004 1592 autem
1030 1574 1081 1592 να-

125 1623 243 1653 tionem
263 1622 458 1654 Mercurium
482 1635 570 1664 esse,
595 1623 650 1666 qui
672 1623 740 1666 ipse
764 1620 882 1667 λόγος
899 1629 930 1654 et
944 1620 1081 1669 Ἑρμῆς

127 1680 256 1728 λόγιος
280 1686 514 1728 appellabatur,
540 1697 668 1716 monere
696 1686 748 1717 vix
775 1697 855 1729 opus
884 1692 943 1717 est.

200 1760 296 1794 quam
320 1747 392 1792 alii]
428 1749 542 1780 Utrum
570 1761 620 1779 ars
651 1749 691 1779 sit
722 1761 763 1780 an
788 1761 853 1780 non
881 1749 1038 1781 rhetorica
1064 1762 1081 1782 a

125 1807 230 1838 multis
259 1809 437 1852 quaesitum
468 1822 539 1841 esse
572 1815 604 1841 et
634 1822 651 1841 e
680 1810 836 1842 Cicerone
863 1811 921 1853 (dc
949 1816 1027 1842 orat.
1048 1812 1081 1851 1,

125 1871 180 1901 19.
206 1871 243 1909 2,
272 1872 305 1913 7)
333 1878 365 1903 ct
394 1885 411 1904 c
444 1873 664 1915 Quinctiliano
690 1874 742 1916 (2,
771 1873 829 1916 13)
856 1879 996 1914 constat,
1026 1873 1081 1917 qui

122 1931 164 1973 (p.
180 1932 252 1962 542
265 1931 410 1975 Spald.):
427 1934 585 1976 nquidani,
604 1934 719 1977 inquit,
736 1935 915 1966 rhetoricen
934 1937 994 1965 vim
1012 1941 1079 1966 tan-

121 1998 202 2031 tum,
231 1992 359 2035 quidam
377 1996 561 2033 scientiam,
587 1995 643 2025 sed
667 2007 732 2026 non
760 1998 929 2034 virtutem,
951 1996 1080 2039 quidam

119 2064 234 2091 usum,
269 2053 397 2096 quidam
427 2061 527 2085 artem
561 2056 704 2098 quidem,
740 2057 798 2088 scd
834 2069 851 2088 a
884 2060 1018 2089 seientia
1049 2062 1081 2089 et

118 2118 239 2147 virtute
267 2115 454 2158 dijunctam,
483 2118 609 2160 quidam
639 2120 733 2150 ctiam
757 2122 950 2163 pravilalem
979 2133 1078 2164 quan-

119 2179 192 2210 dam
223 2179 315 2220 artis,
356 2180 387 2211 id
421 2186 470 2211 est
500 2182 763 2226 κακοτεχνίαν
796 2184 1077 2225 nominaverunt«3

119 2240 268 2271 subtilius
301 2252 378 2272 sane
403 2253 498 2284 quam
524 2247 648 2281 noster,
677 2245 760 2286 apud
788 2257 881 2288 quem
910 2258 975 2277 non
1000 2246 1077 2277 satis

119 2305 266 2343 apparet,
302 2302 379 2343 quid
407 2302 489 2332 inter
520 2308 620 2333 artem
649 2308 680 2333 et
707 2305 906 2348 disciplinam
933 2307 1073 2347 intersit,

119 2362 182 2394 nisi
199 2363 279 2394 hane
297 2360 513 2409 ἑπιότήμην
531 2364 744 2406 Graecorum,
769 2368 801 2398 id
824 2375 873 2400 est
894 2372 1074 2409 scientiam,

119 2426 206 2458 illam
233 2423 386 2470 τέχνην
418 2438 490 2457 esse
523 2427 633 2460 voluit.
670 2429 761 2461 Haec
791 2431 874 2463 enim
906 2434 1076 2476 posteriori

120 2494 221 2521 aetate
245 2489 327 2520 inter
347 2501 381 2520 sc
401 2490 550 2521 distincta
566 2502 653 2531 csse,
680 2499 810 2534 apparet
831 2506 847 2524 e
875 2494 976 2527 Sexto
998 2497 1073 2528 Em-

120 2551 220 2595 pirico
240 2552 321 2593 (adv.
340 2553 489 2584 Mathoni.
510 2554 549 2594 2,
578 2554 631 2595 (ἢκ
650 2551 780 2593 ἄλλως
801 2554 872 2598 μὲν
892 2555 1074 2606 ’Ξενοκρά-

121 2625 216 2652 τους
242 2610 314 2659 τῆν
349 2611 564 2659 ἐπιστήμην
603 2613 871 2658 λιεμζ)(ἶιό)’τος
906 2615 964 2650 καὶ
1009 2614 1072 2663 (ἔρ-

1141 994 1272 1042 χαϊκῷ
1296 992 1403 1042 νόμῳ
1424 993 1510 1030 ἀντὶ
1531 995 1603 1041 τῆς
1625 994 1786 1042 τέχνης,
1806 994 1937 1035 ἄλλως
1955 993 1996 1030 δὲ
2015 994 2096 1029 τῶν

1142 1057 1331 1093 Στωϊκῶν
1354 1059 1395 1093 ἐν
1421 1056 1531 1106 σόφῳ
1552 1056 1657 1105 μόνῳ
1686 1058 1900 1106 φυομένην.
1943 1059 2094 1091 Ceterum

1140 1125 1211 1151 ante
1243 1120 1479 1163 »disciplinamu
1517 1132 1534 1151 e
1568 1120 1677 1152 codice
1716 1120 1904 1153 Monacensi
1937 1119 2003 1163 (C)
2035 1132 2092 1164 pro

1140 1180 1296 1212 Grotiano
1321 1181 1416 1212 alteri
1440 1181 1552 1224 scripsi
1578 1182 1644 1215 alii.

1210 1242 1323 1288 Plato]
1351 1244 1507 1274 Nimirum
1525 1244 1558 1274 in
1577 1244 1698 1285 Gorgia
1716 1244 1761 1287 (p.
1776 1244 1850 1275 465
1875 1242 2013 1286 Steph.)‚
2039 1243 2093 1274 ubi

1137 1306 1215 1337 haee
1235 1307 1385 1348 legimus:
1411 1305 1640 1352 »τέχῦηνῆὲ
1664 1303 1790 1352 αὐτὴν
1811 1303 1860 1340 οὗ
1881 1318 1980 1353 φημι
1996 1301 2094 1339 εἶναι

1137 1364 1220 1402 ἀλλ’
1238 1368 1449 1414 ἐμπειρίαν,
1478 1366 1537 1403 ὅτι,
1560 1366 1631 1403 οὐκ
1648 1370 1734 1413 ἔχει,
1753 1365 1874 1414 λόγον
1894 1365 2092 1403 oedem-

1137 1427 1213 1474 ἐγώ
1251 1429 1292 1464 δὲ
1324 1428 1476 1475 τέχνην
1505 1427 1552 1464 οὐ
1589 1429 1713 1473 καλῶ,
1752 1426 1773 1464 ὃ
1807 1426 1857 1464 ἂν
1892 1423 1913 1475 ᾗ
1947 1428 2092 1474 ἄλογον

1135 1492 1330 1539 .·ῑ“ριῖ’)’,1.ιαα,
1363 1506 1458 1537 quem
1486 1494 1600 1525 deinde
1624 1494 1730 1525 locum
1757 1493 1901 1525 certatim
1926 1505 2090 1536 expresse-

1134 1560 1208 1584 runt
1235 1554 1473 1596 Quinctilianus
1492 1555 1545 1598 (2,
1578 1557 1638 1595 15,
1667 1555 1744 1597 25),
1771 1554 1954 1598 Appulcjus
1973 1554 2089 1597 (dogm.

1137 1615 1220 1645 l‘lat.
1248 1628 1278 1658 p.
1300 1617 1369 1647 251
1392 1616 1566 1658 ΟιιιΙοη(1.),
1591 1616 1660 1656 alii3
1692 1616 1801 1648 confer
1827 1622 1858 1647 et
1883 1615 2013 1646 Astium
2036 1616 2088 1659 (ad

1133 1677 1217 1710 Plat.
1241 1678 1380 1710 Pliaedr.
1410 1692 1441 1722 p.
1455 1680 1553 1721 550).

1206 1738 1370 1784 virtutem]
1392 1739 1449 1771 Sic
1469 1740 1607 1771 Crassus
1624 1739 1708 1783 apud
1729 1739 1919 1772 Ciceronem
1936 1739 1989 1783 (de
2010 1745 2087 1771 orat.

1132 1801 1171 1840 5,
1198 1801 1272 1843 14):
1297 1807 1365 1833 »est
1389 1802 1471 1833 enim
1491 1803 1674 1845 eloquentia
1694 1815 1756 1834 una
1773 1803 1929 1846 quaedam
1947 1802 1986 1833 de
2004 1813 2086 1832 sum-

1132 1863 1192 1894 mis
1217 1865 1408 1904 vz‘rlutt'bns3
1435 1878 1627 1908 quamquam
1650 1871 1723 1896 sunt
1747 1877 1857 1897 omncs
1879 1865 2013 1897 virtutes
2038 1877 2087 1896 ac-

1133 1927 1244 1969 quales
1271 1932 1302 1957 et
1325 1939 1437 1970 pares,
1465 1929 1521 1959 sed
1549 1934 1654 1959 tamen
1678 1934 1727 1959 est
1756 1929 1879 1972 species
1902 1928 1964 1959 alia
1987 1928 2087 1970 magis

1133 1989 1193 2020 alia
1214 1990 1354 2020 formosa
1372 1996 1404 2021 et
1422 1990 1574 2031 illustri53
1604 1991 1685 2022 sicut
1699 1993 1777 2023 hacc
1793 1994 1855 2030 vis,
1881 2002 1962 2034 quae
1984 1990 2085 2023 seien-

1131 2053 1207 2084 tiam
1239 2053 1404 2096 complexa
1423 2065 1529 2085 rerum
1554 2066 1649 2086 sensa
1674 2054 1789 2086 mentis
1818 2059 1851 2085 ct
1879 2054 2011 2085 consilia
2038 2053 2084 2083 sic

1129 2114 1235 2145 verbis
1260 2114 1411 2157 explicat,
1440 2120 1474 2146 ut
1500 2127 1555 2146 eos
1584 2115 1640 2159 qui
1663 2116 1796 2147 audiunt
1821 2125 2012 2159 quocunque
2035 2113 2081 2144 in-

1130 2177 1279 2208 cubuerit
1300 2177 1403 2221 possit
1424 2178 1620 2222 impellerem

1203 2240 1281 2270 bene
1314 2238 1458 2283 dicendi]
1487 2240 1628 2280 Vulgata
1659 2240 1738 2269 hacc
1769 2242 1818 2268 est
1847 2249 1905 2281 per
1939 2243 2081 2269 veterum

1125 2302 1250 2332 scholas
1270 2301 1429 2341 definitio,
1455 2314 1536 2345 quae
1560 2301 1642 2344 apud
1663 2300 1916 2342 Quinctilianum
1939 2300 2080 2344 complu-

1125 2362 1213 2393 ribus
1244 2362 1324 2394 locis
1355 2367 1460 2393 exstat
1488 2362 1541 2405 (2,
1568 2362 1629 2400 13,
1661 2360 1718 2391 54.
1745 2361 1784 2400 5,
1810 2362 1871 2401 10,
1897 2361 1953 2392 54.
1978 2362 2018 2401 7,
2044 2362 2078 2401 5,

1129 2424 1197 2468 12).
1224 2425 1441 2466 Hermagorae
1469 2423 1577 2455 deberi
1602 2423 1728 2454 videtur
1754 2422 1943 2467 Spaldingio
1967 2424 2023 2468 (T.
2046 2424 2079 2465 Ῑ,

1126 2498 1156 2529 p.
1181 2485 1284 2528 561),
1322 2486 1378 2516 sed
1410 2490 1442 2517 et
1472 2484 1662 2516 Xenocratis
1694 2484 1792 2516 fuisse
1828 2490 1861 2516 et
1895 2484 2078 2517 Stoicorum

1125 2554 1233 2580 monet
1256 2547 1373 2580 ibidem
1401 2548 1503 2592 (conf.
1527 2548 1617 2582 Sext.
1642 2548 1735 2594 Emp.
1754 2548 1823 2582 adv·
1846 2548 1946 2584 Math.
1966 2549 2007 2588 2,
2034 2550 2075 2586 63

1125 2620 1155 2652 p.
1172 2609 1245 2640 289
1270 2609 1385 2651 Faba).
