2310 2860
806 232 1008 275 Martiani
1039 230 1240 288 Capellae
1269 230 1342 271 lib.
1366 229 1445 271 IX.
1476 231 1506 282 ᾗ.
1532 228 1634 270 919.

844 340 979 380 Pensa
1012 348 1084 380 aut
1114 338 1226 379 ferre
1255 351 1455 378 susurros

842 422 950 463 Illex
983 421 1182 462 carminis
1216 420 1345 475 ampli

845 504 1031 558 Aegram
1065 516 1170 542 cura
1200 501 1346 555 coegit.

843 583 1019 626 Temnit
1047 583 1178 624 noctis
1213 582 1448 636 honorem,

846 665 1037 707 Praefert
1069 674 1188 706 antra
1218 664 1410 717 subulci,

842 749 971 803 Rupe
1005 756 1045 788 et
1079 747 1188 789 dura
1220 748 1421 803 quiescit,

841 831 896 873 Et
926 840 1019 886 post
1049 844 1180 884 regna
1210 830 1391 870 tonantis

842 914 1038 954 Stramen
1070 912 1238 953 dulcius
1269 912 1405 954 herba
1437 921 1510 953 est.

125 1025 215 1069 920
244 1023 424 1068 Talibus
453 1023 717 1066 Harmoniae
762 1020 1023 1062 carminibus
1063 1020 1258 1060 oblectati
1297 1035 1445 1060 omnes
1478 1019 1774 1076 permulsique
1812 1019 1923 1071 divi,
1961 1034 2038 1060 nec
2071 1018 2209 1060 minor

120 1619 204 1663 921

242 1107 403 1163 quippe
441 1120 498 1146 ex
536 1103 692 1145 fidibus
722 1102 908 1143 suavitas
950 1116 1084 1157 quam
1125 1103 1240 1143 vocis
1281 1101 1576 1143 modulamine
1607 1102 1859 1154 resultabat3
1905 1102 2091 1157 denique
2123 1116 2209 1157 qua

240 1188 450 1230 industria
471 1194 769 1241 comparatum
798 1183 1012 1237 quibusve
1037 1180 1355 1236 assequendum
1387 1182 1753 1237 ediscendumque
1779 1182 1930 1237 opibus
1963 1181 2077 1236 vigili
2106 1195 2210 1222 cura

242 1270 530 1326 repromittat,
576 1277 624 1308 ut
661 1267 704 1307 in
750 1275 836 1306 tam
878 1264 1048 1305 dulcem
1091 1262 1440 1317 eblanditamquc
1471 1263 1694 1303 mollitiem
1735 1263 1883 1303 intima
1914 1263 2122 1303 mentium
2159 1262 2211 1303 Ii-

243 1360 418 1406 quescat
449 1348 635 1398 affectio,
665 1347 770 1388 Jove
804 1345 1040 1386 admirante
1063 1345 1329 1398 disquiritur.
1390 1344 1451 1384 Ac
1482 1352 1584 1383 tune
1620 1343 1761 1397 virgo,
1794 1356 1932 1397 quum
1962 1342 2058 1382 artis
2086 1355 2211 1397 prae-

245 1440 364 1486 cepta
390 1445 413 1470 a
438 1444 481 1469 se
506 1427 646 1484 expeti
671 1425 982 1467 examinandae
1010 1424 1255 1466 cruditionis
1280 1423 1509 1464 intentione
1534 1423 1811 1478 conspiceret,
1845 1422 2024 1478 paulum
2050 1422 2211 1463 melicis

240 1522 505 1568 temperans,
547 1509 797 1550 exhortante
830 1523 1007 1564 quoque
1043 1507 1162 1548 Delio
1196 1506 1477 1561 Palladcque,
1519 1506 1578 1546 sic
1609 1506 1766 1561 coepit:

408 1617 502 1658 Jam
529 1615 695 1672 pridem
729 1614 905 1670 quidem
941 1630 1068 1655 exosa
1097 1614 1327 1670 terrigenas
1360 1623 1400 1654 et
1430 1612 1643 1654 fastidiosa
1669 1613 1918 1654 mortalium
1953 1613 2058 1654 coeli
2090 1613 2213 1654 orbes

240 1699 450 1741 stellantes
490 1697 672 1748 incutio,
725 1698 769 1736 in
813 1695 971 1749 quibus
1017 1694 1115 1736 artis
1160 1703 1386 1750 praecepta
1430 1693 1680 1736 edissertam
1726 1695 2016 1751 prohibitum,
2072 1709 2210 1750 quum

243 1852 557 1886 rabat.VULCAN.—
583 1850 686 1883 Immo
708 1850 910 1882 referendum
933 1861 1005 1882 esse
1032 1849 1073 1881 ad
1102 1851 1204 1893 coegit

241 1915 294 1947 vix
322 1920 371 1946 est
396 1914 482 1958 quod
503 1925 660 1945 moneam.

318 1975 470 2021 aeqram]
508 1975 564 2008 Sic
588 1975 715 2008 codices
744 1975 1028 2015 Damustattcnsis,
1064 1975 1202 2006 Reiehc-

241 2039 404 2079 nauensis,
429 2044 460 2070 et
480 2037 686 2071 Monacensis
705 2036 779 2081 (C);
808 2037 942 2069 Grotius
968 2037 1052 2069 euim
1070 2050 1203 2081 «cyrum

241 2104 393 2137 ediderat.
421 2103 530 2146 Aeyei·
544 2114 651 2133 amore
668 2101 784 2143 legitur
800 2102 885 2145 apud
898 2101 1025 2133 Livium
1039 2102 1111 2146 (50,
1134 2103 1149 2133 1
1161 2102 1204 2145 l).

318 2164 484 2210 honorem]
502 2166 669 2197 Hactenus
688 2166 851 2197 horrorem
866 2166 996 2200 editum.
1023 2164 1220 2198 Emendavi·

240 2232 411 2270 honorem,
441 2230 482 2261 ob
506 2241 634 2262 versum
658 2234 690 2262 et
713 2230 754 2262 oh
777 2230 978 2262 sententiam.
1004 2230 1087 2262 Nam
1105 2242 1203 2276 supra

242 2294 281 2326 de
302 2293 397 2325 Luna
423 2292 521 2324 dixit:

300 2356 372 2390 »Sic
398 2361 455 2388 tua
475 2356 579 2387 noctis
599 2355 728 2387 honos-‚u

244 2418 408 2452 Gn0†.—
441 2418 566 2449 Eadem
588 2417 768 2449 Vulcanius
793 2417 861 2459 jam
894 2424 1076 2460 monuerat,
1107 2430 1202 2463 quem

243 2479 372 2512 silentio
389 2479 562 2524 praeterire
578 2490 644 2511 non
654 2478 800 2511 debebat.
817 2480 1023 2513 Monacensis
1039 2481 1094 2525 (C)
1108 2481 1202 2513 etiam

244 2545 346 2576 codex
369 2544 466 2575 habet
491 2544 653 2576 honorem.

315 2620 396 2651 rupe
411 2613 442 2639 et
462 2606 556 2653 dura]
585 2609 683 2641 Forte
703 2619 761 2654 per
786 2619 898 2641 vocum
920 2605 1131 2653 μετάθεόιν
1151 2609 1203 2652 ju-

243 2671 365 2703 vandus
392 2683 519 2704 versus:

1310 1847 1425 1879 »Dm-a
1443 1852 1474 1880 et
1491 1859 1572 1892 rupe
1594 1850 1756 1896 quiescit«

1256 1924 1419 1957 Gn0T.—-
1445 1926 1586 1958 ”Latmia
1608 1938 1703 1959 saxa«
1726 1926 1836 1959 dicunt
1852 1925 1989 1959 Ovidius
2005 1927 2139 1973 (heroid.
2156 1929 2213 1968 18,

1255 1988 1316 2030 65)
1334 1994 1366 2019 et
1389 1988 1540 2020 Catullus
1564 1989 1642 2032 (GG,
1675 1989 1721 2033 5).

1325 2060 1437 2107 herba]
1464 2062 1539 2094 Hoc
1559 2075 1577 2095 e
1598 2063 1708 2095 codice
1724 2062 1982 2094 Reichcnauensi
1996 2068 2028 2095 et
2043 2068 2114 2095 ante
2130 2062 2212 2094 Gro-

1254 2125 1333 2156 tium
1361 2126 1454 2157 editis
1481 2127 1612 2170 reposui
1642 2138 1701 2170 pro
1732 2126 1890 2159 Gratiano
1922 2128 2048 2158 herbae.
2087 2126 2212 2159 Dianae

1254 2189 1338 2221 enini
1357 2190 1456 2221 herba
1479 2190 1605 2222 dulcius
1632 2196 1772 2222 stramen
1794 2196 1859 2231 est,
1888 2202 1982 2234 quain
2008 2189 2094 2234 quod
2119 2191 2213 2222 hahet

1253 2255 1287 2287 in
1309 2266 1409 2296 regno
1430 2254 1535 2286 «Iovis.

1329 2328 1495 2375 oblectati]
1528 2328 1643 2361 Codex
1669 2328 1877 2361 Monacensis
1904 2328 1971 2373 (C)
1999 2329 2087 2362 addit
2114 2335 2212 2370 sunt,

1254 2398 1287 2426 et
1312 2391 1579 2424 Darmstattensis
1612 2390 1729 2423 omittit
1755 2392 1841 2434 quod
1873 2392 1906 2423 in
1941 2386 2036 2424 eilitis
2068 2382 2237 2437 sequitui-⁷

1254 2466 1382 2495 omnes,-
1410 2454 1467 2485 sed
1490 2453 1634 2485 mutandi
1658 2466 1786 2486 causam
1812 2465 1878 2485 non
1903 2454 1978 2485 vidi.

1327 2529 1420 2573 viyz'li
1435 2526 1527 2573 cura]
1555 2527 1639 2567 Alii,
1664 2527 1779 2560 Grotio
1799 2532 1880 2560 teste
1896 2527 1930 2559 in
1946 2527 2098 2570 margine,
2116 2528 2212 2573 vigil,-

1258 2593 1315 2627 sed
1337 2599 1480 2639 praestat
1500 2593 1708 2625 Harmoniam
1732 2604 1791 2638 pro
1814 2592 1960 2635 subjecto
1984 2592 2138 2638 accipere.

1328 2669 1534 2717 edisse-reare]
1566 2671 1722 2705 Grotiana
1746 2683 1870 2714 margo:
1897 2671 1958 2705 nul.
1979 2671 2180 2704 dissertas-em
