2310 2860
692 131 893 176 Martiani
923 131 1125 190 Capellae
1163 131 1233 175 lib.
1252 130 1327 176 lv.
1363 134 1395 185 §.
1416 131 1515 177 557.

1986 134 2078 178 555

117 256 241 286 aures
274 249 442 285 vestrae
469 240 736 300 probavere,
766 240 1130 292 Grammaticam,
1168 253 1312 296 neque
1341 239 1519 281 alteram
1554 240 1684 296 opimi
1713 242 1796 283 oris
1826 242 2072 298 praecluem

115 323 335 376 facultate,
379 323 450 367 vel
479 323 598 366 illam
628 323 873 366 formarum
908 321 1078 365 diversa
1118 321 1237 364 radio
1269 337 1316 365 ae
1346 322 1528 379 pulvere
1557 322 1800 376 limantem,
1839 325 1929 366 sine
1968 325 2074 366 meis

116 421 237 464 posse
272 407 507 449 rationibus
544 406 748 463 explicari
787 405 882 461 quis
920 403 1112 445 dubitet?
1164 404 1337 459 Quippe
1373 403 1416 444 in
1445 402 1603 445 ditione
1638 418 1735 446 mea
1763 405 1946 461 jureque
1977 420 2076 446 con-

113 487 264 529 sistunt
300 502 375 530 sex
412 502 613 540 normae,
666 486 765 543 quis
811 494 1003 526 constant
1046 494 1208 526 ceterae
1250 484 1508 541 disciplinae.

1580 485 1694 527 Nam
1739 485 1878 542 prima
1919 495 1979 527 est
2022 486 2076 527 de

114 566 354 624 loquend03
412 567 601 610 secunda
637 566 690 608 de
721 563 984 621 eloquent103
1041 566 1161 607 tertia
1202 565 1254 608 de
1291 565 1610 622 proloquend03
1658 575 1810 621 quarta
1849 566 1903 608 de
1932 567 2077 632 prolo-

115 649 321 705 quiorum
347 665 544 704 summa3
584 649 733 706 quinta
752 647 804 689 de
826 646 1080 702 judicando,
1112 661 1224 702 quac
1249 647 1427 703 pertinet
1451 646 1503 688 ad
1525 646 1826 701 judicationem
1850 652 2076 703 poetarum

113 740 155 773 et
183 732 449 786 carminum3
485 740 603 774 sexta
633 744 746 786 quae
768 727 948 772 dicenda
977 728 1219 770 rhetoribus
1252 728 1523 770 commodata
1561 738 1631 770 cst.

114 823 235 872 parte
265 815 509 871 quaeritur,
544 812 651 870 quid
683 812 734 854 sit
764 825 919 868 genus,
962 809 1067 867 quid.
1097 809 1262 861 forma,
1299 809 1404 865 quid
1434 808 1694 861 differentia,
1731 809 1837 866 quid
1868 810 2075 860 accidens,

112 951 208 988 negat
223 945 430 979 Dialecticam
449 945 512 978 sibi
534 944 678 978 subsidio
696 956 786 987 esse,
813 950 909 990 atque
929 943 1069 978 Geome-

112 1010 172 1042 tria
202 1009 359 1055 quaedam
388 1010 450 1043 sihi
475 1022 547 1044 cum
576 1021 616 1043 ea
643 1009 825 1042 communia
854 1019 926 1041 csse
952 1008 1071 1040 fatetur

111 1071 155 1118 (§.
177 1072 278 1118 716).

183 1134 380 1182 praecluem]
394 1136 482 1179 Lege
493 1151 503 1166 n
510 1135 607 1181 opimi
624 1135 689 1168 oris
703 1134 887 1181 praecluem
899 1133 1065 1167 facultate«

111 1209 184 1232 eum
197 1198 341 1232 Mem-sio
361 1210 444 1231 meo.
466 1198 674 1231 RlietorIcam
692 1197 805 1229 innuit.
814 1196 977 1230 Gno'r.—
992 1195 1068 1228 Om-

110 1261 188 1294 nino
224 1262 270 1293 ita
301 1261 524 1304 corrigendum
554 1267 638 1303 erat,
677 1260 765 1306 quod
801 1260 879 1294 editi
909 1260 1071 1292 habebant

120 1323 302 1369 aopimioris
321 1324 386 1357 irae
407 1325 546 1364 eluem«,
573 1325 689 1368 cuique
702 1324 884 1357 Vulcanius
902 1323 1070 1356 ridiculam

111 1388 194 1420 lianc
219 1385 464 1431 explicationem
483 1385 710 1429 adscripscrat:
735 1385 959 1417 »Rhetoricam
977 1384 1069 1415 intel-

111 1450 197 1493 tigit,
224 1455 335 1495 utpote
361 1461 443 1494 quae
470 1461 596 1493 semper
617 1449 651 1480 in
674 1448 880 1481 contentione
902 1459 1070 1480 causarum

111 1518 267 1552 versatur,
294 1512 432 1556 ideoque
452 1511 482 1544 ei
504 1512 595 1543 hasta
613 1510 811 1554 appingitur,
839 1509 926 1554 quod
947 1509 980 1540 in
1005 1509 1069 1540 dis-

112 1576 291 1620 ceptatione
305 1575 475 1607 verborum
492 1579 648 1618 perpetuo
663 1572 803 1606 creditur
819 1574 925 1605 irasci.
933 1587 945 1601 «
976 1572 1071 1605 Licet

111 1640 196 1672 enim
217 1638 352 1672 Grotius
379 1650 445 1671 non
466 1637 583 1669 dixerit
605 1649 646 1669 an
666 1637 700 1669 in
722 1636 833 1669 codice
855 1635 965 1680 aliquo
988 1636 1070 1669 haee

111 1703 206 1736 lectio
230 1708 385 1741 exstaret,
423 1701 500 1733 mihi
524 1707 631 1733 tamen
656 1706 693 1732 ut
714 1711 784 1732 eam
809 1699 977 1743 probarem
1002 1699 1067 1730 suf·

110 1765 202 1806 fecit,
224 1765 312 1809 quod
329 1764 362 1796 iu
381 1763 632 1796 Monacensihus
654 1762 708 1807 (C.
727 1762 768 1805 F)
791 1761 856 1804 legi
871 1762 1068 1805 praecluem,

112 1839 193 1872 quae
216 1840 280 1861 vox
303 1833 414 1859 nostro
438 1832 602 1871 praeterea
629 1826 802 1858 admodum
830 1825 994 1857 familiaris
1017 1829 1069 1857 est

111 1888 155 1935 (ξ.
171 1891 205 1922 5.
225 1889 286 1921 24.
305 1889 391 1920 429.
415 1889 488 1920 566
508 1888 529 1919 f.
556 1889 639 1920 807.
664 1887 770 1931 906);
796 1891 874 1919 tunc
897 1887 980 1918 enini
1002 1887 1068 1929 epi-

67 1934 73 1939 .
110 1952 222 1983 mioris
246 1949 451 1982 dividendum
479 1954 602 1980 tantum
633 1954 716 1988 erat,
746 1954 782 1980 ut
811 1947 896 1994 apud
924 1947 1068 1980 Gellium

112 2014 185 2059 (17,
216 2012 275 2056 10)
306 2014 429 2056 »opima
452 2010 617 2043 facundia«
644 2009 772 2052 legitur.
923 2010 926 2013 ’

185 2077 279 2110 raclio
304 2087 342 2108 ac
358 2073 503 2120 puluere]
528 2073 746 2107 Geometriam
771 2071 942 2115 significari
961 2077 1066 2118 patet5

111 2138 207 2171 verba
223 2137 359 2183 praeivit
378 2137 510 2177 Cicero,
535 2136 591 2180 qni
612 2135 723 2180 (Tuse.
741 2136 775 2176 5,
793 2134 871 2178 25)=
897 2135 1066 2166 »humilem

112 2200 369 2239 homunculum«,
391 2198 507 2242 inquit,
524 2209 561 2229 »a
576 2198 709 2241 pulvere
727 2202 757 2229 et
777 2197 868 2228 radio
886 2196 1067 2236 excitabo«3

111 2262 337 2295 Archimedem
359 2261 523 2302 nimirum,
556 2272 652 2305 quem
676 2260 760 2304 apud
782 2259 909 2292 Lixium
937 2271 1066 2304 quoque

113 2324 191 2368 (25,
210 2323 271 2367 51)
295 2324 431 2365 legimus
454 2323 589 2355 »formas
611 2321 646 2354 in
668 2321 801 2367 pulvere
823 2321 1058 2368 descripsissem

113 2387 207 2420 Unde
228 2387 308 2418 infra
332 2385 377 2430 (ἓ.
399 2386 486 2430 725)
509 2391 633 2418 noster:

172 2449 368 2495 »Postquam
397 2448 550 2480 conticuit
572 2447 715 2491 prudens
735 2448 916 2492 permensio
941 2452 1067 2487 terrae,

162 2512 295 2546 Innuba
317 2511 460 2543 sollertes
482 2522 593 2542 curam
613 2523 694 2558 quae
716 2513 851 2555 instiqat
868 2512 904 2543 in
926 2517 1013 2543 artes

161 2575 218 2609 Sic
243 2575 374 2608 abacum
398 2580 543 2618 perstare
560 2574 673 2619 jubet,
700 2576 745 2608 sie
770 2575 909 2620 tegmine
927 2574 1042 2619 qlauco

1173 944 1323 977 Pandere
1347 943 1533 989 pulvereum
1556 944 1699 988 formare
1721 944 1870 977 ductibus
1894 955 2053 991 aequor03

1123 1007 1235 1040 codem
1261 1020 1373 1049 sensu,
1403 1019 1467 1052 quo
1486 1007 1670 1052 Appulejus
1693 1007 1738 1052 (in
1762 1007 1845 1052 apol.
1870 1020 1901 1052 p.
1917 1008 1990 1040 426
2007 1007 2075 1040 Ou-

1122 1071 1234 1114 dcnd.)
1259 1072 1475 1104 Aemilianum
1500 1071 1652 1103 rusticum
1676 1071 1832 1116 appellat,
1869 1071 1961 1115 »quia
1977 1072 2074 1103 abaco

1122 1139 1154 1165 et
1178 1135 1357 1177 puluisculo
1381 1146 1452 1165 sese
1470 1145 1536 1166 non
1563 1134 1734 1166 dcdisset.«
1774 1132 1870 1166 Adde
1896 1134 2003 1165 Persii
2028 1134 2076 1176 (1,

1124 1196 1210 1239 151)
1236 1196 1352 1228 »abaco
1376 1206 1526 1228 numeros
1553 1201 1585 1227 ct
1610 1201 1698 1226 secto
1726 1195 1760 1227 in
1782 1196 1914 1239 pulvere
1940 1201 2069 1227 metasa

1121 1258 1261 1290 Radium
1283 1257 1475 1291 astronomis
1498 1258 1608 1291 tribuit
1630 1256 1785 1303 Virgilius
1810 1255 1908 1302 (Aen.
1930 1257 1965 1298 6,
1992 1256 2077 1299 850)

1120 1320 1283 1353 versibus:

1174 1402 1220 1407 —
1240 1401 1288 1406 —
1305 1383 1447 1430 coelique
1469 1388 1594 1415 meatus

1170 1445 1362 1477 Describent
1381 1444 1471 1476 radio
1495 1449 1526 1475 et
1544 1446 1712 1487 surqentin
1736 1442 1844 1475 sidera
1869 1443 2013 1484 dicent-,⁴

1122 1507 1180 1540 sed
1212 1513 1245 1539 et
1269 1507 1441 1549 geometris
1467 1507 1528 1538 alio
1552 1506 1623 1538 loco
1648 1506 1719 1551 (ccl.
1742 1508 1778 1546 5,
1801 1505 1882 1550 40:

1176 1570 1375 1613 »Descripsit
1397 1570 1486 1601 radio
1509 1574 1609 1601 totum
1631 1570 1689 1615 qui
1711 1569 1860 1612 gentibus
1886 1569 2018 1600 urbemn

1120 1630 1313 1664 Formarum
1334 1632 1462 1663 diversa
1481 1630 1564 1662 idem
1587 1641 1659 1661 esse
1686 1630 1773 1673 quod
1792 1629 1915 1672 f'ormus
1933 1630 2075 1661 diversas

1118 1707 1250 1727 monere
1280 1694 1334 1726 vix
1362 1706 1444 1740 opus
1469 1695 1538 1727 erit.
1581 1695 1648 1726 Pro
1674 1695 1841 1725 liniantem
1864 1694 1977 1725 melius
1998 1695 2074 1726 line-

1119 1764 1228 1791 cmtem
1252 1756 1468 1801 scripsissem,
1494 1756 1551 1788 sed
1572 1756 1678 1788 invitis
1698 1755 1860 1788 codicibus
1882 1755 1962 1787 nihil
1978 1761 2075 1787 muto.

1193 1821 1266 1867 quis
1289 1817 1433 1865 dubitet]
1459 1817 1591 1852 Absunt
1619 1830 1637 1851 a
1667 1817 1916 1850 Darmstattcnsi
1945 1817 2074 1859 codice3

1118 1883 1211 1916 male.

1193 1956 1254 1977 sex
1275 1942 1426 1990 normae]
1453 1943 1579 1977 Seneca
1598 1943 1703 1989 (epist.
1729 1944 1795 1984 893
1822 1955 1855 1988 p.
1873 1943 1946 1976 572
1968 1942 2076 1988 Lips.)

1118 2007 1151 2039 in
1177 2007 1255 2039 duas
1271 2013 1380 2052 partes
1401 2006 1599 2039 dialecticam
1617 2005 1748 2039 dividit:
1770 2006 1820 2037 »in
1840 2006 1936 2038 verba
1958 2011 1991 2039 et
2013 2006 2075 2048 sig-

1117 2071 1336 2110 nificationes,
1359 2071 1393 2103 id
1420 2076 1471 2103 est
1494 2071 1527 2102 in
1557 2082 1628 2111 res,
1660 2082 1743 2114 quae
1771 2070 1936 2111 dicuntur,
1969 2076 2003 2102 et
2023 2082 2075 2101 vo-

1118 2135 1250 2174 cabula,
1276 2135 1393 2179 quibus
1417 2135 1600 2176 dicuntur«,
1631 2146 1712 2178 quae
1739 2133 1808 2178 ipsa
1829 2133 2001 2166 stoicorum
2019 2135 2073 2165 do-

1117 2197 1219 2230 ctrina
1239 2202 1289 2228 est
1315 2196 1399 2241 apr-tl
1417 2196 1596 2238 Diogenem
1613 2196 1776 2228 Lam-tium
1794 2196 1843 2240 (7,
1865 2196 1932 2236 423
1957 2196 2074 2239 1253ss

1118 2272 1208 2305 sequ.
1233 2259 1358 2303 Meih.)=
1385 2256 1477 2305 »τὴν
1497 2256 1742 2305 διαλεκτικὴν
1763 2260 1997 2306 διαιρεῖσθαι,
2017 2256 2070 2296 εἴς

1117 2333 1159 2358 τε
1182 2318 1253 2356 τὸν
1276 2318 1366 2368 περὶ
1385 2320 1466 2356 τῶν
1494 2319 1790 2367 σημαινομένων
1812 2316 1878 2355 καὶ
1893 2318 1976 2365 ,τῆς
1994 2329 2071 2364 φω-

1117 2382 1191 2430 νῆς
1211 2379 1367 2418 τόπον.«
1399 2382 1519 2416 Noster
1538 2382 1778 2416 Aristotelicam
1795 2381 1903 2427 potius
1927 2378 2071 2424 sequitur

1115 2445 1285 2479 rationem.

1189 2506 1316 2554 prima]
1352 2507 1508 2541 Continet
1539 2519 1622 2553 quae
1661 2507 1756 2549 vulgo
1786 2505 2013 2549 praedicabilia
2039 2511 2071 2538 ct

1115 2573 1376 2616 praedicamenta
1396 2572 1612 2620 appellantur,
1642 2580 1786 2614 quaeque
1809 2567 1860 2600 vel
1883 2567 1966 2611 apud
1989 2569 2069 2600 Por-

2108 403 2169 446 ἐξ

2170 404 2197 443 OE

1691 729 1739 771 In
1764 730 1904 786 prima
1929 740 2073 772 autem
2101 727 2194 771 559
