2310 2860
756 131 959 174 Martiani
990 129 1191 187 Capellae
1219 130 1294 172 lib.
1313 129 1393 172 IA.
1424 132 1456 181 §.
1475 130 1573 170 911.

2051 126 2138 167 707

571 240 789 284 Mundum
820 249 1027 296 perpetuo
1057 237 1163 278 dum
1196 246 1304 278 rotat
1338 237 1502 278 ambitu

572 324 716 374 Mens,
757 336 888 378 quam
921 320 1085 362 sidereo
1114 318 1272 359 sufficis
1302 319 1479 374 impetu.

572 405 637 445 Te
670 418 769 444 nam
803 401 1057 456 flammigeri
1090 401 1251 441 semina
1283 400 1438 441 fomitis

573 485 849 540 Spargentem
881 482 1073 526 referunt
1103 492 1213 524 astra
1245 482 1471 535 micantia3

575 566 641 608 Te
672 565 845 606 foveant
873 579 992 606 sacro
1024 580 1206 607 munere
1235 564 1423 614 lumina,

576 647 722 688 Terris
753 661 1024 702 purpureum
1057 647 1162 688 dum
1195 655 1404 688 renovant
1432 645 1581 699 jubar,

576 731 747 772 Testata
780 721 1043 771 ambrosium
1077 729 1369 786 splendificam
1398 727 1537 778 di0m3

578 813 646 854 Sic
677 822 750 854 tua
779 813 910 853 noctis
945 812 1079 853 honos
1108 810 1308 866 lampade
1339 817 1558 850 menstrua

577 895 748 936 Auratis
780 896 912 936 crevit
941 894 1130 949 praemia
1168 893 1390 943 cornibus,

578 976 668 1016 Sub
702 985 739 1016 te
770 975 1054 1031 plaustrilucis
1086 975 1267 1015 luminat
1298 973 1465 1028 ignibus

576 1056 738 1111 Anguis
770 1055 1014 1097 Parrhasias
1044 1054 1251 1108 disjiciens
1283 1054 1407 1094 seras.

576 1134 645 1175 Sic
673 1134 794 1175 solidi
824 1144 1020 1177 tenerum
1057 1135 1246 1189 eorporis
1278 1135 1491 1175 ambitum

253 1248 386 1295 impetn]
404 1249 460 1282 Sic
477 1251 604 1282 codices
619 1251 825 1283 Monacensis
842 1252 900 1296 (C)
911 1258 942 1284 et
958 1253 1137 1284 Darmstat-

179 1311 297 1350 tensis3
324 1312 458 1344 Grotius
484 1313 606 1355 impete.
640 1313 743 1343 Totus
770 1312 862 1344 locus
888 1325 928 1345 ex
950 1313 1138 1345 Aristotelis

180 1376 418 1419 stoicorumque
440 1375 584 1406 doctrina
606 1376 815 1418 explicandus
834 1382 898 1417 est,
928 1377 984 1420 qui
1004 1377 1067 1408 vim
1089 1389 1139 1408 ae-

180 1441 341 1480 theream,
373 1452 436 1483 qua
466 1440 570 1471 sidera
602 1440 803 1484 mundusque
831 1447 987 1484 perpetuo
1020 1441 1139 1473 ambitu

180 1510 342 1545 rotentur,
375 1504 469 1536 simul
492 1516 550 1548 pro
576 1511 682 1537 mente
708 1505 904 1545 habuerunt,
931 1510 967 1535 ut
992 1505 1139 1549 superius

181 1567 330 1600 annotavi
348 1565 403 1611 (ad
428 1565 456 1611 §.
475 1566 573 1610 567).

255 1638 286 1664 te
307 1629 459 1675 foveant]
493 1631 650 1663 Heinsius
682 1631 732 1676 (in
757 1631 868 1663 Burm.
896 1632 981 1663 anth.
1007 1631 1078 1664 Lat.
1099 1631 1138 1672 Ῑ,

180 1709 210 1741 p.
231 1695 316 1739 157)
339 1695 384 1727 sie
408 1695 471 1737 legi
490 1694 598 1736 jubet:

236 1759 302 1790 „Te
323 1757 479 1790 Phoebea
501 1769 593 1789 sacro
612 1768 745 1788 numere
769 1758 912 1797 lumina,

233 1821 344 1852 Τεντίε
364 1832 562 1864 purpureum
587 1820 663 1850 dum
685 1825 844 1850 renovant
859 1820 978 1863 jubar,

236 1883 367 1914 Testata
390 1883 584 1913 ambrosium
606 1881 829 1924 splendificam
853 1881 957 1921 diem,-

237 1943 377 1987 Cynthia
399 1944 502 1975 noctis
524 1943 644 1981 honos,
677 1942 822 1985 lampade
848 1948 1014 1974 menstrua

232 2007 370 2038 Auratis
394 2005 504 2036 rubuit
524 2004 668 2050 praedita
691 2005 890 2044 cornubus«,-

183 2080 265 2113 quae
291 2068 367 2100 lieet
396 2067 429 2099 in
455 2067 620 2099 nonnullis
647 2066 738 2108 justo
767 2066 918 2099 audacius
943 2070 1140 2108 grassentur,

184 2143 315 2163 sensum
342 2136 449 2162 tamen
474 2129 539 2161 loci
562 2129 703 2173 corrupti
729 2130 857 2173 egregie
886 2129 1057 2161 declarant.
1100 2127 1141 2160 In

184 2196 347 2228 codicibus
375 2195 450 2227 nisil
481 2194 616 2226 subsidii
645 2194 769 2236 inveni3
801 2206 860 2240 pro
884 2195 1006 2226 lumina
1031 2204 1141 2235 margo

187 2257 343 2290 Grotiana
365 2258 472 2301 inepte
491 2258 640 2302 flumina.

259 2320 397 2366 auratis]
416 2321 490 2355 MS.
508 2322 645 2354 »auratis
669 2323 775 2354 decuit
800 2320 940 2366 praemia
964 2320 1142 2353 cornibus«

188 2384 276 2417 Sane
298 2385 343 2416 sie
359 2397 454 2429 saepe
471 2385 614 2430 loquitur
628 2386 773 2430 Capella,
791 2385 1004 2430 personaliter
1019 2397 1145 2429 nempe,

188 2453 224 2480 ut
257 2447 346 2490 ajunt
380 2447 584 2488 grammatici.
639 2449 793 2481 Ceterum
822 2449 968 2492 praemia
1001 2446 1053 2479 hie
1081 2458 1145 2479 vox

187 2509 288 2542 nihili.
321 2510 419 2542 Forte
439 2511 589 2553 praeuia7·
623 2511 662 2542 de
683 2511 777 2543 Luna
801 2511 886 2543 enim
910 2521 1032 2552 sermo,
1062 2521 1144 2555 quae

189 2573 279 2608 Solis
308 2573 542 2618 quodammodo
565 2570 793 2621 πρόδρομος.
806 2575 911 2609 Gno'r·

1264 1250 1497 1297 plaustrihtm’s]
1516 1250 1617 1283 Error
1636 1262 1676 1282 ex
1693 1255 1843 1291 aecentu3
1869 1250 1932 1282 nisi
1948 1250 2039 1282 malis
2052 1250 2143 1294 plan-

1188 1315 1525 1347 striducis.Gnor.—
1554 1313 1679 1345 Sensus
1706 1313 1757 1345 hic
1781 1325 1851 1344 esse
1877 1312 2018 1344 videturz
2046 1313 2144 1344 »Dra-

1188 1389 1302 1410 conem
1334 1389 1405 1408 cum
1437 1376 1561 1407 (lumbus
1582 1375 1689 1415 Ursis,
1717 1375 1832 1418 quibus
1861 1375 1984 1406 medius
2005 1374 2145 1419 interpo-

1190 1441 1271 1472 situs
1295 1446 1362 1481 est,
1396 1440 1504 1471 lucere
1533 1440 1660 1481 ignibus
1689 1439 1743 1483 qui
1773 1438 1907 1482 plaustri
1932 1438 2069 1482 speeiem
2095 1450 2144 1470 re-

1190 1504 1329 1543 serant&
1364 1502 1439 1533 licet
1468 1507 1594 1534 constet
1620 1513 1686 1532 non
1711 1501 1890 1533 Draconem
1914 1501 1970 1532 sed
1993 1500 2145 1542 majorem

1189 1578 1230 1597 ex
1256 1565 1380 1596 duabus
1401 1564 1493 1595 L'rsis
1512 1564 1578 1595 sive
1598 1563 1854 1607 Septemtriones
1874 1562 2007 1607 plaustri
2028 1574 2146 1594 nomen

1190 1627 1348 1669 gessisse3
1375 1627 1485 1657 confer
1507 1626 1539 1657 J.
1558 1626 1602 1657 Η.
1619 1626 1772 1658 Vossium
1799 1625 1852 1669 (ad
1867 1625 1957 1668 Virg.
1980 1637 2088 1668 georg.
2110 1627 2145 1665 5,

1189 1691 1287 1734 581).
1315 1690 1384 1723 Sed
1402 1690 1545 1721 mutandi
1565 1701 1660 1721 eausa
1680 1689 1767 1721 nulla
1793 1695 1859 1729 est,
1886 1701 1991 1733 neque
2015 1701 2145 1731 egemus

1189 1753 1328 1785 lectione
1352 1753 1384 1784 in
1407 1752 1548 1794 margine
1574 1752 1678 1796 posita
1701 1752 1940 1795 plaustr-fluens.

1264 1812 1479 1859 Pam-lansius]
1506 1814 1545 1845 ld
1570 1819 1619 1845 est
1648 1814 1839 1848 Arc-adicus.
1885 1813 1978 1845 Unde
2009 1812 2145 1845 Ovidius

1190 1879 1325 1924 (heroid.
1353 1880 1415 1919 18,
1447 1878 1546 1921 152)2
1635 1868 1646 1875 ⁶

1247 1942 1423 1989 »Quaeque
1444 1943 1541 1973 micat
1561 1941 1666 1985 ⁴‹Jelido
1688 1939 1858 1972 Parrhasis
1882 1939 1966 1971 Ursa
1985 1938 2095 1983 polan,

1192 2013 1224 2040 et
1249 2007 1343 2051 (trist.
1369 2007 1406 2046 1,
1430 2007 1471 2046 5,
1497 2006 1576 2049 48)=

1247 2085 1258 2098 n
1270 2064 1438 2116 Versaque
1457 2069 1497 2100 ab
1516 2080 1579 2099 axe
1603 2080 1661 2100 suo
1683 2067 1852 2099 Parrhasis
1875 2064 1994 2099 Arctos
2013 2069 2098 2097 erat·
2107 2085 2120 2103 ,

1192 2139 1225 2167 et
1248 2132 1405 2166 Martialis
1430 2133 1483 2177 (4,
1513 2133 1575 2173 11,
1603 2132 1657 2176 5)=

1249 2198 1373 2241 »Impia
1395 2196 1566 2228 Parrhasia
1591 2197 1720 2228 movisti
1743 2195 1823 2227 bella
1843 2194 1902 2227 sub
1926 2191 2039 2225 Ursa.«

1267 2257 1444 2304 disjiciens]
1471 2257 1593 2290 Aratus
1617 2258 1743 2302 (phaen.
1761 2257 1838 2299 45):

1245 2319 1324 2361 Τὰς
1335 2319 1375 2356 δὲ
1390 2321 1437 2355 δι’
1447 2317 1672 2367 ἀμφοτέρας
1681 2319 1742 2365 οἵη
1754 2318 1947 2361 ποταμοῖο
1957 2309 2147 2361 ἀποῤῥῶξ

1244 2386 1417 2420 Εἰλεῐται
1441 2386 1539 2431 μέγα
1559 2383 1694 2427 θαῦμα
1711 2378 1877 2429 Δράκων
1905 2378 1996 2425 περὶ
2012 2375 2147 2425 τ’ἇμφί

1598 2440 1769 2489 τ’ἐαγώς·
2042 2439 2045 2443 ’

1271 2507 1437 2555 ambitum]
1463 2507 1533 2541 Alii
1550 2512 1632 2540 teste
1652 2504 1768 2538 Grotio
1787 2503 1820 2536 in
1837 2503 1978 2545 margine
1992 2503 2147 2537 habitum,

1197 2572 1314 2619 inepte.
1346 2574 1472 2608 Sensus
1504 2573 1556 2606 hic
1583 2582 1655 2604 esse
1682 2569 1822 2601 videtur:
1846 2567 2012 2600 »tellurem
2036 2567 2147 2599 axibus

1670 2631 1717 2663 89
1733 2626 1755 2654 ³⁸

2170 398 2259 442 912
