2310 2860
745 161 946 204 Martiani
976 161 1176 219 Capellae
1204 162 1277 205 lib.
1297 161 1374 204 IV.
1412 163 1444 214 ᾗ.
1465 161 1565 203 575.
2047 162 2137 205 555

177 285 245 314 res
273 270 445 312 scientia
473 268 629 312 scibilis
657 279 736 318 est:
767 271 868 312 item
890 284 1036 312 sensus
1062 270 1239 324 alicujus
1269 270 1331 312 rei
1357 269 1564 310 sensibilis
1595 283 1740 311 sensus
1764 277 1845 321 est,
1868 279 2012 311 contra
2037 284 2136 312 seu-

176 350 305 392 sibilis
330 366 397 392 res
418 364 545 392 sensu
567 350 771 392 sensibilis
796 359 866 391 est.
897 349 1014 390 Haec
1035 365 1133 406 ergo
1156 366 1242 392 non
1267 360 1312 392 ut
1336 365 1447 405 quae
1468 350 1710 406 supradicta
1727 360 1825 392 sunt
1850 352 2026 392 servatis
2052 351 2133 392 eis-

175 432 274 474 dem
302 434 481 485 casibus,
510 432 583 474 sed
610 433 780 474 mutatis
811 441 1130 475 convertuntur.
1162 431 1389 482 Quaedam
1414 430 1592 472 relativa
1617 431 1694 483 his,
1727 432 1779 473 ad
1803 447 1914 488 quae
1932 431 2130 474 referun-

172 521 266 564 tur,
295 523 335 554 et
362 514 406 555 in
432 522 626 570 tempore
661 511 938 563 concordant,
973 527 1110 568 eaque
1139 511 1268 553 simul
1294 527 1381 552 0550
1409 512 1635 568 incipiunt,
1665 513 1793 554 simul
1824 514 2049 565 desinunt3
2080 522 2130 555 ut

174 609 326 638 servus
353 611 441 637 esse
462 611 548 638 nou
573 604 726 652 potest,
756 594 834 635 nisi
860 607 998 649 quum
1028 608 1116 634 esse
1141 592 1325 648 coeperit
1346 591 1560 644 dominus,
1592 603 1631 636 et
1655 608 1794 650 quum
1819 594 2017 636 dominus
2042 608 2132 635 esse

174 675 364 729 desierit,
412 692 564 720 servus
603 692 691 718 esse
735 675 908 728 desinit3
953 685 991 716 et
1029 674 1130 716 item
1170 673 1398 727 domiuus,
1433 690 1570 732 quum
1601 690 1776 717 servum
1807 691 1892 717 non
1921 675 2135 726 habuerit,

174 758 374 802 dominus
404 760 486 801 dici
516 775 600 801 non
631 768 780 816 potest.
845 760 900 800 At
930 773 1034 800 vero
1065 757 1276 799 noscibilis
1306 772 1374 799 res
1405 758 1522 813 prior
1553 767 1611 798 est
1642 767 1794 799 natura
1827 772 1958 813 quam
1994 757 2134 808 notio;

172 852 276 880 nam
314 840 350 881 si
390 839 609 881 noscibilia
648 839 791 890 tollas,
837 839 951 880 notio
993 855 1079 881 nou
1122 839 1220 892 erit;
1272 849 1312 881 at
1354 854 1457 881 vero
1487 839 1521 880 si
1561 840 1774 881 notionem
1818 838 1958 889 tollas,
2002 846 2138 894 potest

175 921 336 978 aliquid
374 937 464 964 esse
502 924 726 973 noscibile,
776 924 976 979 quamvis
1017 922 1122 965 desit
1151 922 1222 964 ille.
1254 922 1330 977 qui
1360 921 1488 963 novit.
1546 920 1743 962 Relafiva
1773 930 1947 977 possunt
1977 919 2139 960 habere

173 1003 405 1052 contraria,
443 1003 517 1045 sed
552 1019 636 1045 non
677 1005 834 1046 omnia.
893 1005 1098 1060 Namque
1137 1004 1378 1045 inscientiae
1414 1003 1583 1044 scientia
1623 1002 1853 1052 contraria,
1892 1001 2137 1042 inimicitiae

173 1084 376 1135 amicitia3
422 1094 463 1125 at
510 1100 610 1126 vero
649 1085 784 1141 duplo
823 1084 928 1126 nihil
974 1086 1258 1134 contrarium,
1308 1098 1452 1138 neque
1494 1082 1644 1136 majori
1689 1082 1757 1122 vel
1803 1081 1980 1129 minori,
2033 1079 2136 1135 quia

172 1164 368 1220 quisquis
399 1164 475 1205 ista
506 1164 716 1205 contraria
748 1165 982 1220 putaverit,
1017 1166 1179 1221 cogitur
1212 1165 1401 1207 confiteri
1440 1180 1572 1207 unam
1615 1164 1886 1218 eandemque
1922 1178 2014 1204 rem
2048 1177 2136 1203 uno

172 1254 300 1300 atque
329 1245 480 1288 eodem
505 1256 698 1303 tempore
728 1262 852 1303 posse
875 1247 953 1289 sibi
978 1263 1066 1289 esse
1098 1248 1378 1299 contrariam3
1417 1246 1630 1301 siquidem
1662 1246 1800 1299 major
1832 1243 1988 1285 minori
2017 1255 2137 1282 com-

172 1334 346 1380 paratus
387 1327 526 1380 major
560 1336 638 1377 est,
684 1327 887 1382 idemque
926 1328 1080 1379 majori
1113 1337 1385 1384 comparatus
1430 1327 1571 1369 minor
1612 1336 1671 1368 est
1704 1341 1792 1368 uno
1826 1335 1952 1379 atque
1984 1323 2136 1365 eodem

173 1414 385 1461 tempore,
415 1405 533 1460 quod
565 1407 784 1448 contrariis
808 1408 980 1449 evenire
1009 1408 1129 1449 nullo
1160 1408 1289 1449 modo
1318 1417 1464 1464 potest.
1526 1409 1639 1449 Nam
1665 1421 1751 1461 quo
1782 1416 1975 1461 tempore
2002 1404 2135 1444 homo

170 1486 343 1535 stultus,
387 1502 470 1528 nou
507 1488 658 1530 eodem
692 1499 886 1546 tempore
923 1490 1091 1546 sapiens
1136 1505 1224 1531 esse
1264 1498 1417 1545 potest,
1468 1501 1608 1542 neque
1653 1500 1740 1541 quo
1778 1495 1972 1541 tempore
2014 1483 2137 1524 albus

171 1576 251 1618 est,
283 1566 433 1608 eodem
464 1577 658 1624 tempore
684 1549 807 1626 :lig-er
832 1586 920 1611 0550
952 1580 1106 1626 potest3
1144 1570 1259 1624 quod
1291 1571 1393 1624 quia
1427 1569 1597 1609 evenire.
1629 1583 1714 1609 nou
1746 1582 1867 1623 posse
1899 1567 1940 1607 in
1973 1566 2136 1619 majore

171 1657 210 1690 et
247 1648 415 1690 minore
452 1648 736 1699 ostendimus,
779 1650 994 1692 fateamur
1034 1666 1204 1692 necesse
1247 1660 1306 1691 est
1348 1650 1488 1702 majus
1522 1658 1560 1689 et
1592 1649 1736 1689 miuus
1779 1663 1865 1689 non
1909 1662 1998 1689 esse
2037 1662 2138 1688 eon-

170 1729 368 1771 trarium.
424 1729 487 1772 Ita
517 1729 702 1786 duplum
734 1731 889 1787 simplo
913 1745 1000 1772 non
1025 1746 1114 1773 esse
1139 1732 1422 1783 contrarium,
1456 1731 1663 1787 quoniam
1693 1730 1775 1773 hoe
1805 1730 1920 1772 idem
1948 1729 2134 1786 duplum

171 1819 303 1866 potest
338 1824 428 1851 esse
463 1810 515 1852 ad
551 1811 714 1866 aliquid
756 1811 975 1868 simplum.
1046 1811 1145 1852 Non
1186 1812 1314 1867 igitur
1352 1813 1495 1854 omnia
1545 1812 1722 1855 relativa
1761 1822 1935 1869 possunt
1976 1811 2138 1853 habere

171 1892 448 1934 eontrarium.
509 1892 618 1933 Item
651 1892 793 1946 majus
824 1901 863 1933 et
896 1891 1038 1932 miuus
1079 1892 1294 1945 quaedam
1332 1894 1562 1950 recipiunt,
1605 1893 1820 1949 quaedam
1853 1908 1956 1934 non.
2021 1892 2140 1934 Nam

172 1974 304 2030 magis
333 1973 403 2015 hic
442 1974 604 2015 amicus
641 1974 715 2015 illo
746 1984 826 2025 est,
867 1973 951 2014 hoe
980 1973 1114 2028 magis
1143 1971 1328 2028 duplum
1360 1973 1432 2013 illo
1462 1973 1595 2030 duplo
1627 1989 1716 2015 esse
1746 1989 1830 2016 nou
1865 1983 2000 2029 potest
2036 1987 2138 2028 pro-

171 2063 340 2111 pterea,
372 2055 473 2110 quia
504 2054 539 2096 si
568 2054 751 2112 duplum
784 2064 865 2106 est,
896 2055 954 2096 ita
982 2053 1169 2110 duplum
1199 2064 1279 2106 est,
1310 2064 1357 2096 ut
1387 2055 1483 2111 plus
1521 2056 1680 2111 aliquid
1711 2058 1910 2098 minusve
1940 2055 1974 2095 si
2008 2052 2136 2094 fuerit

170 2150 257 2178 nou
286 2136 337 2178 sit
370 2135 571 2192 duphun.
631 2134 888 2186 Quaeritur,
929 2143 1079 2176 utrum
1114 2134 1260 2191 aliqua
1288 2136 1522 2177 substantia
1555 2136 1638 2177 dici
1665 2136 1794 2194 possit
1823 2135 2012 2178 relative.
2051 2130 2133 2174 Sed

244 2285 391 2334 ider-que
414 2284 546 2332 mojori]
584 2285 642 2320 Sic
672 2286 787 2331 scripsi
813 2298 832 2319 0
858 2286 1024 2320 codicibus
1052 2287 1128 2319 Rei-
1181 2287 1316 2320 videtur.
1344 2288 1497 2321 Ceterum
1516 2287 1557 2320 de
1580 2288 1622 2320 iis
1645 2300 1727 2334 quae
1750 2290 1852 2334 magis
1871 2293 1902 2320 et
1923 2287 2028 2318 minus
2053 2283 2133 2315 reei-

174 2349 370 2382 ehfflueusi
388 2356 421 2382 et
441 2350 691 2383 Barmsxunensi
712 2363 772 2395 pro
798 2350 956 2384 Grotiano
981 2353 1128 2399 itemque.
1181 2353 1290 2396 piunt,
1314 2352 1411 2384 Plato
1424 2351 1492 2394 jam
1512 2353 1577 2394 egit
1595 2353 1642 2397 (in
1663 2352 1802 2385 Philebo
1823 2364 1856 2396 p.
1875 2350 1951 2389 24),
1978 2348 2028 2381 eui
2051 2346 2133 2378 adde

173 2411 225 2444 De
248 2423 286 2444 re
303 2412 375 2457 ipsa
395 2412 468 2444 vide
488 2415 686 2458 superiorem
705 2415 813 2448 locum
836 2414 878 2461 (ξ
895 2414 997 2458 572).
1181 2414 1390 2446 Plutarchum
1404 2414 1457 2458 (de
1472 2426 1575 2458 proer.
1593 2415 1685 2446 anim.
1705 2427 1736 2459 p-
1754 2412 1878 2454 1014).
1904 2410 2039 2442 Sextum
2055 2407 2133 2439 En-

244 2475 352 2520 ·wjsss
380 2481 412 2508 e*
440 2475 566 2522 ninus]
596 2478 672 2511 Hoc
700 2491 829 2524 quoque
863 2478 938 2513 loeo
969 2485 1006 2511 ut
1034 2489 1131 2523 supra
1182 2477 1316 2523 piricum
1327 2477 1410 2520 (adv.
1430 2479 1579 2512 mathem.
1604 2479 1664 2518 10,
1684 2476 1788 2518 271),
1810 2472 2023 2518 Porphyrium
2041 2470 2135 2515 (isag-

173 2536 217 2584 (ξ-
230 2537 326 2582 575)
351 2544 574 2585 exspectasses
598 2543 720 2586 nafis,
745 2543 805 2575 sed
828 2543 942 2586 religio
962 2543 1023 2575 ruit
1041 2542 1132 2587 quid-
1182 2541 1224 2578 5,
1249 2538 1324 2581 11),
1346 2544 1379 2571 et
1398 2539 1495 2571 vitam
1515 2540 1718 2583 Pythagorae
1738 2535 1836 2582 (apud
1856 2533 2010 2567 Photium
2032 2532 2067 2565 iu
2087 2532 2133 2564 hi-

175 2614 271 2648 qum
298 2608 438 2644 mutare,
478 2603 553 2649 quit
578 2603 756 2638 Martianus
785 2605 856 2650 ipse
887 2606 949 2638 sibi
984 2610 1131 2639 constare
1181 2603 1296 2637 hlium.
1313 2615 1344 2635 n.
1362 2603 1453 2644 249,
1478 2616 1510 2648 p.
1526 2602 1621 2644 712).

1657 2659 1735 2695 45*

2168 914 2253 958 577

2161 2130 2252 2174 578
