2310 2860
54 589 169 632 1000

199 162 284 203 772

770 150 972 193 Martiani
1001 148 1201 203 Capellae
1231 147 1304 188 lib.
1324 147 1402 188 IX.
1433 149 1463 199 §.
1486 146 1587 189 999.

594 263 723 304 Beata
754 258 980 300 alumnum
1012 255 1116 296 urbs
1146 253 1286 295 Elisae
1317 267 1448 307 quem
1479 252 1619 304 videt,

594 341 869 397 Jugariorum
902 336 1144 378 murcidam
1176 335 1375 377 viciniam

594 424 734 465 Parvo
765 420 1027 463 obsidentem
1058 418 1219 472 vixque
1250 431 1493 472 respersum
1524 416 1669 467 lucro,

594 503 780 546 Nictanti
811 516 915 543 cura
944 499 1259 542 somnolentum
1291 496 1459 537 lucibus
1483 521 1531 528 --

598 584 667 625 Ob
698 584 780 624 hoc
810 592 1002 623 creatum
1033 581 1264 634 Pegaseum
1294 577 1501 632 gurgitem

591 663 779 704 Decente
811 661 984 716 quando
1020 674 1188 716 possem
1219 658 1394 700 haurire
1429 657 1612 715 poculo?

592 743 765 785 Testem
797 758 895 798 ergo
926 751 1118 783 nostrum
1152 755 1263 796 quae
1296 749 1522 781 veternum
1553 737 1738 796 prodidit

593 824 744 865 Secuto
774 824 895 878 nugis
926 832 1021 864 nate
1052 823 1218 878 ignosce
1249 822 1449 862 lectitans.

195 935 255 975 sit,
295 933 412 978 qnippe
448 931 669 972 »incrementis
710 930 898 963 lustralibus
938 931 1138 962 deeuriatus«

193 996 235 1041 (§.
251 996 299 1039 2).
338 996 468 1027 Falcem
491 994 624 1027 Saturni
643 993 790 1038 superius
815 991 857 1036 (ξ.
875 992 961 1036 425)
979 992 1047 1034 jam
1072 1003 1145 1034 cog-

192 1059 350 1091 novimus.

265 1121 447 1153 canescenti
466 1117 556 1164 rota]
584 1118 782 1152 Senescente
804 1121 916 1150 aetate.
931 1116 1079 1150 vniam.
1096 1134 1143 1141 —

191 1184 342 1216 Fortasse
368 1184 552 1225 legendum:

251 1246 459 1288 »Decerptaui
479 1244 563 1287 falce
578 1244 649 1286 jam
674 1247 860 1274 canescente
882 1252 1017 1272 rosam«

193 1306 354 1339 Gnor.—
373 1305 453 1338 Mihi
471 1315 599 1347 quoque
620 1303 883 1335 verisimillimum
902 1307 966 1341 est,
992 1301 1143 1343 temporis

191 1373 291 1400 rotam
306 1366 537 1410 respiciendam
554 1376 625 1395 esse
645 1376 717 1396 cnm
731 1362 900 1395 Vulcanio.
928 1361 966 1394 Si
987 1361 1058 1404 quis
1075 1372 1143 1391 rem

190 1432 284 1463 altius
307 1435 451 1474 repetere
481 1428 573 1467 velit,
612 1438 776 1470 caprarum
798 1426 924 1457 illarum
945 1436 1062 1457 nomeu
1081 1426 1142 1456 huc

189 1494 311 1524 trahere
328 1491 446 1536 possit,
471 1501 551 1533 quas
565 1488 679 1520 Latine
693 1494 781 1519 rotas
798 1487 951 1531 appellari
966 1486 1051 1531 apud
1061 1486 1142 1518 Var-

188 1567 296 1588 ronem
315 1556 367 1598 (de
391 1566 424 1585 re
444 1558 523 1584 rust.
538 1553 572 1592 2,
594 1553 625 1592 1,
645 1553 684 1591 53
711 1565 742 1595 p.
761 1552 833 1582 257
861 1550 975 1594 Gesn.)
995 1550 1141 1591 legimus,

188 1623 222 1649 nt
244 1618 277 1648 in
303 1628 360 1648 suo
385 1615 485 1659 ipsius
510 1613 637 1646 nomine
662 1613 755 1645 docte
778 1612 891 1643 luserit
915 1612 1066 1655 Capella,
1086 1612 1142 1643 sed

187 1679 243 1710 illo
261 1679 331 1722 ipso
363 1677 435 1709 loeo
455 1676 667 1719 platycerotas
691 1672 863 1716 legendum
887 1684 958 1704 esse
987 1672 1141 1704 verisimi-

187 1742 249 1773 lius
278 1746 337 1772 est.

261 1803 337 1832 urbs
358 1797 481 1843 Elisae]
508 1798 687 1838 Carthago3
713 1808 786 1827 nam
812 1796 898 1827 Dido
923 1796 986 1828 alio
1013 1796 1141 1828 nomine

186 1865 295 1896 Elissa
318 1863 370 1896 vel
393 1862 477 1906 apud
502 1860 681 1902 Virgilium.
722 1859 844 1891 Confer
868 1858 1059 1891 Salmasium
1088 1860 1140 1903 (ad

187 1927 293 1961 Solin.
313 1926 382 1970 27)
414 1931 447 1957 et
470 1924 615 1957 Medium
639 1923 699 1968 (ad
721 1922 840 1953 Justin.
860 1923 923 1963 18,
953 1924 993 1964 65
1019 1936 1050 1967 p.
1066 1923 1138 1954 441

189 1989 357 2033 Gronov.).
391 1987 491 2029 Quod
516 1986 660 2031 sequitur
681 1986 870 2018 vocabulum
894 1998 1007 2032 quem,
1032 1986 1066 2018 in
1087 1998 1141 2018 au-

187 2051 358 2084 terioribus
383 2049 576 2080 editionibus
600 2048 769 2087 omissum,
798 2047 865 2089 jam
889 2048 973 2092 apud
991 2048 1141 2081 Grotium

187 2120 273 2148 reete
297 2113 429 2155 legitur,
458 2110 671 2155 adstipulante
701 2111 795 2142 etiam
825 2112 934 2144 codiee
954 2112 1142 2145 monacensi

188 2179 260 2222 (Ο),
288 2183 322 2208 ut
337 2187 403 2208 non
419 2175 599 2207 necessaria
617 2174 658 2205 sit
671 2173 703 2205 J.
716 2174 755 2206 G.
767 2175 878 2206 Vossii
889 2175 942 2219 (de
952 2176 1106 2208 hist.Lat.
1119 2176 1141 2207 l.

188 2241 211 2272 5
225 2240 255 2271 in
274 2250 363 2283 oper.
383 2238 422 2269 T.
436 2237 496 2278 IV,
521 2249 550 2280 p.
560 2235 648 2279 221)
667 2235 859 2277 conjectura,
884 2236 939 2280 qui
957 2243 1032 2281 post
1053 2239 1142 2277 urbs,

190 2315 230 2335 ne
255 2303 321 2334 hiet
337 2312 465 2341 versus,
497 2299 653 2332 excidisse
672 2298 850 2342 suspicatur
874 2300 952 2332 haec
974 2301 1026 2333 vel
1046 2313 1141 2334 nunc.

266 2362 472 2408 obsidentem]
499 2363 548 2394 Ita
571 2363 673 2394 codex
692 2362 957 2395 Darinstattensis
981 2376 1040 2408 pro
1062 2365 1141 2396 obsi-

194 2430 264 2461 dem
283 2428 315 2459 in
332 2427 441 2467 editis,
469 2427 555 2469 quod
576 2431 608 2457 et
628 2431 762 2457 metrum
782 2427 894 2469 poscit.

267 2486 422 2532 nictanti]
454 2487 531 2521 MS.
560 2489 750 2518 nictantem:
778 2486 922 2529 Scaliger
955 2488 996 2521 ob
1018 2500 1144 2521 versum

198 2552 345 2583 nit-tante.
356 2549 461 2582 Guor.
472 2567 519 2572 —
539 2547 754 2581 Usitatissima
772 2549 939 2593 hypallage
956 2550 1034 2582 nihil
1049 2552 1146 2583 oss'en-

1195 930 1295 961 sionis
1322 930 1426 961 hahet.
1458 930 1509 961 De
1533 928 1630 962 verbo
1659 930 1781 960 nictare
1806 927 1878 961 vide
1908 940 1967 960 nos
1999 928 2146 973 superius

1196 994 1249 1039 (ad
1275 992 1303 1037 ἓ.
1319 993 1365 1036 2).

1268 1057 1501 1089 sonmolentum
1512 1054 1646 1100 lucibus]
1657 1055 1801 1087 Interdiu
1814 1055 2034 1096 dormientem,
2052 1061 2149 1088 noctu

1195 1118 1394 1160 vigilantem,
1424 1119 1479 1162 qui
1497 1119 1650 1150 Afrorum
1673 1131 1742 1150 mos
1764 1124 1829 1158 est,
1854 1119 1894 1150 oh
1913 1118 2044 1152 nimium
2062 1119 2149 1150 illius

1194 1181 1335 1221 regionis
1365 1186 1504 1220 aestum,
1540 1180 1626 1222 quod
1658 1185 1690 1210 et
1717 1179 1785 1223 ipse
1804 1180 1981 1212 Martianus
2013 1181 2036 1214 l.
2062 1181 2085 1212 6
2108 1180 2148 1212 de

1193 1240 1282 1274 Afris
1299 1242 1436 1286 loquens
1461 1243 1505 1273 ita
1527 1242 1565 1273 dc
1591 1249 1698 1274 monte
1723 1241 1855 1274 Atlante
1882 1243 1938 1274 ait:
1964 1244 2047 1274 »Per
2066 1243 2149 1275 diem

1195 1304 1282 1344 silet,
1309 1309 1403 1335 nocte
1432 1309 1464 1334 et
1490 1303 1617 1345 ignibus
1646 1303 1757 1342 micat,
1784 1304 1885 1343 tibiis,
1911 1304 2034 1345 fistula,
2063 1316 2146 1348 cym-

1193 1365 1291 1404 balis,
1312 1364 1534 1408 tympanisque
1553 1370 1735 1408 pererepat,
1764 1365 1889 1408 Satyris
1907 1364 2149 1411 Aegipanisque

1191 1426 1455 1466 bacchantibus«,
1483 1438 1578 1470 quem
1592 1437 1711 1458 morem
1728 1426 1823 1458 hodie
1837 1427 1982 1472 Hispana
1997 1429 2147 1460 nobilitas

1193 1488 1342 1520 imitatur.
1375 1488 1457 1519 Nam
1475 1494 1506 1520 et
1522 1500 1668 1520 somnum
1686 1488 1718 1520 in
1742 1488 1873 1520 multam
1891 1489 1995 1522 lucem
2024 1497 2145 1534 protra-

1193 1551 1288 1588 hunt,
1309 1556 1341 1582 et
1362 1550 1478 1582 bonam
1495 1550 1705 1594 pomeridiani
1734 1556 1855 1594 partem
1877 1551 1976 1596 quieti
2005 1553 2148 1585 tribuunt

1194 1618 1226 1643 et
1250 1618 1283 1643 ut
1304 1612 1350 1643 illi
1367 1612 1542 1656 loquuntur
1558 1624 1678 1656 passan
1691 1613 1723 1644 la
1738 1613 1858 1652 siesta,
1884 1619 2010 1645 noctem
2028 1613 2098 1646 alea
2114 1621 2146 1646 et

1192 1676 1316 1708 lusibus
1339 1677 1527 1717 transigunt.
1536 1677 1740 1708 Ψαῦμι-
1766 1676 1851 1709 Vide
1870 1682 1975 1709 tamen
2001 1690 2041 1710 ne
2060 1678 2146 1711 luces

1192 1738 1309 1781 pariter
1337 1743 1373 1768 ut
1397 1737 1474 1768 alias
1495 1738 1618 1769 lumina
1638 1738 1716 1769 nihil
1740 1737 1802 1768 nisi
1831 1739 1936 1770 oculos
1955 1739 2144 1781 significent,

1192 1804 1227 1829 ut
1251 1799 1335 1842 apud
1355 1798 1512 1829 Rutilium
1529 1798 1609 1842 (itin.
1630 1800 1666 1839 l,
1694 1798 1795 1842 166)ι

1248 1861 1343 1891 »ss'on
1359 1872 1489 1903 possum
1509 1862 1593 1892 sicca
1615 1860 1720 1892 dicere
1740 1860 1813 1892 luce
1835 1861 1936 1893 valea

1264 1929 1376 1956 testem
1400 1922 1494 1969 erqo]
1533 1924 1710 1957 Construe:
1753 1924 1900 1966 »ignosce
1944 1937 2019 1967 ergo
2053 1926 2145 1968 nugis

1191 1985 1355 2026 lectitans,
1383 1992 1456 2018 nate
1484 1991 1593 2018 secute
1624 1990 1758 2026 testem,
1794 1998 1874 2029 quac
1902 1992 2064 2019 veternum
2092 1999 2146 2019 no-

1192 2055 1292 2081 strum
1311 2049 1477 2094 prodidit«,
1500 2051 1561 2082 hoe
1579 2055 1628 2081 est
1645 2049 1805 2082 Saturam.
1828 2050 1894 2080 Pro
1909 2051 2050 2093 prodidit
2065 2051 2144 2081 Bar-

1191 2112 1277 2143 thius
1293 2113 1337 2156 (in
1355 2113 1476 2143 advers.
1499 2124 1530 2155 p.
1544 2112 1653 2154 1:579)
1672 2111 1704 2143 in
1722 2123 1780 2142 suo
1802 2111 1912 2142 codice
1931 2111 1994 2152 legi
2013 2116 2145 2142 testatur

1193 2176 1351 2214 condidit,
1374 2175 1460 2218 quod
1474 2175 1607 2214 mavult,
1633 2175 1742 2206 nescio
1760 2186 1823 2218 quo
1842 2186 1948 2205 sensu.
1978 2175 2141 2206 Veternns

1194 2243 1243 2269 est
1261 2249 1383 2268 marcor
1399 2236 1524 2277 senilis,
1548 2241 1583 2267 ut
1597 2235 1686 2267 Celsi
1702 2235 1754 2278 (de
1775 2234 1886 2265 medie.
1908 2235 1948 2273 5,
1971 2234 2032 2277 20)
2050 2247 2142 2267 voea-

1193 2300 1269 2332 bulo
1294 2306 1379 2339 utar,
1413 2312 1507 2343 quem
1531 2298 1647 2330 Graeci
1669 2294 1873 2342 λήθαργοι)
1901 2303 2033 2339 vocant,
2060 2310 2144 2331 nunc

1194 2361 1227 2393 in
1245 2361 1506 2402 significationem
1521 2358 1745 2390 imbecillitatis
1768 2358 1947 2401 decrepitae
1962 2366 2143 2403 usurpatur,

1195 2428 1231 2454 nt
1245 2422 1328 2466 apud
1347 2422 1508 2454 Catullum
1521 2421 1594 2464 (17,
1614 2420 1686 2463 24),
1705 2420 1873 2450 Horatium
1890 2419 1953 2463 (cp.
1969 2422 2000 2461 1,
2019 2422 2053 2460 8,
2074 2423 2143 2465 10),

1195 2486 1364 2528 Virgilium
1379 2486 1498 2529 (georg.
1517 2485 1549 2524 1,
1573 2483 1667 2526 124),
1688 2483 1785 2523 alios,
1813 2484 1851 2515 cs.
1868 2483 2078 2515 Arntzenium
2090 2485 2143 2529 (ad

1196 2551 1303 2582 Pacat.
1323 2561 1435 2594 paneg.
1458 2561 1487 2592 p.
1502 2547 1564 2590 52)
1581 2552 1612 2579 et
1628 2547 1794 2579 Bar-thium
1819 2547 1863 2591 (iu
1881 2546 1948 2578 adv.
1972 2559 2001 2592 p.
2020 2548 2143 2592 2078).

963 2630 1377 2662 ww..-
