2310 2860
185 419 270 459 [151

183 738 275 780 452
305 740 549 782 consulatus
588 741 684 780 mei.

301 151 393 194 590

862 146 1061 189 Martiani
1098 145 1298 203 Capellae
1334 143 1406 186 lib.
1429 143 1484 186 V.
1522 146 1683 199 §.4511

304 256 468 313 agmina
494 254 803 310 sequebantur,
834 254 941 296 haec
971 253 1086 294 fama
1117 261 1394 304 convenerat,
1431 252 1547 307 quod
1579 251 1812 293 acerrimus
1842 252 1955 294 idem
1986 263 2026 294 et
2055 252 2249 309 procellis

302 336 551 390 indignantis
590 335 750 376 Oceani
800 334 1060 389 fremituque
1107 333 1350 385 violentior3
1406 332 1593 387 denique
1632 332 1685 373 de
1718 331 1791 372 illo
1822 346 1970 373 versus
1998 332 2249 387 hujusmodi

306 416 542 457 ferebatur:
573 418 711 460 Λεινὸς
744 418 841 466 ἀνὴρ
868 417 975 465 τι-ὶχα
1002 432 1068 454 κεν
1099 417 1164 453 καὶ
1190 415 1368 453 ἀναίτιον
1394 413 1585 452 αἰτιόωτο.
1608 429 1612 432 ·

1647 412 1766 454 Alter
1804 428 1930 464 vero,
1982 427 2114 468 quem
2149 429 2250 454 con-

303 497 454 538 sularis
492 512 686 553 purpura
729 507 769 539 et
809 497 1107 551 conjurationis
1138 495 1344 536 extinctae
1391 494 1538 535 laurea
1585 494 1842 546 redimebat,
1901 509 2003 535 mox
2042 495 2250 550 ingressus

305 579 467 620 curiam
494 580 701 634 superum
728 587 767 619 et
787 579 828 618 iu
847 578 961 618 Jovis
986 577 1219 632 gratulatus
1245 585 1305 616 cst
1327 591 1370 616 se
1391 576 1553 617 venisse
1578 585 1873 631 conspectum,
1897 575 2046 616 laetior
2068 575 2251 617 clamare

302 661 428 716 igitur
459 660 613 716 coepit:
645 675 669 700 o
700 674 775 700 nos
806 659 970 709 beatos,
1009 673 1034 699 o
1064 658 1378 714 rempublicam
1410 657 1689 707 fortunatam,
1728 671 1753 697 o
1786 656 2052 712 praeclaram
2082 655 2252 698 laudem

305 893 447 936 deosque
471 893 664 924 immortales
686 893 785 937 recipi
803 898 952 925 constans
974 893 1077 924 nostri
1099 891 1257 925 sententia

305 962 355 988 cst
376 955 416 1000 (ξ.
431 957 489 988 95.
516 957 610 1000 125).

379 1019 573 1064 acerrimus]
608 1020 698 1052 Idem
729 1025 761 1051 ct
782 1020 973 1052 Plutarchus
1001 1019 1097 1051 sentit
1123 1019 1169 1063 (in
1194 1018 1259 1050 vita

306 1082 376 1123 ejus
391 1082 531 1125 p.850)=
544 1083 581 1116 οἱ
596 1080 666 1124 μὲν
680 1074 752 1115 οὖν
764 1080 1021 1127 γεγραμμένοι
1035 1081 1116 1115 τῶν
1130 1079 1259 1125 λόγων

307 1140 366 1177 ὅτι
399 1141 443 1176 τὸ
469 1139 667 1188 αὐστηρὸν
703 1140 806 1177 πολὺ
839 1141 902 1176 wi
935 1140 1073 1188 πικρὸν
1101 1144 1258 1186 ἔχουσι,

306 1204 346 1239 τὶ
368 1200 416 1238 ἂν
436 1202 545 1249 λέγοι
566 1215 642 1244 τις,
669 1210 701 1235 ct
717 1205 891 1235 Homerico
905 1216 999 1236 versu
1021 1204 1122 1235 utitur
1141 1210 1173 1235 et
1191 1204 1259 1248 ipse

307 1267 409 1311 (Iliad.
427 1269 492 1308 20,
515 1268 618 1310 467)=

363 1328 436 1366 πΟὐ
454 1327 528 1377 γάρ
547 1342 585 1364 τι
608 1327 867 1376 γλυκύθυμος
886 1327 983 1377 ἀνὴρ
1001 1323 1052 1376 ἧν
1073 1327 1154 1364 οὐδ’
1170 1326 1259 1374 ἀγα-

703 1388 880 1439 νόφρων,

310 1451 395 1488 ἀλλ’
419 1452 578 1492 ἔντονος
593 1450 656 1486 καὶ
681 1451 809 1492 βίαιος
828 1450 916 1500 περὶ
932 1449 1003 1492 τὰς
1022 1449 1204 1496 &libarat-s

382 1513 523 1559 δεινὸς]
556 1515 621 1546 llic
660 1527 771 1546 versus
801 1527 818 1545 a
842 1515 952 1546 codiee
983 1516 1171 1547 monacensi
1196 1515 1263 1559 (C)

310 1578 439 1610 omuino
465 1580 565 1610 abest.
593 1578 630 1610 ln
658 1579 722 1609 alio
752 1578 862 1610 codice
887 1578 1022 1610 Grotius
1055 1579 1090 1610 in
1121 1579 1262 1620 margine

310 1642 391 1672 hane
418 1642 589 1673 lectionem
618 1647 743 1672 exstare
777 1646 914 1672 testatur

368 1699 522 1741 »Λεινὸς
540 1699 637 1748 ἀνὴρ
665 1699 713 1736 τὰ
736 1699 834 1737 κακὰ
855 1698 920 1736 καὶ
942 1699 1100 1738 ἐναντία
1122 1698 1265 1742 εὐτιβὸ-

711 1763 857 1809 ληὸεν.«

314 1826 434 1857 Verum
458 1825 636 1869 lege'apud
662 1827 839 1859 Homerum
865 1827 921 1871 (Il.⁴
942 1828 1004 1868 11,
1034 1828 1130 1871 654).

389 1887 519 1933 laurea]
551 1888 640 1919 Ante
674 1889 784 1920 oculos
824 1889 974 1921 habuisse
1008 1890 1134 1921 videtur
1166 1889 1266 1921 Plinii

314 1951 410 1982 verba
424 1951 509 1995 (hist.
524 1957 586 1982 nat.
603 1953 634 1993 7,
655 1953 717 1995 50)
733 1953 849 1996 quihus
868 1953 1058 1985 Ciceronem
1078 1953 1267 1997 alloquitur:

320 2012 426 2043 »salve
460 2013 578 2056 primus
617 2014 757 2045 omnium
792 2027 907 2059 parens
941 2015 1062 2059 patriae
1091 2015 1268 2059 appellate,

316 2073 435 2117 primus
459 2076 493 2105 in
516 2081 588 2118 loqu
611 2077 805 2118 irittmplmm
822 2076 1014 2120 linguaeque
1035 2078 1179 2108 Iam-eam
1203 2089 1266 2108 me-

316 2135 412 2175 rite«,
444 2135 505 2166 nisi
534 2137 668 2168 eundem
697 2149 768 2168 cum
795 2138 903 2169 Plinio
929 2138 1071 2182 respexit
1099 2138 1266 2170 Ciceronis

318 2199 418 2242 ipsius
440 2211 565 2230 versum
584 2202 636 2239 (ile
655 2202 734 2232 ollic.
758 2203 790 2242 1,
816 2202 882 2242 223
909 2202 990 2233 adde
1010 2202 1151 2246 Philipp.
1169 2202 1204 2243 2,
1226 2203 1269 2243 83

318 2263 350 2294 iu
372 2263 484 2296 Pison.
505 2264 581 2306 29):

377 2327 518 2359 »Cedant
545 2340 634 2358 arma
659 2333 767 2369 togae,
794 2331 945 2362 concedat
970 2330 1078 2361 laurea
1102 2331 1268 2373 linquae«,-

322 2390 361 2420 1le
382 2402 444 2432 quo
467 2391 559 2421 etiam
579 2391 770 2423 Plutarchus
791 2393 856 2436 (xit.
875 2394 942 2425 Cic.
960 2407 989 2437 p.
1007 2394 1093 2437 887)
1116 2399 1148 2425 et
1165 2393 1268 2435 Quin·

320 2453 466 2484 etiliauus
499 2453 583 2497 (11,
615 2455 652 2494 1,
683 2454 766 2497 24),
801 2469 904 2500 neque
936 2457 1103 2489 invenuste
1139 2458 1268 2499 Salejus

320 2515 443 2545 Bassus
468 2527 524 2546 seu
549 2515 694 2558 quisquis
722 2516 803 2546 alius
829 2523 939 2549 auctor
959 2525 1009 2550 est
1027 2519 1217 2563 panegyrici
1237 2518 1269 2550 in

321 2578 488 2618 Pisonem,
515 2579 567 2623 qni
594 2579 652 2611 suh
679 2579 801 2613 Lucani
827 2582 953 2614 nomine
976 2583 1061 2615 veuit
1089 2583 1180 2627 (55)=

743 740 836 780 Post
881 740 956 780 hos
1002 748 1144 780 tamen
1182 739 1223 779 in
1263 736 1439 779 diversis
1477 736 1716 791 agminibus
1751 746 1939 779 oratores
1979 737 2164 789 emeriti,
2207 752 2252 779 ac

1366 891 1436 925 »Sic
1461 894 1557 924 etiam
1578 904 1694 936 maqno
1712 894 1783 937 jam
1810 899 1886 926 tune
1912 892 2070 927 Cicerone
2089 894 2216 937 vigente

1358 955 1484 987 Laurea
1506 956 1658 999 facundis
1683 963 1847 989 cesserunt
1871 969 1963 989 arma
1989 957 2133 999 togatis«

1384 1016 1541 1062 clamare]
1576 1018 1671 1050 Adde
1696 1031 1736 1050 ex
1756 1018 1830 1051 MS.
1847 1020 1970 1052 laetior.
1984 1019 2148 1064 Geor-7—
2171 1015 2259 1049 Idem

1308 1079 1343 1111 in
1362 1079 1551 1112 Monac-ensi
1572 1080 1628 1123 (C)
1641 1085 1673 1111 et
1690 1081 1938 1112 Darmstattensi
1953 1081 2082 1123 legitur,
2096 1091 2201 1124 neque
2212 1091 2259 1110 re-

1309 1154 1429 1187 ponere
1449 1143 1596 1186 equidem
1617 1143 1777 1184 dubitavi,
1803 1144 1860 1176 sed
1881 1145 1968 1189 quod
1985 1145 2019 1176 in
2035 1144 2149 1175 iisdem
2168 1143 2261 1174 omis-

1311 1217 1382 1236 sum
1413 1210 1462 1236 est
1492 1206 1593 1248 igitur
1628 1205 1742 1237 tollere
1772 1206 1879 1246 nolui,
1917 1206 2021 1238 donee
2053 1206 2147 1237 etiam
2170 1212 2217 1236 est
2246 1217 2262 1236 a

1311 1266 1421 1299 codice
1442 1267 1549 1309 aliquo
1573 1267 1686 1298 abesse
1713 1267 1913 1310 comperiam.

1386 1339 1404 1359 ο
1420 1326 1491 1371 nos]
1510 1327 1716 1359 Manifestum
1732 1333 1783 1359 est
1800 1328 1896 1359 rideri
1904 1328 2071 1360 Ciceronis
2081 1327 2264 1370 jactantiam

1313 1388 1426 1431 suique
1449 1389 1713 1430 ostentationem,
1745 1390 1915 1433 quaejam
1949 1390 2124 1434 antiquitus
2157 1390 2265 1420 multis

1313 1451 1482 1483 offensioni
1500 1452 1579 1492 fuit,
1603 1457 1638 1482 nt
1656 1451 1756 1483 Dioni
1780 1452 1896 1485 Cassio
1920 1453 1999 1496 (58,
2030 1451 2090 1495 12)
2112 1457 2144 1483 et
2165 1451 2266 1484 Sene·

1312 1526 1368 1546 eae
1392 1514 1445 1559 (de
1466 1515 1580 1547 brevit.
1599 1515 1653 1548 vit.
1672 1517 1710 1556 5,
1739 1529 1769 1560 p.
1785 1517 1883 1559 492).
1909 1515 1999 1558 Quid
2025 1515 2112 1559 quod
2139 1515 2207 1558 ipse
2231 1527 2267 1545 »a

1311 1579 1396 1611 Jove
1415 1591 1449 1610 se
1471 1580 1503 1610 in
1520 1579 1653 1610 deorum
1672 1579 1840 1611 concilium
1860 1580 2067 1610 advocatum«
2081 1579 2267 1620 jactaverat,

1312 1646 1395 1673 teste
1422 1640 1642 1683 Quinctiliano
1667 1641 1746 1684 (11,
1769 1642 1807 1681 1,
1838 1640 1915 1684 24),
1944 1641 1998 1684 qui
2022 1640 2115 1671 simul
2142 1645 2174 1671 et
2196 1651 2264 1672 ver.

1314 1713 1385 1734 sum
1412 1701 1579 1733 Ciceronis
1604 1702 1695 1733 affert
1720 1713 1761 1734 ex
1783 1702 1920 1734 carmine
1943 1703 2071 1734 heroico
2095 1702 2132 1733 de
2155 1714 2267 1733 connsu-

1315 1764 1384 1796 latu
1408 1776 1485 1804 suo,
1511 1776 1607 1808 quem
1632 1770 1743 1797 noster
1768 1777 1897 1810 quoque
1927 1765 1961 1797 in
1986 1764 2195 1810 sequentihus
2222 1775 2269 1796 re·

1315 1826 1435 1872 spexit:

1374 1888 1423 1921 »O
1444 1887 1646 1932 fortunatam
1676 1894 1788 1921 'meam
1816 1901 1865 1921 me
1888 1889 2018 1921 consule
2046 1887 2198 1921 Romam·

1316 1952 1443 1997 saepius
1472 1953 1563 1983 illum
1586 1957 1620 1984 et
1644 1965 1661 1984 a
1683 1953 1904 1996 Quinetiliano
1926 1953 1979 1997 (9,
2007 1953 2048 1993 4,
2076 1951 2138 1992 41)
2165 1956 2198 1981 et
2229 1949 2267 1980 ab

1316 2015 1386 2046 aliis
1411 2020 1552 2046 veterum
1578 2013 1741 2058 (Juvenal.
1766 2016 1830 2055 15,
1856 2015 1942 2049 122.
1958 2013 2136 2053 Antholog.
2157 2011 2267 2042 Burin.

1318 2077 1356 2107 T.
1376 2076 1413 2116 Ι,
1440 2088 1471 2119 p.
1492 2076 1580 2118 548)
1609 2082 1808 2119 usurpatum.

1395 2135 1550 2182 oratores]
1583 2137 1634 2168 De
1661 2123 1795 2169 Graecis
1818 2136 2014 2176 oratoribus,
2038 2145 2119 2178 quos
2142 2133 2193 2165 hie
2217 2144 2271 2164 no-

1319 2207 1387 2233 ster
1410 2207 1653 2242 commemorat,
1675 2199 1854 2239 Aeschine,
1872 2198 2030 2239 Isocrate,
2052 2198 2167 2242 Lysia,
2187 2197 2272 2239 longi

1319 2277 1391 2297 esse
1423 2266 1590 2305 nolumus,
1619 2275 1717 2307 quum
1749 2274 1860 2294 omnes
1890 2268 1922 2294 et
1951 2262 2078 2306 seriptis
2111 2262 2272 2305 ipsorum,

1320 2341 1400 2373 quae
1427 2329 1467 2360 ad
1490 2333 1632 2360 nostram
1657 2332 1793 2358 aetatem
1817 2331 2048 2370 pervenerunt,
2079 2330 2111 2356 ct
2132 2330 2273 2356 veterum

1314 2392 1461 2434 judiciis,
1502 2396 1538 2422 ut
1571 2390 1758 2430 Ciceronis,
1787 2389 1936 2432 Dionysii
1960 2387 2272 2426 Halicarnasson-sis,

1321 2452 1549 2498 Quinctiliani,
1577 2452 1761 2492 Plutarchi,
1788 2451 1915 2491 Photii,
1945 2451 2021 2483 satis
2048 2451 2112 2482 sint
2138 2449 2274 2491 coguiti;

1319 2518 1469 2550 laudasse
1491 2515 1625 2547 sufficiat
1651 2516 1780 2547 doctum
1799 2514 2048 2548 Westcrmauni
2065 2514 2179 2546 librum
2199 2512 2275 2555 (Ge-

1321 2582 1460 2614 schichte
1478 2579 1534 2612 cler
1555 2580 1775 2622 griechischen
1789 2578 2042 2617 Bercdsamkeit,
2064 2577 2153 2619 Lip5.
2166 2576 2273 2608 1855»
