2310 2860
68 327 123 368 -10

158 145 219 188 56

734 142 934 185 Martiani
974 140 1174 199 Capellae
1210 140 1283 183 lib.
1304 141 1339 184 Ι.
1376 144 1407 195 §.
1433 143 1501 184 10.

156 251 301 292 solitus
323 251 492 292 sortitus
511 249 729 301 excedere,
753 250 822 291 vel
839 250 949 306 logia
971 262 1215 305 personare,
1233 249 1371 304 sagaci
1396 262 1494 290 eum
1518 249 1836 306 investigatione
1856 249 2111 306 disquirunt.

158 331 243 374 Sed
271 331 336 373 his
369 331 598 386 adytorum
628 330 797 386 fastigiis
833 330 1135 387 specubusque
1177 329 1382 383 viduatis,
1428 331 1591 386 absque
1620 331 1734 374 lauri
1772 331 1926 374 arentis
1963 332 2111 387 paucis

157 452 211 497 (ad
228 451 303 486 Sax.
320 464 352 496 p.
366 449 441 494 42),
460 447 657 482 Arntzenius
673 449 719 494 (in
739 449 828 481 misc.
844 463 874 494 p.
895 449 981 494 199)
999 455 1032 481 et
1047 448 1108 482 viri

156 518 243 550 docti
263 517 303 548 ad
325 515 542 557 anthologiam
551 516 700 548 Latinam
717 515 840 560 (Burin.
857 515 899 547 II.
923 528 954 560 p.
970 514 1056 560 506)
1075 519 1107 546 et

156 580 196 611 ad
210 578 408 624 Appulcjum
435 577 489 622 (Π.
509 591 540 622 p.
564 578 644 610 154.
676 578 734 609 ΠΙ.
752 591 782 621 p.
797 578 871 610 669
898 576 1007 621 Oud.).
1042 577 1106 608 Lo-

155 653 230 682 cu5‚
264 653 359 684 quem
385 652 403 671 e
426 639 543 682 glossis
568 639 685 672 Isidori
710 640 800 671 affert
824 638 977 679 Grotius,
1002 650 1107 682 neque

155 703 240 747 apud
261 701 472 743 Vulcanium,
506 713 611 745 neque
638 701 672 733 in
698 701 791 733 editis
813 701 852 732 ab
876 699 1030 732 Arevallo
1057 712 1106 732 re-

154 766 284 811 peritur.
334 765 403 798 Sed
432 764 585 809 seriptum
617 757 712 796 ctiam
744 776 761 795 a
791 764 981 807 quibusdam
1007 764 1105 795 fuisse

152 828 353 871 plnysiculare
374 826 451 858 satis
476 827 646 870 probatum
664 830 731 866 cst,
759 826 915 869 siquidem
939 837 1004 857 non
1021 826 1105 858 Mar-

152 891 230 923 tiani
254 891 358 922 solum
386 890 459 922 libri
485 890 615 933 plurimi
644 890 690 921 sie
717 889 870 933 scriptum
896 890 1027 921 verbum
1052 902 1106 921 ex-

151 953 279 994 hibent,
316 952 373 984 scd
397 951 552 996 Appuleji
574 951 667 982 ctiam
691 956 723 982 ct
747 951 886 983 Saxonis
912 952 1107 993 grammatici

150 1016 232 1049 libri.
263 1017 373 1059 Quum
398 1027 474 1047 vcro
498 1015 600 1046 codex
621 1014 825 1048 Monacensis
851 1014 929 1059 (G),
954 1015 1106 1057 Bodleja-

150 1090 211 1111 nus
240 1078 362 1122 primus
392 1083 424 1109 et
453 1077 635 1117 secunduS,
670 1077 859 1118 Hugiauus,
895 1077 1105 1118 Basilccnsis,

149 1141 425 1181 Darmstattensis,
449 1141 735 1183 Cantabrigiensis,
752 1141 1023 1185 Britannicusque
1039 1142 1105 1184 fisi-

148 1206 265 1239 culmis
282 1205 437 1245 habeant,
462 1210 495 1236 et
516 1205 598 1236 infra
614 1217 742 1249 quoquc
759 1203 800 1249 (ἓ.
817 1203 901 1248 151)
922 1217 981 1249 pro
998 1206 1104 1249 physi-

149 1268 259 1301 culam
280 1267 314 1299 in
331 1266 592 1310 Guelferbytanis
613 1278 684 1299 esse
699 1266 890 1310 fessio-alant
911 1267 1044 1300 Cortius
1065 1267 1106 1300 ad

146 1329 221 1362 libri
244 1329 424 1374 Lipsiensis
449 1329 623 1371 marginem
644 1329 858 1370 annotaverit3
896 1329 936 1360 ad
958 1329 1103 1375 Appule-

142 1394 213 1436 jum
230 1393 367 1437 denique
386 1393 440 1438 (II.
459 1406 489 1438 p.
511 1392 596 1436 154)
623 1393 683 1425 viri
707 1392 793 1425 docti
823 1394 1040 1435 observarint,
1069 1394 1103 1425 in

146 1455 371 1488 vetustissimis
397 1454 548 1488 Martiaui
575 1454 671 1487 Mstis
702 1466 773 1485 csse
801 1454 1003 1497 fissiculare2·
1041 1457 1104 1488 hoe

145 1529 205 1560 ego
231 1523 267 1549 ut
296 1518 396 1559 magis
419 1523 531 1549 notum
547 1517 581 1548 in
606 1521 729 1548 textum
752 1517 868 1562 recepi.

220 1578 381 1625 prosiciis]
408 1579 627 1611 Prosiciorum
648 1578 732 1622 apud
753 1579 887 1610 Festum
906 1578 1100 1611 Arnobium-

147 1653 209 1685 que
231 1641 359 1673 mentio.
390 1640 527 1672 Glossa=
549 1640 702 1672 „Prosele
726 1636 933 1685 ἀκροθίνια
943 1655 953 1668 «
976 1641 997 1672 l.
1019 1642 1100 1672 Pro-

144 1706 250 1738 sieiae.
288 1705 445 1736 Prosecta
466 1702 615 1734 dicuntur
635 1703 746 1735 Macro
771 1703 805 1734 in
828 1699 1099 1751 ὀρνιθογονὶᾳε

151 1767 305 1808 »Vulgari
320 1770 404 1797 tosta
426 1776 543 1808 vapore
568 1764 652 1797 Cum
675 1765 771 1806 wirgis
793 1771 941 1808 prosecta
959 1767 1093 1798 serunt«

143 1828 261 1860 Flacco
287 1826 534 1868 Argonauticis:
554 1844 602 1850 --
624 1832 853 1870 »prosectaque
878 1828 991 1870 partim
1018 1829 1099 1860 Pec-

144 1896 242 1921 tora.«
289 1889 440 1921 Lucano:
478 1887 576 1920 »Lavi
618 1888 720 1919 calido
755 1894 903 1932 prosecta
933 1890 1072 1921 cerebro.
1081 1904 1092 1918 «

144 1951 269 1985 Statio:
289 1970 337 1975 —-
377 1951 451 1983 »ubi
493 1951 626 1982 adverso
668 1951 822 1982 dederant
854 1957 1001 1995 prosecta
1035 1953 1099 1984 To·

144 2015 260 2047 muntia·
307 2014 426 2046 ovidio
453 2014 575 2045 Fastis:
595 2034 643 2041 —
686 2021 852 2061 »prosecta
883 2016 942 2047 sul)
973 2018 1099 2048 aethere

143 2076 262 2122 penita«
301 2076 368 2118 Qui
390 2081 422 2107 et
445 2075 537 2107 alibi:
560 2076 736 2120 »Imposuit
756 2083 903 2120 prosecta
924 2078 1100 2110 calentibus

145 2138 236 2170 aris«
288 2137 449 2168 Prosicics
475 2137 633 2169 Varroni:
660 2139 856 2170 »Prosiciem
887 2145 1033 2172 extorum
1067 2140 1100 2172 in

144 2210 287 2232 mensam
327 2198 522 2243 porricere«,
559 2204 591 2230 ct
620 2199 763 2231 Lucilio:
800 2201 960 2233 »caenam
996 2202 1126 2246 inquit.

145 2264 265 2298 nullam
297 2275 400 2307 neque
427 2264 507 2295 divis
536 2264 705 2307 prosicicm
735 2265 862 2297 ullam.n
921 2265 960 2297 111
985 2265 1100 2298 Solino

147 2328 378 2361 emendatiores
398 2327 523 2359 codices
539 2329 693 2370 prosicias
710 2328 843 2360 liabent:
857 2329 1004 2361 nonnulli
1024 2341 1099 2362 vero

143 2391 298 2435 perficias
339 2401 356 2420 a
395 2388 615 2432 porrieiendO,
658 2390 745 2432 quod
784 2390 975 2423 vocabulum
1009 2391 1101 2423 multi

146 2458 315 2498 usurpant,
342 2452 465 2492 Varro,
492 2451 674 2491 Arnohius,
699 2452 875 2494 Virgilius,
903 2454 967 2486 alii.
993 2454 1097 2497 Gnor

147 2537 193 2541 —-
227 2516 355 2560 Quibus
386 2517 464 2547 hacc
488 2527 552 2547 non
581 2515 756 2556 sufficiunt,
800 2517 914 2548 adeant
944 2517 1096 2550 Ovidium

146 2579 191 2623 (in
214 2579 419 2622 metamorph.
451 2578 513 2618 15,
550 2576 652 2621 156),
682 2577 880 2610 macrobium
909 2577 956 2621 (in
981 2577 1093 2612 Satur-

1156 448 1220 481 nal.
1236 450 1278 491 5,
1309 448 1364 493 2),
1394 455 1427 482 et
1450 449 1693 483 Taubmannum
1721 450 1761 484 ad
1784 450 1936 484 Plautum
1958 450 2111 494 (Mostell.

1156 512 1199 551 5,
1229 512 1270 552 5,
1304 513 1337 544 5.
1371 524 1402 556 p.
1428 512 1510 544 562.
1539 512 1642 544 Poen.
1669 513 1712 553 2,
1746 514 1781 546 8.
1811 526 1842 558 p.
1868 511 1980 557 877),
2008 511 2110 544 Dace-

1156 575 1239 606 rium
1261 575 1302 607 ad
1322 575 1455 607 Festum
1486 572 1529 621 (p.
1547 573 1658 620 587),
1680 575 1955 608 Elmenhorstium
1980 576 2020 607 ad
2048 574 2111 607 Ar-

1156 638 1287 670 nobium
1315 637 1357 683 (p.
1379 638 1483 682 187),
1514 637 1709 671 Saubertum
1736 637 1775 669 de
1796 639 1958 671 sacrifieiis
1986 639 2026 682 (c.
2052 638 2111 671 20.

1156 714 1187 745 p.
1208 702 1317 746 486),
1353 702 1559 734 Brissonium
1588 702 1627 734 de
1656 701 1800 733 formulis
1829 701 1872 746 (p.
1896 703 1954 734 22.
1980 702 2019 733 al.
2038 700 2111 745 24).

1156 764 1207 795 De
1234 764 1320 795 omni
1348 765 1410 796 hoe
1440 764 1603 795 divinandi
1629 775 1746 807 genere
1772 763 1925 808 pulchros
1948 762 2020 806 lege
2041 774 2112 795 ver-

1157 839 1212 859 sus
1236 827 1357 859 Tibulli
1381 826 1429 871 (1,
1451 829 1485 868 8,
1511 828 1567 872 5)=

1212 891 1300 923 »Nec
1321 892 1400 922 mila·
1414 897 1491 923 sunl
1510 897 1632 932 sortes,
1651 903 1711 924 ‘nec
1727 893 1853 924 conscia
1865 890 1948 934 fibra
1963 889 2112 931 deorum,-

1204 953 1373 985 Praecinit
1390 959 1524 985 eventus
1551 965 1610 985 nec
1628 954 1709 985 milti
1728 959 1843 985 cantus
1865 955 1964 985 avis-u

1231 1016 1357 1062 solitus]
1383 1017 1422 1049 ld
1445 1022 1517 1048 ante
1541 1019 1675 1049 sortitus
1698 1021 1785 1048 recte
1814 1016 1966 1060 supplent
1983 1015 2112 1048 codices

1154 1080 1367 1113 Monacenscs
1395 1081 1448 1124 (B.
1466 1081 1507 1112 D.
1519 1080 1594 1125 Ε),
1621 1081 1779 1124 siquidem
1802 1081 1864 1111 hoc
1887 1080 2018 1111 verbum
2039 1091 2112 1111 cum

1154 1142 1319 1174 infinitivis
1340 1142 1494 1173 excedere
1518 1148 1550 1173 ct
1571 1154 1746 1185 personare
1769 1140 2027 1183 conjungendum
2051 1145 2110 1172 est.

1230 1202 1397 1248 excedere]
1426 1203 1629 1244 Bulengcrus
1660 1202 1713 1247 (de
1732 1208 1808 1234 sort.
1832 1204 1863 1243 1,
1889 1204 1919 1234 7.
1939 1202 1975 1233 in
1993 1201 2110 1234 Gracv.

1155 1265 1236 1296 thes.
1247 1265 1289 1297 V.
1301 1264 1388 1309 596)
1406 1264 1513 1307 legere
1531 1276 1590 1296 nos
1602 1265 1697 1306 jubet
1715 1265 1860 1296 exedere.
1880 1263 1970 1307 Quid
1985 1263 2037 1295 hic
2055 1274 2110 1295 vo-

1155 1328 1252 1360 lucrit
1275 1330 1336 1360 hoc
1358 1329 1472 1369 verbo,
1515 1340 1581 1360 non
1604 1328 1785 1372 perspici05
1808 1333 1839 1359 ct
1863 1338 1976 1358 vercor
1992 1338 2033 1357 ne
2054 1324 2111 1358 ille

1154 1390 1273 1434 pariter
1302 1401 1337 1421 ac
1373 1389 1507 1422 Grotius
1534 1389 1641 1430 glossa
1672 1388 1812 1428 inducti,
1860 1400 1941 1432 quae
1975 1389 2109 1419 sortitus

1153 1454 1382 1496 interpretatur
1404 1453 1618 1484 divinationes
1627 1475 1639 1492 ,
1663 1453 1744 1483 hanc
1770 1463 1882 1483 vocem
1899 1463 1958 1495 pro
1977 1450 2108 1483 nomine

1154 1514 1372 1554 substantivo,
1394 1526 1509 1557 nempe
1526 1525 1585 1556 pro
1602 1513 1769 1545 sortitione
1787 1513 1983 1555 acceperint,
2010 1524 2109 1556 quum

1152 1576 1352 1620 participium
1368 1576 1476 1619 potius
1505 1576 1566 1607 hoc
1589 1576 1662 1608 loco
1683 1576 1724 1607 sit
1751 1588 1768 1607 a
1793 1578 1918 1608 sortior.
1946 1576 1985 1608 In
2006 1576 2107 1608 omni-

1151 1639 1212 1670 bus
1238 1639 1321 1670 enim
1350 1639 1430 1670 locis
1455 1639 1607 1671 Mercurii
1639 1639 1737 1670 frater
1767 1639 1915 1683 (Apollo)
1941 1640 2107 1683 quaesitus

1152 1707 1236 1741 crat,
1265 1701 1381 1744 quibus
1403 1701 1518 1732 solitus
1547 1701 1701 1733 excedere
1724 1701 1838 1745 (exire)
1859 1701 2000 1733 sortitus.
2026 1701 2105 1734 Sor-

1151 1762 1243 1794 titum
1268 1762 1420 1805 Pythium
1442 1761 1585 1804 intellige
1609 1774 1699 1803 eum,
1728 1763 1783 1806 qui
1801 1775 1841 1794 cx
1864 1763 1928 1795 illis
1949 1763 2029 1795 locis
2046 1775 2104 1794 cx-

1151 1827 1269 1859 ecdens
1292 1838 1448 1871 responsa
1472 1826 1526 1857 dat
1551 1831 1584 1857 et
1610 1832 1764 1858 eventura
1790 1827 1970 1858 denunciat.
2003 1825 2052 1858 Ita
2074 1832 2107 1858 ct

1152 1903 1168 1921 a
1189 1890 1327 1931 Virgilio
1350 1888 1447 1933 (Aen.
1467 1891 1508 1930 5,
1529 1890 1617 1933 576)
1634 1902 1691 1921 rex
1710 1889 1842 1921 deorum
1870 1889 1996 1921 »sortiri
2016 1890 2098 1921 sata«

1151 1951 1283 1992 dieitur,
1311 1952 1402 1993 cujus
1425 1957 1541 1996 poetae
1564 1962 1677 1983 versus
1698 1951 1891 1983 Martianum
1911 1952 1944 1985 in
1967 1963 2103 1996 sequen-

1150 2016 1236 2048 tibus
1260 2027 1388 2059 quoque
1414 2014 1456 2059 (ἓ.
1482 2014 1543 2059 10)
1567 2020 1640 2046 ante
1666 2015 1778 2047 oculos
1801 2016 1952 2047 habuisse
1971 2016 2102 2060 patebit.

1223 2077 1320 2124 loqia]
1360 2075 1484 2124 Λόγια
1511 2078 1640 2110 oracula
1676 2085 1752 2110 sunt
1785 2079 1927 2124 pedestri
1955 2090 2102 2112 sermone

1150 2139 1256 2181 edita,
1293 2144 1329 2170 ut
1356 2138 1531 2186 χρησμοὶ
1562 2140 1712 2173 carmine.
1750 2141 1888 2173 Videtur
1911 2145 2017 2171 antem
2038 2152 2102 2173 vox

1150 2204 1201 2237 hic
1219 2204 1324 2248 aliqua
1341 2204 1471 2245 deesse,
1495 2209 1531 2235 ut
1550 2204 1591 2236 sit
1607 2204 1710 2246 »logia
1727 2215 1899 2247 personare
1917 2203 2100 2246 solebant«,

1150 2268 1213 2300 nisi
1234 2279 1444 2312 ›=1›crsonare«
1471 2272 1503 2299 et
1524 2273 1596 2299 ante
1622 2278 1827 2299 »excessere«
1853 2266 1961 2308 legas,
1990 2273 2044 2299 aut
2073 2268 2099 2299 si

1151 2330 1228 2374 quid
1251 2329 1365 2373 aptIuS.
1384 2329 1487 2361 Gnor.
1505 2348 1552 2353 —-
1581 2329 1697 2362 Cessat
1717 2329 1796 2369 hoc,
1822 2334 1993 2372 postquam
2011 2341 2029 2361 e
2046 2341 2098 2362 eo·

1151 2392 1274 2424 dicibus
1287 2391 1536 2423 Monacensibus
1554 2403 1648 2435 supra
1666 2390 1786 2421 inserui
1807 2391 1966 2423 »solimae
2004 2391 2099 2424 Unde

1150 2459 1254 2486 autem
1268 2454 1374 2498 priora
1391 2453 1506 2485 habeat
1514 2452 1643 2494 juvenis
1661 2452 1774 2484 doctus
1793 2452 1876 2483 haud
1893 2452 1970 2485 scio.
2000 2453 2098 2486 Certe

1147 2516 1339 2549 contrarium
1356 2515 1507 2547 discimus
1523 2515 1562 2546 ab
1574 2513 1801 2558 AriStophnnc,
1820 2514 1874 2557 qui
1888 2514 1999 2558 (equit.
2015 2516 2096 2548 120.

1149 2580 1234 2625 121)
1257 2575 1390 2625 λόγων
1418 2584 1449 2612 et
1475 2573 1654 2625 χρησμός
1676 2578 1856 2623 promiscue
1882 2584 2023 2624 usurpat.
