2310 2860
655 153 853 196 Martiani
884 152 1084 210 Capellae
1114 153 1185 195 lib.
1215 153 1311 197 VII.
1342 156 1373 207 §-
1403 153 1502 196 799.
1967 156 2058 199 629

109 274 147 305 et
176 278 358 316 novem3
394 262 616 318 quaternio
640 262 924 303 novenarium
952 274 1185 302 numerum
1218 276 1301 302 non
1333 262 1526 314 metitur-3
1557 276 1655 317 ergo
1682 276 1734 302 ne
1755 261 1842 303 duo
1870 263 2062 318 quidem,

108 344 182 399 qui
213 345 255 384 in
293 344 423 384 latere
462 342 722 398 quaternarii
759 351 878 392 sunt,
932 351 1033 392 tres,
1087 342 1162 396 qui
1210 342 1251 383 in
1297 343 1427 383 latere
1465 344 1684 384 novenarii
1733 345 1903 385 numeri
1943 353 2062 396 sunt,

107 428 353 487 metiuntur.
414 427 479 467 Ex
512 426 593 467 hoc
623 427 747 467 etiam
780 424 885 464 illud
917 433 1112 479 apparet,
1165 439 1217 464 ex
1247 423 1416 464 duobus
1444 423 1661 479 quadratis
1692 427 1906 477 numeris,
1951 426 1984 466 si
2024 426 2067 466 in

108 509 277 550 alterius
308 509 437 549 latere
467 509 638 549 alterius
682 507 821 548 lateris
854 519 1054 546 mensura
1085 518 1168 544 non
1201 512 1280 554 est,
1323 518 1377 544 ne
1407 504 1449 544 in
1481 504 1614 545 altero
1647 505 1820 559 quidem
1854 505 2064 559 quadrato

107 589 275 629 numeri
302 589 471 629 alterius
503 587 700 642 quadrati
726 599 970 627 mensuram
1006 598 1106 624 esse.
1167 582 1210 623 Si
1233 592 1387 624 tessera
1415 592 1615 625 tesseram
1640 586 1831 636 metitur,
1862 589 1904 625 in
1932 585 2061 626 latere
2094 583 2183 625 800

108 684 284 724 quoque
326 671 495 711 alterius
546 670 686 710 lateris
730 681 931 708 mensura
971 675 1042 706 est.
1112 664 1202 704 Sint
1248 664 1359 705 duae
1404 673 1583 704 tesserae
1636 674 1728 704 octo
1768 674 1806 704 et
1852 666 2067 720 sexaginta

106 761 312 806 quatuor;
381 767 450 791 eos
490 751 564 804 qui
604 749 819 803 sexaginta
861 756 1046 801 quatuor
1096 754 1195 786 sunt
1241 754 1333 785 octo
1373 744 1629 795 metiuntur,
1679 745 1889 799 siquidem
1940 747 2066 787 octies

106 840 198 871 octo
230 831 445 885 sexaginta
475 840 662 885 quatuor
694 838 813 881 sunt3
868 828 983 881 atqui
1015 828 1048 867 si
1077 828 1120 868 in
1150 827 1282 868 latere
1313 827 1403 881 ejus
1428 836 1628 878 tesserae,
1660 841 1770 880 quae
1796 836 1887 866 orto
1919 827 2060 877 habet,

106 909 192 950 duo
231 911 330 960 sint,
381 910 420 949 in
461 910 590 950 latere
632 910 739 963 ejus,
789 923 901 963 quae
931 907 1146 961 sexaginta
1178 916 1365 961 quatuor
1404 906 1554 957 habet,
1599 915 1785 959 quatuor
1815 915 1932 955 sunt,
1979 905 2065 945 duo

106 990 363 1043 quaternarii
400 1004 600 1030 mensura
632 998 738 1029 sunt.
795 989 865 1028 Ex
890 988 980 1027 -hoe
1012 987 1135 1031 etiam
1168 986 1275 1027 illud
1311 995 1504 1042 apparet:
1536 987 1569 1026 si
1613 1000 1668 1026 ex
1698 986 1867 1026 duabus
1900 987 2064 1026 tesseris

104 1071 192 1112 duo
237 1072 406 1111 alterius
451 1071 585 1120 latus,
632 1070 802 1110 alterius
849 1067 1051 1108 mensura
1091 1077 1150 1108 est
1191 1067 1353 1118 lateris,
1400 1066 1490 1120 ejus
1542 1079 1718 1120 quoque
1758 1075 1939 1107 tesserae
1984 1067 2065 1108 alia

103 1160 259 1191 tessera
303 1165 504 1190 mensura
549 1159 629 1200 est,
693 1149 809 1203 atqui
857 1148 890 1187 si
929 1157 1128 1189 tesseram
1169 1158 1324 1189 tessera
1362 1163 1448 1188 non
1484 1147 1703 1197 metietur,
1757 1162 1809 1186 ne
1848 1147 1890 1186 in
1933 1147 2064 1188 latere

104 1231 279 1286 quidem
312 1246 520 1287 apparens
543 1231 683 1271 lateris
715 1229 886 1270 alterius
919 1244 1120 1271 mensura
1146 1238 1218 1271 est.
1277 1229 1367 1269 Sint
1394 1228 1506 1269 duae
1529 1237 1710 1269 tesserae
1739 1237 1830 1268 octo
1856 1238 1895 1269 et
1920 1229 2065 1284 viginti

104 1321 287 1366 septem;
337 1326 405 1351 eos
444 1312 519 1365 qui
563 1311 708 1364 viginti
755 1320 916 1365 septem
962 1319 1060 1350 sunt
1107 1319 1198 1350 octo
1240 1324 1323 1349 non
1367 1309 1623 1360 metiuntur,
1692 1323 1790 1363 ergo
1841 1324 1980 1365 quum
2020 1312 2064 1352 in

104 1391 234 1432 latere
266 1391 355 1446 ejus
386 1400 588 1442 tesserae,
638 1406 749 1446 quac
780 1401 871 1431 octo
902 1390 1050 1439 habet,
1089 1389 1175 1430 duo
1205 1390 1305 1439 sint,
1349 1389 1392 1429 in
1423 1390 1534 1442 ejus,
1582 1404 1694 1444 quae
1727 1390 1870 1444 viginti
1901 1400 2063 1446 septem

106 1472 252 1523 habet,
304 1482 385 1513 tres
415 1473 516 1525 sint3
576 1471 662 1512 duo
693 1472 926 1512 ternionem
958 1484 1042 1510 non
1075 1469 1320 1511 metiuntur.
1378 1470 1444 1510 Ex
1476 1469 1555 1510 hoe
1586 1470 1711 1511 ctiam
1737 1470 1842 1510 illud
1874 1452 2062 1525 apparet,

106 1555 221 1610 quod
253 1554 286 1594 si
313 1543 516 1594 iii-latere
557 1563 736 1594 tesserae
776 1568 860 1593 non
901 1562 960 1592 est
993 1565 1219 1601 mensura,
1273 1565 1326 1590 ne
1355 1564 1403 1589 ea
1437 1549 1612 1604 quidem
1646 1560 1800 1590 tessera
1845 1564 1938 1589 eain
1980 1560 2063 1590 tes-

102 1650 240 1676 seram
269 1636 452 1676 metitur.
483 1635 532 1675 In
564 1635 679 1675 omni
712 1649 814 1675 vero
847 1648 1043 1683 numero,
1077 1632 1151 1685 qui
1183 1645 1429 1671 mensuram
1462 1631 1504 1670 in
1535 1631 1679 1684 aliquo
1711 1646 1892 1671 numero
1920 1631 2060 1683 habet,
2095 1631 2179 1672 801

105 1731 156 1756 ex
189 1715 339 1756 eodem
379 1723 418 1754 et
452 1728 679 1754 mensurae
715 1727 872 1753 nomen
914 1711 1112 1766 acquirit,
1167 1710 1242 1763 qui
1287 1723 1532 1749 mensuram
1580 1709 1689 1749 facit.
1757 1711 1846 1750 Sint
1889 1725 2060 1762 novem,

104 1797 180 1837 hos
215 1796 348 1837 ternio
387 1795 583 1844 metitur,
628 1804 667 1835 et
707 1803 766 1834 est
811 1793 935 1833 etiam
976 1790 1196 1833 novenarii
1236 1789 1408 1830 numeri
1439 1789 1557 1829 tertia
1590 1803 1687 1842 pars
1718 1789 1758 1828 in
1792 1790 1949 1841 tribus3
1981 1791 2060 1831 sint

105 1878 310 1927 sedecim,
375 1876 454 1916 hos
500 1874 723 1930 quaternio
770 1873 966 1923 metitur,
1018 1881 1057 1912 et
1103 1881 1162 1912 est
1209 1879 1362 1925 quarta
1400 1884 1550 1910 eorum
1606 1871 1681 1924 qui
1729 1870 1911 1911 sedecim
1960 1882 2057 1912 sunt

106 1958 351 2013 quaterni03
382 1957 585 2011 idemque
610 1957 651 1996 in
686 1955 828 1996 ceteris
855 1955 1054 1995 omnibus
1084 1952 1273 1995 numeris
1303 1950 1526 2006 reperitur.
1586 1949 1788 2004 Sequitur
1815 1961 1982 2003 autem,
2014 1961 2060 1992 ut

180 2141 313 2172 alterius
335 2151 487 2171 mensura
505 2137 565 2184 est]
582 2138 705 2170 Vocem
724 2149 875 2169 mensura
899 2149 916 2168 a
940 2136 1056 2169 Grotio
1181 2133 1294 2180 allero]
1322 2135 1371 2166 Ita
1395 2134 1497 2164 codex
1511 2133 1794 2172 Darmstattensis3
1821 2133 1902 2164 male
1925 2132 2056 2165 Grotius

107 2204 254 2235 omissam
280 2216 320 2235 ex
349 2203 559 2234 anterioribus
587 2201 780 2233 editionibus
807 2200 949 2240 restitui,
981 2199 1056 2230 Rei·
1108 2201 1190 2238 alio,
1216 2211 1276 2231 1100
1298 2198 1411 2229 melior
1436 2203 1508 2228 ante
1542 2210 1612 2228 eum
1639 2197 1733 2228 lectio
1757 2203 1823 2228 erat
1849 2198 1966 2242 aIitJuo.

106 2267 298 2298 chenauensi
320 2278 448 2310 quoque
471 2266 581 2297 codice
602 2265 825 2309 adstipulante.
1181 2262 1250 2304 ejus
1277 2258 1377 2306 qnae]
1404 2259 1549 2290 Verbum
1574 2265 1731 2296 tesserae,
1763 2258 1848 2300 quod
1876 2257 1959 2287 inter
1984 2256 2056 2287 illas

182 2339 257 2371 erqo
284 2339 324 2358 ne
347 2327 429 2371 duco]
456 2327 574 2358 Omisit
597 2327 731 2359 Grotius
761 2327 841 2364 duo,
867 2336 1057 2369 quamquam
1107 2335 1202 2355 voces
1240 2323 1394 2353 insertum
1436 2321 1468 2352 in
1504 2322 1597 2352 editis
1633 2326 1718 2359 erat,
1763 2319 1901 2362 expunxi
1939 2319 2056 2351 codicis

107 2389 280 2420 anteriores
323 2393 355 2418 et
387 2388 661 2419 Reiclienauensis
695 2388 726 2418 id
765 2387 911 2418 habeant.
951 2386 1055 2416 Panlo
1106 2385 1370 2418 Darunstattensis
1392 2385 1587 2416 anctoritate.

106 2457 182 2496 post
208 2463 267 2495 pro
295 2451 448 2498 quadrati
468 2449 501 2481 in
530 2451 622 2482 editis
649 2463 665 2483 0
693 2451 856 2483 codicibus
882 2450 1054 2482 Monacen-
1178 2449 1273 2479 eliam
1292 2447 1372 2478 illud
1394 2444 1537 2490 apparet]
1565 2444 1597 2476 A
1617 2443 1730 2475 Grotio
1752 2443 1879 2486 quidem
1903 2443 2054 2474 omissum

107 2515 195 2546 sibus
223 2514 285 2558 (A.
303 2514 350 2556 C)
379 2519 410 2545 et
445 2513 601 2546 Grotiano
634 2513 804 2555 legendum
833 2519 900 2546 erat
927 2518 1052 2560 quater·
1105 2509 1202 2547 illutu-
1238 2508 1294 2539 sed
1324 2507 1479 2539 editiones
1515 2505 1688 2538 anteriores
1715 2510 1746 2536 et
1779 2503 2053 2536 Reichenaucnsis

107 2580 200 2609 narii.
1105 2572 1205 2605 codex
1238 2571 1271 2603 id
1296 2571 1423 2602 liabent.
