2310 2860
614 216 814 258 Martiani
845 215 1045 273 Capellae
1076 216 1147 258 lib.
1168 215 1266 259 VII.
1297 217 1329 268 §.
1349 215 1448 257 727.
1922 218 2006 260 581

53 324 327 380 Majugenam
358 324 624 380 conspicatur
658 332 698 364 et
728 322 915 378 quodam
951 322 1151 378 adspectu
1186 323 1464 378 promittentis
1505 322 1656 376 illexit3
1696 338 1828 379 quam
1862 324 2010 366 Satur—

52 405 122 447 nia
174 403 227 445 de
271 405 513 460 propinquo
561 403 679 445 velut
723 402 1077 459 deprehenderitis
1129 402 1356 457 castigabat
1406 402 1638 443 obtutibus.
1731 404 1854 454 Quae
1906 403 2011 445 dum

51 495 280 541 geruntur,
324 485 496 536 Paedia‚
543 499 655 540 quae
695 499 858 540 egressa
904 484 1096 535 dudum,
1149 498 1248 525 cum
1293 484 1374 525 alia
1412 484 1571 526 femina
1612 485 1708 526 miri
1745 485 1906 526 decoris
1937 487 2006 527 in-

53 566 263 623 greditur,
316 568 383 608 cui
435 566 647 622 quaedam
699 567 894 620 majestas
941 567 1227 607 nobilissimae
1278 567 1492 607 vetustatis
1539 576 1578 607 et
1620 567 1751 622 ipsius
1799 569 2004 610 Tonantis

52 647 263 688 natalibus
294 657 478 701 ortuque
510 648 761 703 praecelsior
792 647 937 688 vultus
979 648 1111 703 ipsius
1141 648 1305 688 lumine
1335 648 1576 700 renidebat;
1621 663 1734 702 quae
1771 650 1895 690 etiam
1929 651 2011 691 mi·—

52 728 208 770 raculis
238 728 496 782 quibusdam
529 729 676 784 capitis
707 727 943 769 reverenda
978 728 1212 768 videbatur.
1271 729 1383 769 Nam
1418 729 1557 784 primo
1597 744 1618 770 a
1652 730 1787 770 fronte
1820 746 1903 771 uno
1936 732 2009 772 sed

55 809 126 849 vix
166 809 411 864 intelligibili
457 809 576 850 radio
623 809 891 860 candicabat3
937 824 988 849 ex
1032 824 1119 863 quo
1164 808 1263 848 item
1312 808 1417 849 alter
1455 822 1686 863 erumpens
1727 810 1915 863 quadam
1956 826 2008 851 ex

51 889 192 944 primo
227 890 335 930 linea
376 889 612 941 defluebat3
657 889 811 930 dehinc
841 889 985 930 tertius
1019 898 1058 929 et
1089 897 1293 943 quartus,
1333 897 1514 942 tumque
1546 888 1669 928 etiam
1707 904 1843 929 nonus
1877 890 2010 930 ‹lecu-

52 970 270 1025 riatusque
309 971 493 1022 primus,
539 970 753 1010 honorum
796 969 1175 1024 reverendumque
1215 970 1416 1010 verticem
1448 969 1588 1025 duplis
1618 971 1838 1026 triplisque
1872 972 2010 1012 varic-

54 1051 207 1091 tatibus
234 1051 519 1100 eirculabant3
550 1049 622 1090 sed
652 1050 953 1089 innumerabili
984 1049 1120 1090 radios
1147 1050 1417 1091 multitudine
1442 1061 1768 1106 prorumpentes
1800 1052 1840 1091 iu
1873 1066 2009 1092 unum

50 1131 192 1172 denuo
223 1139 414 1170 tenuatos
448 1129 563 1168 miris
596 1127 855 1181 quibusdam
893 1127 1130 1169 defectibus
1175 1131 1460 1171 contrahebat.
1520 1131 1659 1183 Hujus
1692 1140 1832 1171 autem
1868 1132 2011 1171 multi-

50 1211 202 1266 plicem
242 1209 632 1265 pluriformemque
673 1217 830 1248 vestem
877 1208 1096 1262 quoddam
1133 1210 1352 1261 velamen,
1400 1225 1489 1264 quo
1519 1211 1645 1250 totius
1676 1220 1852 1250 naturae
1884 1226 2012 1266 opera

49 1292 319 1347 tegebantur,
368 1290 609 1341 abdiderat;
653 1289 766 1344 digiti
803 1304 906 1329 vero
939 1288 1110 1342 virginis
1153 1299 1418 1330 recursantes
1456 1299 1495 1330 et
1534 1290 1723 1344 quadam
1765 1291 2012 1346 incompre-

50 1371 207 1412 hensae
247 1371 489 1411 mobilitatis
536 1370 788 1424 scaturigine
836 1369 1117 1410 vermiculati.
1188 1371 1313 1418 Quae
1367 1385 1466 1410 mox
1507 1371 1690 1424 ingressa
1730 1371 2009 1426 septingentos

49 1451 196 1493 decem
224 1461 263 1491 et
285 1460 446 1506 septem
469 1465 675 1492 numeros
699 1450 957 1505 complicatis
980 1451 1022 1489 in
1054 1466 1125 1490 eos
1148 1449 1282 1504 digitis
1304 1450 1455 1490 Jovem
1488 1451 1772 1491 salutabunda
1803 1453 2007 1493 subrexit.

49 1531 166 1572 Tum
207 1530 502 1585 Philosophia,
544 1539 590 1570 ut
618 1529 883 1571 Tritonidem
929 1541 1103 1587 propter
1142 1531 1353 1582 adstabat,
1398 1531 1499 1586 quid
1546 1547 1727 1573 numero
1761 1533 1828 1573 tali
1861 1533 2008 1574 Arith—

48 1613 200 1653 metica
231 1611 456 1662 intulisset,
493 1611 693 1664 exquirit.

121 1766 264 1805 Paedia,
281 1764 377 1813 quae]
403 1765 460 1798 Sic
481 1766 609 1810 scripsi,
634 1766 860 1809 orthographia
883 1771 1004 1797 tantum

49 1836 82 1861 et
107 1829 364 1874 interpunctione
387 1835 523 1869 mutata,
553 1842 610 1873 pro
635 1831 842 1876 Paedz'aque,
870 1835 905 1860 ut
928 1841 1004 1872 apo-

49 1891 144 1923 dosin
157 1891 314 1922 sententia
326 1891 573 1930 nancisceretur,
588 1903 650 1934 qua
666 1891 699 1921 in
714 1890 851 1931 vulgatis
866 1890 1002 1921 carebat.

122 1953 306 1998 natalibus]
342 1954 428 1996 Quia
457 1954 589 1996 Jupiter
617 1965 731 1984 ivnonas
759 1952 806 1996 (ἓ.
826 1952 933 1994 751),
969 1958 1005 1983 ut

49 2015 148 2060 ipsius
170 2015 262 2058 quasi
279 2015 401 2046 natales
417 2014 448 2046 in
466 2014 678 2045 Arithmetiea
699 2014 805 2045 inesse
825 2013 1004 2046 xideantma

125 2074 336 2120 evindicabat]
373 2075 482 2107 Utitur
516 2080 548 2106 ct
577 2075 659 2106 libro
686 2075 701 2105 l
740 2076 801 2106 hoc
828 2075 1005 2106 vocabulo·-

56 2138 180 2181 „Ipsius
197 2143 302 2169 autem
320 2136 450 2168 canities
467 2136 628 2180 pruinosis
643 2136 768 2167 nivibus
783 2136 998 2167 candicabat.‹·

51 2200 156 2232 GuoT.

119 2258 352 2304 pluriformem]
364 2259 459 2291 Alios
470 2259 735 2303 plurimiformcm
747 2260 853 2301 legere
871 2260 1003 2301 margini

49 2323 182 2357 Grotius
200 2322 378 2365 adscripsit.
404 2323 557 2355 Ceterum
574 2335 615 2355 ex
629 2324 905 2367 Pythagoreorum
924 2324 1005 2354 haec

48 2387 174 2431 placitis
203 2385 393 2429 explicanda
423 2391 513 2425 sunt,
542 2386 660 2429 quibus
687 2386 811 2418 numeri
846 2398 904 2430 pro
931 2387 1002 2430 ipsa

48 2463 153 2483 rerum
179 2455 292 2481 natura
316 2454 405 2480 erant
427 2448 578 2492 (Aristot.
601 2452 775 2493 metaphys.
794 2452 831 2490 1,
857 2449 904 2493 5).

123 2509 233 2556 diqiti]
270 2511 394 2543 Confer
419 2511 614 2553 superiorem
641 2517 748 2542 notam
772 2511 815 2555 (ξ.
837 2511 921 2554 102)
945 2523 1003 2543 no-

49 2578 213 2616 strumque
236 2573 317 2604 infra
340 2571 382 2615 (ξ.
400 2572 471 2603 745
500 2572 534 2614 s.)
557 2577 590 2602 et
610 2572 762 2615 Procopii
784 2574 940 2604 anecdota
961 2579 1004 2617 (p.

49 2635 122 2668 216
136 2633 283 2676 Eichel.).
312 2634 523 2665 Vermiculoeti
540 2633 688 2665 dicuntur
701 2639 833 2678 propter
848 2636 1009 2678 arquerius,

752 1610 833 1650 Cui
864 1610 1020 1651 Pallas:

1067 1611 1259 1666 proprio,
1298 1611 1460 1665 iuquit,
1503 1612 1653 1652 Jovem
1687 1614 1858 1653 nomine
1888 1615 2008 1655 salu—

1056 1777 1136 1809 quas
1161 1765 1276 1797 Cicero
1306 1765 1404 1808 (orat.
1427 1765 1489 1807 18)
1512 1765 1604 1805 dicit,
1631 1766 1661 1798 id
1690 1772 1739 1798 cst
1763 1773 1868 1798 motus
1898 1768 2008 1799 celeri-

1056 1832 1151 1858 tatem
1183 1826 1402 1858 minutissimis
1432 1827 1608 1858 intcrvallis
1633 1828 1823 1860 distinctam.
1858 1829 2010 1861 Barthius

1056 1890 1197 1933 (advers,
1224 1903 1255 1934 p.
1275 1891 1365 1921 1591
1393 1889 1449 1932 f.)=
1479 1889 1598 1935 »Apud
1634 1891 1794 1923 Lucilium
1826 1892 2009 1925 distinctum

1054 1951 1151 1983 variis
1177 1951 1272 1995 spiris
1300 1951 1387 1982 velut
1421 1957 1531 1991 sonat⁷
1562 1957 1594 1983 at
1618 1953 1824 1985 mobilitatem
1850 1954 2011 1986 flexuoso-

1054 2025 1124 2044 rum
1144 2013 1294 2054 anguium
1317 2012 1462 2054 designat
1484 2014 1567 2056 apud
1593 2014 1768 2057 Capellam.
1778 2029 1790 2041 u

1128 2074 1358 2120 septz'uglentos]
1385 2076 1578 2107 putaveram
1603 2078 1762 2120 qnondam
1788 2091 1845 2121 pro
1873 2079 2009 2110 CCCC-

1055 2140 1246 2172 CCCXVII
1275 2140 1447 2181 legendum
1473 2139 1740 2181 CCCCCCXH,
1772 2148 1805 2172 ut
1832 2143 1872 2173 sit
1906 2142 2007 2184 ζεὺς,

1055 2207 1109 2232 aut
1149 2201 1264 2232 minori
1300 2201 1475 2232 mutatione
1511 2202 1705 2240 DCCXVI,
1740 2208 1775 2233 ut
1807 2203 1848 2234 sit
1873 2209 2007 2247 χαῖρεξ

1055 2265 1109 2296 scil
1139 2276 1248 2295 revera
1277 2265 1415 2308 comperi
1436 2264 1514 2295 nihil
1532 2266 1728 2305 mutandum,
1752 2271 1826 2296 sunt
1849 2265 1932 2296 enim
1957 2265 2008 2296 hic

1053 2326 1210 2357 indicatae
1244 2327 1304 2356 hae
1337 2337 1433 2356 voces
1463 2326 1498 2356 Η
1529 2325 1674 2366 ΑΡΧΗ,
1715 2326 1813 2369 idque
1844 2326 1884 2357 ad
1913 2326 2008 2357 finem

1054 2387 1207 2430 Capellae
1228 2386 1306 2418 MS.
1330 2392 1495 2418 exaratum
1517 2387 1594 2421 vidi,
1609 2388 1713 2419 Gno‘r.
1727 2406 1775 2410 —
1805 2387 1926 2419 Confer
1952 2399 2006 2431 pa—

1052 2449 1290 2494 laeographian}
1313 2462 1413 2481 meam
1440 2450 1517 2494 (111,
1540 2463 1573 2494 p.
1591 2451 1689 2493 281).

1126 2509 1292 2555 subrexit}
1340 2511 1512 2543 Editiones
1550 2518 1622 2543 ante
1659 2511 1808 2543 Grotium
1841 2514 2006 2543 surrexit.

1057 2574 1149 2605 male.
1186 2572 1361 2616 Subi-igere
1385 2573 1469 2604 idem
1496 2579 1546 2604 est
1568 2572 1653 2616 qnod
1687 2573 1828 2614 criglere,
1855 2578 1889 2602 nt
1921 2574 2006 2616 apud

1057 2634 1214 2668 Senecam
1240 2634 1354 2677 (llere.
1375 2635 1436 2665 sur.
1460 2633 1563 2677 592):
1587 2634 1772 2676 »subrigens
1796 2637 1918 2676 caput«

2041 401 2127 444 728

2043 1136 2130 1177 729
