2310 2860
786 154 986 199 Martiani
1015 155 1226 213 ⁴Capellae
1268 158 1340 199 lib.
1363 157 1394 200 1.
1439 160 1469 211 ᾗ.
1494 160 1534 200 5.

2074 164 2130 209 21

166 263 258 305 Hac
293 264 420 320 igitur
460 263 597 314 fama,
648 263 802 319 hisque
840 264 1021 306 deorum
1064 263 1232 306 alternis
1273 263 1492 306 amoribus
1533 276 1772 309 commotus
1804 271 2124 325 concitatusque
2156 272 2185 313 5

165 343 385 399 Cyllenius
396 376 407 395 ,

468 343 686 398 simulque
745 343 863 399 quod
912 353 1168 386 cunctorum
1214 344 1451 386 affectiones
1493 354 1531 386 et
1570 346 1801 400 thalamos,

1860 349 1968 391 dum
2010 360 2131 405 paret

166 422 383 477 pluribus,
414 424 693 479 conspicatur,
725 438 906 465 uxorem
932 424 1091 465 ducere
1113 425 1298 466 instituit.
1330 425 1379 466 In
1409 440 1541 480 quam
1570 430 1818 470 sententiam
1840 439 1977 471 mater
2004 430 2131 473 illum

167 503 307 555 anxia,
339 495 479 559 quum
513 519 654 546 annua
678 507 975 562 peragratione
999 506 1183 548 Zodiaca
1213 507 1255 548 in
1280 504 1501 546 Pleiadum
1534 520 1718 548 numero
1741 508 1958 560 salutaret,
1986 510 2133 566 impu-

165 633 361 666 Prudentius
383 635 421 679 (c.
442 634 562 679 Symm.
584 637 600 666 1
615 658 624 675 ,
652 634 739 678 650)
760 635 904 668 meminit

220 697 338 729 »Isidis
357 700 510 729 amissum
532 709 656 739 semper·
673 697 858 740 plan-qenins
877 699 1025 730 Osirin1.‹·

165 756 235 791 Sed
254 759 340 790 haud
353 759 448 790 dubie
465 762 578 789 noster
596 758 634 788 ad
651 757 732 789 illud
750 758 893 802 respexit
907 757 1018 790 Ovidii
1034 760 1123 803 (met.

166 821 208 861 9,
233 821 336 865 692);
371 834 550 866 »nunquam
576 821 652 852 satis
674 821 838 865 quaesitus
859 821 992 854 Osiris.«
1027 823 1121 854 Uter-

166 895 229 927 que
252 890 375 925 autem,
405 891 437 916 et
460 883 614 924 Ovidius,
646 890 678 916 et
695 884 892 923 Martianus,
928 886 1041 929 procul
1066 885 1121 916 ‹ln-

165 945 220 978 bio
239 957 328 978 sacra
347 946 401 977 illa
411 945 645 990 Aegyptiorum
660 947 843 987 notissima,
866 947 1005 979 Osiridis
1024 944 1121 994 ἀφα-

166 1006 305 1051 νισμὸν
321 1015 352 1041 et
367 1006 525 1055 εὕρεσιν,
550 1010 582 1041 in
599 1016 705 1042 mente
720 1011 869 1042 habuere.
897 1011 1025 1054 Quodsi
1033 1011 1122 1042 Von-

165 1071 255 1103 ckius
279 1073 360 1103 festa
383 1072 438 1103 illa
468 1073 639 1116 quotannis
672 1074 806 1117 repetita
834 1086 899 1105 non
925 1073 1123 1114 ignorasset,

165 1137 199 1166 et
211 1132 361 1176 legisset,
379 1138 444 1165 tam
465 1133 586 1166 luctum
604 1135 645 1166 ob
665 1135 864 1177 deperditum
878 1134 1006 1175 Osirin,
1030 1147 1125 1179 quam

165 1195 317 1238 gaudium
338 1195 378 1227 ob
397 1198 584 1236 inventum,
611 1195 745 1238 siugulis
759 1197 859 1228 ‘annis
883 1202 1033 1229 renovata
1052 1208 1124 1229 esse

166 1255 305 1300 (Orphei
323 1256 448 1300 Argon.
464 1258 523 1290 52.
541 1257 705 1290 Plutarch.
724 1256 763 1290 de
777 1259 864 1291 Iside
883 1272 913 1304 p.
925 1260 1008 1292 566.
1032 1258 1124 1291 Serv.

168 1318 209 1349 ad
227 1317 312 1351 Aen.
325 1320 369 1359 4,
396 1319 494 1363 609),
517 1320 661 1363 profecto
681 1320 862 1362 corrigendi
875 1321 1033 1365 pruritum
1052 1333 1125 1366 sup-

167 1382 350 1428 pressisset.
377 1380 448 1414 Suo
470 1382 567 1423 igitur
585 1382 694 1416 critico
716 1383 841 1416 doctior
857 1390 982 1424 noster,
1009 1391 1040 1415 et
1058 1385 1127 1425 jam

168 1451 242 1477 ante
263 1457 337 1476 eum
352 1445 513 1476 Minucius
531 1444 636 1485 Felix,
655 1445 712 1487 qui
729 1444 803 1489 (21,
828 1445 864 1489 7)
881 1446 920 1476 de
938 1445 1125 1489 Aegyptiis:

175 1517 254 1538 nnec
275 1505 443 1536 desinunt«
475 1505 586 1536 scribit
612 1504 721 1535 »annis
748 1505 894 1536 omnibus
918 1506 970 1536 vel
992 1508 1126 1548 perdere

168 1567 256 1611 quod
278 1566 461 1606 inveniunt,
493 1566 544 1597 vel
567 1565 710 1597 invenire
731 1565 819 1609 quod
842 1565 1007 1608 perdunt«
1048 1566 1127 1596 Ter·

168 1628 324 1661 tullianus
349 1627 444 1660 etiam
466 1626 549 1672 (adv.
567 1626 722 1659 Marcion.
739 1627 756 1658 1
769 1649 778 1667 ,
803 1625 880 1670 15)ι
909 1625 984 1659 »Sic
1007 1631 1039 1658 et
1053 1626 1128 1658 Osi-

168 1691 214 1723 ris
242 1690 330 1735 quod
353 1701 481 1734 semper
509 1689 681 1732 sepelitur,
710 1693 743 1720 et
763 1687 797 1720 in
817 1687 924 1720 vivido
947 1690 1128 1736 quaeritur,

171 1758 204 1786 et
224 1764 297 1786 cum
320 1751 436 1795 gaudio
461 1753 644 1791 invenitur,
667 1751 901 1796 reciprocarum
923 1753 1068 1795 frugum,
1095 1757 1129 1784 ct

171 1816 349 1850 vividorum
370 1816 618 1857 elementorum,
656 1820 689 1848 et
707 1815 841 1849 recidiwi
864 1816 939 1849 anni
960 1817 1057 1849 fidem
1079 1827 1127 1847 ar·

172 1885 405 1924 gumentantur.
415 1895 427 1909 n

248 1940 434 1986 commotus]
460 1941 616 1973 Ediderat
644 1940 778 1974 Grotius
807 1947 930 1974 nmotus
968 1942 1126 1975 concitus-

156 2017 273 2051 'que«3
306 2017 364 2050 pro
392 2005 508 2048 quibus
536 2017 552 2036 e
581 2004 744 2036 codicibus
775 2006 938 2038 vossiano
965 2006 1005 2050 (v.
1027 2006 1125 2038 Voss.

175 2069 215 2101 ad
231 2068 351 2101 Melam
374 2079 405 2110 p.
424 2067 482 2098 47.
504 2065 660 2098 Arntzen.
680 2066 767 2098 mise.
791 2081 821 2111 p.
846 2068 947 2112 198),
973 2068 1126 2110 Hugiano

174 2137 208 2165 et
231 2128 271 2162 ad
291 2129 408 2162 librum
424 2127 728 2171 Norimbergensem
754 2129 872 2161 notatis
907 2130 1055 2161 substitui
1074 2142 1125 2160 su-

173 2194 333 2243 periorem
355 2192 536 2225 lectionem.

171 2248 173 2250 Ι
250 2253 426 2300 Cyllenius]
463 2255 673 2298 Quantopere
696 2254 729 2286 in
756 2255 894 2287 dictione
918 2255 1125 2287 variationem

175 2327 287 2355 noster
309 2325 410 2359 amet,
443 2319 577 2350 maxime
603 2330 620 2349 e
644 2318 818 2350 mutatione
843 2319 1045 2363 propriorum
1069 2331 1125 2351 110-

176 2384 296 2417 minum
315 2381 423 2413 videre
446 2380 530 2412 licet.
567 2380 717 2411 Eundem
740 2380 826 2412 enim
841 2381 1037 2413 Mercurium
1053 2393 1124 2426 per-

177 2445 286 2479 multis
312 2442 494 2475 nominibus
526 2442 683 2486 appellat,
731 2449 766 2476 ut
788 2442 926 2476 Arcadis
950 2442 993 2489 (§.
1011 2445 1042 2475 7.
1067 2445 1124 2477 51.

179 2506 284 2551 705),
310 2503 505 2536 Atlantiadis
526 2502 639 2547 (§.58.
660 2505 741 2537 726.
760 2505 849 2550 889)
864 2517 977 2550 nempe
997 2507 1125 2550 nepotis

179 2566 321 2606 Atlantis
347 2563 473 2612 (Horat.
490 2564 540 2597 od.
556 2565 594 2606 1,
622 2566 685 2607 10,
715 2564 768 2612 1),
794 2567 984 2611 Majugeuae
1008 2566 1051 2614 (ἓ
1066 2569 1123 2603 59.

1173 639 1231 670 92.
1253 639 1335 671 211.
1366 639 1448 671 217.
1473 640 1555 672 228.
1581 640 1655 671 ,122
1681 641 1733 685 fl),
1761 641 1889 685 Thoyth
1911 640 1951 689 (ξ.
1970 639 2074 687 102),
2101 649 2134 676 et

1174 699 1361 742 saepissime
1376 700 1515 743 Cyllenii
1535 698 1575 745 (§.
1591 701 1648 732 51.
1665 701 1723 732 59.
1742 703 1821 733 100.
1843 704 1922 734 111.
1942 703 2024 735 210.
2045 704 2131 736 214.

1173 760 1258 791 218.
1287 761 1370 792 225.
1395 761 1478 792 258.
1505 762 1588 793 550.
1618 763 1700 793 363.
1726 764 1808 794 587.
1834 765 1915 795 705.
1941 765 2022 796 723.
2050 766 2133 797 754.

1174 822 1273 866 815),
1292 823 1378 866 quod
1396 823 1524 867 quidem
1539 836 1718 865 cognomen
1732 825 1783 856 vel
1800 826 1839 857 al)
1852 826 2010 858 Arcadiae
2024 834 2132 860 monte

1174 884 1310 926 Cyllene
1330 884 1552 916 deducendum
1575 885 1715 928 (Strabo
1739 888 1771 919 8.
1795 899 1826 930 p.
1849 889 1924 919 588
1950 888 2134 921 Cas-aubon.

1173 947 1259 980 Mela
1284 947 1325 987 2,
1359 949 1392 978 5.
1417 948 1530 990 virgil.
1555 947 1637 980 Aen.
1663 951 1703 989 8,
1740 950 1844 994 159),
1872 951 1923 982 vel
1950 957 2081 995 uterque
2103 958 2137 984 et

1175 1009 1271 1049 deus,
1306 1013 1339 1039 et
1362 1020 1453 1040 mons
1482 1021 1498 1040 a
1524 1010 1678 1052 Cyllene,
1717 1010 1804 1042 Elati
1830 1011 1896 1043 {ilio
1921 1011 2079 1057 (Pausan.
2100 1014 2135 1053 8,

1177 1070 1235 1109 17,
1264 1070 1312 1113 1),
1334 1081 1451 1100 nomen
1478 1071 1609 1114 accepit.
1658 1070 1734 1102 Alit!
1753 1072 1836 1115 apud
1853 1073 1985 1103 Festum
2002 1072 2044 1117 (p.
2064 1075 2137 1106 110

1175 1130 1303 1177 Daccr.)
1321 1136 1352 1163 et
1371 1131 1588 1178 8011111111(οἀ
1607 1133 1690 1165 Aen.
1707 1136 1739 1165 8.
1759 1133 1843 1179 158)
1864 1136 1902 1166 de
1924 1148 1962 1167 eo
1984 1137 2136 1179 reperies.

1251 1194 1435 1239 affectiones
1462 1202 1492 1227 et
1519 1195 1688 1242 thalamos]
1725 1198 1805 1229 Tam
1833 1198 1969 1230 furtivos
1993 1210 2136 1239 amores,

1177 1271 1273 1303 quam
1299 1259 1494 1301 conjugales.
1524 1259 1625 1292 Gorz.

1253 1321 1329 1351 dum
1349 1327 1442 1364 paret
1461 1320 1623 1367 pluribus]
1656 1321 1796 1365 Nuptiae
1823 1323 1907 1354 enim
1934 1323 2003 1355 sine
2026 1330 2137 1356 mutuo

1177 1382 1348 1414 verborum
1383 1382 1574 1414 commercio
1603 1382 1672 1414 fieri
1701 1389 1875 1426 nequeunt.
1911 1384 2057 1417 Vt-LCAN.
2091 1403 2136 1409 -

1176 1444 1310 1486 Nugae!
1340 1444 1466 1476 Sensus
1493 1446 1600 1488 potius
1630 1451 1710 1479 cstz.
1727 1446 1801 1477 dum
1826 1447 1966 1489 plurium
1994 1449 2137 1486 deorum,

1177 1518 1243 1537 non
1268 1506 1368 1536 solius
1389 1506 1500 1545 Jovis,
1538 1506 1622 1538 (lleto
1654 1507 1787 1537 audiens
1817 1513 1884 1547 est,
1919 1509 1973 1551 qui
1994 1509 2069 1541 inde
2099 1511 2138 1542 ab

1179 1566 1357 1598 Aristotele
1382 1567 1474 1612 (rhet.
1498 1569 1532 1607 2,
1559 1567 1620 1612 21)
1649 1567 1777 1608 κοιτὸς
1804 1569 1923 1615 ἑρμῆς
1947 1573 2137 1615 appellatur,

1180 1635 1212 1660 et
1233 1641 1400 1661 commune
1417 1630 1585 1674 profundis
1607 1636 1638 1662 et
1659 1632 1784 1673 superis
1809 1645 1929 1663 numen
1944 1640 2012 1665 erat
2025 1634 2137 1678 (Clau-

1179 1691 1262 1724 dian.
1278 1694 1429 1737 Proserp.
1449 1695 1481 1734 1,
1503 1695 1572 1733 883
1598 1693 1669 1725 add.
1689 1699 1792 1726 nostr.
1814 1693 1842 1738 §.
1860 1696 1931 1728 126
1950 1702 1982 1728 ct
1994 1698 2137 1731 Macroh.

1179 1753 1340 1787 Saturnal.
1360 1756 1396 1795 1,
1424 1753 1482 1800 19)
1495 1778 1504 1795 ,
1534 1755 1735 1787 occasionem
1753 1767 1850 1802 saepe
1874 1762 1987 1790 nactus
2007 1765 2056 1790 est
2084 1760 2137 1792 de-

1179 1830 1269 1851 orum
1291 1818 1478 1850 advertendi
1503 1831 1637 1850 amoreS.
1677 1819 1759 1851 Erat
1774 1819 2071 1864 0111111Μο1·0111·1115,
2105 1830 2140 1854 ut

1176 1882 1283 1914 verbis
1297 1882 1425 1912 Horatii
1443 1881 1507 1928 (od.
1526 1884 1557 1922 1,
1586 1884 1642 1923 10,
1672 1880 1731 1928 18)
1757 1888 1846 1923 utar,

1235 1946 1377 1986 »superis
1401 1944 1533 1975 deorum
1557 1943 1680 1975 Gratus
1707 1950 1739 1976 et
1765 1947 1866 1976 {mim

1253 2005 1369 2052 mater]
1396 2006 1553 2039 Nimirum
1576 2008 1677 2049 maja,
1715 2008 1802 2051 quod
1821 2020 1940 2040 nomen
1962 2008 2138 2055 Aegvfptia-

1177 2080 1249 2100 enin
1267 2081 1338 2100 esse
1356 2069 1447 2100 Ihm
1467 2067 1654 2114 (quantitas)
1678 2070 1807 2111 Hugius
1831 2070 1878 2114 (in
1895 2072 1992 2114 myth.
2010 2073 2136 2118 p.276)

1176 2130 1350 2162 contendit.
1397 2130 1550 2162 Absurda
1578 2130 1618 2162 de
1644 2132 1705 2164 hoe
1735 2131 1864 2163 nomine
1887 2132 2027 2165 Pluchet
2052 2134 2136 2177 (hist.

1177 2191 1259 2223 coeli
1285 2192 1300 2222 1
1317 2214 1326 2231 ,
1352 2191 1392 2231 2,
1417 2190 1482 2235 59)
1502 2191 1632 2236 profert.

1249 2253 1404 2299 Zocliaea]
1430 2254 1497 2285 Pro
1516 2254 1690 2287 zodiactea
1717 2254 1780 2296 leg.
1805 2255 1858 2287 vel
1878 2255 2053 2296 Zodiacea,
2085 2257 2136 2287 vel

1177 2316 1205 2348 si
1224 2317 1285 2349 hoe
1305 2317 1423 2358 mavis,
1454 2330 1526 2350 eum
1551 2324 1641 2362 patre
1665 2330 1736 2350 meo
1757 2320 1817 2351 1100
1833 2325 1943 2363 pacto:
1965 2332 2054 2352 »cnm
2080 2331 2134 2350 an-

1176 2391 1240 2411 nua
1258 2371 1514 2425 peregrinatione
1528 2380 1662 2415 zodiaci
1682 2394 1770 2415 eam«
1787 2388 1845 2415 cet.
1869 2383 1971 2415 Gne-r.
1989 2383 2063 2426 Qua
2081 2394 2134 2415 an-

1176 2442 1340 2475 notatione
1365 2443 1519 2488 deeeptus
1539 2443 1683 2476 Goezius
1707 2443 1806 2475 edidit
1821 2444 1979 2476 Zodiaeea
2000 2441 2133 2474 addidit-

1176 2517 1238 2550 que
1266 2506 1347 2539 alios
1371 2506 1490 2539 habere
1506 2508 1703 2546 zodiactea,
1738 2506 1818 2537 alios
1839 2505 1981 2537 Zodiaet‘.
2006 2504 2053 2537 At
2072 2507 2133 2539 Zo-

1175 2570 1261 2604 ‹liaci
1286 2582 1380 2604 nemo
1409 2570 1525 2612 habet,
1558 2577 1590 2602 et
1608 2571 1766 2603 Zoaele'acea
1797 2579 1898 2612 aeque
1919 2568 2069 2602 vitiosum
2097 2582 2133 2601 ae
