2310 2860
690 173 890 217 Martiani
928 171 1128 229 Capellae
1164 171 1235 213 lib.
1253 170 1305 212 ΙΙ.
1342 173 1374 223 §.
1397 170 1490 213 119.

771 279 935 323 Scande
967 279 1070 321 coeli
1101 278 1261 335 templa
1294 277 1412 333 virgo

765 361 906 417 Digna
937 371 1050 403 tanto
1081 361 1265 402 foedere.

767 443 834 484 Te
865 456 985 483 socer
1015 442 1159 483 subire
1188 441 1299 482 celsa

772 522 909 564 Poscit
939 532 1048 565 astra
1078 522 1257 578 Jupiter.

278 609 340 649 Ac
370 608 427 649 sic
457 608 681 664 Polymnia
695 620 704 644 ε

562 686 760 730 Tandem
792 685 948 728 laboris
981 684 1145 726 fructus
1179 683 1373 725 aethram
1406 681 1615 738 fulgidam

563 769 820 824 Divflmque
851 767 970 809 sedes
1002 781 1050 807 ae
1080 766 1196 807 Jovis
1228 767 1438 806 consortia

561 850 769 892 Provecta
800 849 937 905 carpis
967 846 1189 903 inditoque
1221 847 1419 898 numine,

104 981 250 1014 dulcibus
274 982 356 1014 mela
376 988 482 1014 vatum
509 987 543 1014 et
563 982 756 1014 Pindarcam
783 982 898 1026 chelyn
922 982 1061 1022 reserre5
1110 980 1195 1012 mina
1217 981 1368 1022 referret,
1396 981 1493 1023 hujus
1520 986 1625 1013 tamen
1650 979 1796 1022 reticuit,
1820 990 1880 1025 pro
1905 991 1942 1013 co
1965 988 2070 1014 autem

104 1049 132 1075 te,
150 1043 289 1075 dictante
307 1055 434 1075 carmen
451 1044 634 1076 Threicium
653 1044 752 1075 movit
769 1044 848 1075 fides
868 1055 1058 1088 sacrumque

100 1107 257 1150 plectrum
285 1118 408 1139 sonare.
445 1106 494 1139 Ol
524 1108 582 1138 lux
612 1112 738 1147 nostra,
773 1119 886 1140 suesce
920 1108 1057 1152 probare

100 1182 210 1202 sacros
240 1176 354 1204 cantus
387 1175 483 1215 atque
504 1171 600 1203 beare
627 1170 696 1216 (est
717 1170 941 1216 imperativus)
964 1170 1057 1203 circis

101 1233 267 1276 organicis.
273 1248 286 1263 «ι

174 1317 356 1364 Polymnia]
382 1318 472 1351 Inter
487 1324 537 1351 tot
552 1318 656 1352 varias
677 1319 717 1351 dc
736 1319 833 1361 hujus
853 1319 968 1353 Musae
990 1324 1056 1350 arte

101 1382 335 1427 disputationes
352 1382 480 1426 plurimi
508 1387 616 1414 tamen
635 1382 666 1414 ei
689 1383 834 1414 tribuunt
860 1382 914 1415 vel
942 1382 1057 1414 mimos

101 1443 241 1487 (Auson.
264 1446 312 1478 Id.
339 1446 406 1487 20,
437 1447 471 1478 9.
499 1445 565 1478 sive
590 1447 676 1478 anth.
699 1445 770 1477 Lat.
798 1447 835 1486 1,
867 1446 926 1478 74.
953 1444 1056 1478 Anth.

101 1508 158 1542 Gr.
188 1510 227 1549 1,
255 1509 320 1549 67,
353 1507 401 1538 22
431 1508 470 1539 de
503 1508 623 1540 Bosch.
657 1507 805 1540 Cassiod.
835 1518 900 1539 var.
927 1507 970 1547 4,
998 1508 1056 1539 51.

99 1585 129 1616 p.
151 1572 198 1603 72
225 1570 332 1615 Gan),
363 1583 458 1615 quam
478 1568 647 1616 ὄρχηόιν
672 1571 725 1602 alii
750 1571 913 1614 appellant
941 1570 1055 1614 (schol.

99 1634 138 1665 ad
155 1633 288 1665 Lucian.
302 1633 341 1665 de
364 1632 457 1674 imag.
478 1633 533 1664 16.
550 1631 609 1664 VI.
624 1645 655 1675 p.
667 1632 716 1663 20
733 1631 838 1675 Bip.);
863 1632 915 1663 vel
937 1643 1055 1663 memo-

97 1697 189 1730 randi
212 1697 395 1730 facultatem
422 1696 489 1728 sive
514 1695 698 1727 memoriam
714 1695 891 1739 (Plutarch.
916 1706 1056 1739 sympos.

97 1762 132 1802 9,
151 1761 207 1793 14.
225 1774 256 1806 p.
272 1761 354 1792 746.
382 1759 532 1802 Fulgent.
547 1760 645 1803 myth.
665 1760 698 1800 1,
717 1758 773 1790 14.
788 1771 820 1803 p.
836 1758 885 1790 48
904 1758 1056 1802 munch).

97 1822 232 1867 Utrique
257 1822 432 1867 respondet
455 1822 525 1864 ejus
545 1821 664 1863 effigies
684 1819 834 1865 (Antiqu.
856 1820 991 1853 Hercul.
1013 1820 1055 1852 Π.

97 1885 161 1917 tal).
182 1884 218 1927 7)
236 1897 317 1928 quae
337 1884 385 1916 ori
406 1883 547 1916 adhibito
571 1883 670 1925 digito
694 1882 856 1914 silentium
877 1882 1055 1926 profitetur,

98 1953 134 1979 ut
156 1946 354 1988 intelligatur
374 1957 444 1978 eam
470 1944 614 1988 gestibus
636 1944 735 1976 verba
758 1943 919 1988 supplere.
959 1943 1054 1976 Unde

104 2008 333 2040 »horcistarum
358 2008 599 2055 loqzuzcissz'mas
628 2017 760 2037 manus«
790 2011 946 2037 memorat
973 2005 1053 2038 Cas-

97 2070 245 2103 siodorus
267 2069 300 2114 (l.
317 2069 373 2113 c.),
399 2080 534 2113 quarum
553 2068 770 2100 inventionem
790 2067 979 2112 Polynmiae
998 2068 1052 2100 tri-

96 2132 182 2174 buit,
208 2132 229 2164 i.
248 2144 275 2164 e.
293 2127 516 2178 ὄρχηὸτῶν,
553 2131 761 2171 saltatorum,
789 2142 925 2174 quorum
951 2136 1052 2162 artem

97 2208 162 2229 non
189 2196 225 2229 in
260 2195 397 2242 pedibus
429 2195 543 2235 modo,
578 2206 688 2227 verum
715 2194 810 2226 etiam
840 2194 875 2226 in
904 2194 1051 2226 manibus

96 2266 229 2305 totoque
255 2271 389 2305 corpore
414 2260 569 2292 concinne
595 2258 762 2291 movendis
787 2264 960 2303 spectatam
980 2271 1051 2291 esse

97 2327 222 2354 constat
245 2321 309 2366 (Cf.
333 2321 489 2363 Bottigcr.
521 2319 642 2354 Sabina
669 2321 695 2353 I.
718 2333 750 2365 p.
771 2321 871 2365 517).
897 2321 990 2353 Unde
1017 2321 1051 2354 in

97 2383 212 2417 Latino
231 2383 456 2428 epigrammate
477 2383 509 2427 (1
522 2406 532 2424 ,
564 2385 610 2416 75
631 2382 756 2427 Burm.)
786 2383 825 2415 de
851 2395 904 2415 ea:

155 2459 329 2493 ”Flectitur
347 2461 384 2492 in
399 2459 514 2503 faciles
532 2461 704 2508 variosque
728 2460 900 2504 Polymnia
920 2467 1043 2493 molus«

98 2548 230 2589 dicitur3
266 2546 411 2581 Graecus
442 2553 547 2579 autem
575 2554 673 2592 poeta
704 2549 811 2594 (anth.
843 2550 880 2590 1,
910 2550 970 2590 87,
1001 2549 1049 2581 25

98 2610 137 2643 dc
160 2607 300 2654 Bosch),
329 2608 406 2644 licet
431 2608 624 2656 reliquarum
652 2610 818 2648 Musarum
842 2611 968 2656 singula
992 2623 1050 2646 no·

1110 1049 1289 1077 extremum
1312 1046 1373 1077 hoc
1399 1045 1509 1089 posuit
1533 1043 1709 1076 distichon:

1159 1106 1267 1153 Σιγῶ
1298 1105 1576 1154 φθεγγομένης
1613 1102 1798 1152 παλάμῃς
1821 1104 2069 1153 θελξίφρονα

1510 1168 1668 1214 παλμὸν

1161 1228 1341 1276 Νεύματι
1370 1230 1613 1280 φωνήσασαν
1647 1228 1950 1277 ἀπαγγέλλοντα
1983 1234 2069 1267 σιω-

1535 1292 1648 1342 :wiva

1107 1357 1148 1391 Iu
1173 1357 1277 1389 nostri
1302 1363 1410 1390 tamen
1431 1358 1570 1391 carmine
1595 1359 1635 1391 de
1659 1358 1806 1390 omnibus
1830 1358 1894 1390 illis
1918 1358 1998 1390 nihil
2021 1370 2068 1390 re-

1108 1419 1240 1464 peritur.
1267 1419 1318 1450 Dc
1335 1420 1485 1462 rhythmo
1507 1420 1591 1451 euim
1610 1420 1724 1461 agitur,
1746 1425 1842 1463 atque
1865 1421 1904 1452 de
1927 1420 1966 1451 iis
1987 1431 2069 1464 quae

1108 1487 1248 1514 mentem
1276 1493 1388 1525 parare
1411 1482 1539 1525 possint
1559 1482 1599 1514 ad
1623 1483 1688 1514 alta
1721 1483 1871 1514 culmina.
1908 1483 2068 1516 Carminis

1108 1548 1244 1575 metrum
1281 1542 1314 1574 in
1345 1541 1456 1575 codice
1489 1542 1678 1575 monacensi
1706 1542 1773 1586 (E)
1806 1543 1914 1584 glossa
1940 1543 2067 1575 definit:

1115 1604 1318 1635 »Jambieum
1341 1603 1501 1635 senarium
1522 1603 1747 1648 yponactieum
1775 1609 1902 1636 constat
1924 1604 2067 1636 trimetro

1108 1678 1145 1699 ac
1181 1665 1373 1706 catalecto«,
1408 1665 1523 1697 melius
1552 1671 1659 1698 tamen
1693 1665 1877 1700 Jamhicum
1908 1668 2068 1700 senarium

1111 1728 1296 1773 simpliciter
1322 1726 1453 1760 dixeris.

1185 1789 1326 1837 tandem]
1353 1791 1429 1823 Non
1448 1790 1489 1823 ad
1511 1790 1645 1822 verbum
1667 1790 1824 1834 interpres
1847 1792 1961 1824 vertit:
1994 1794 2069 1825 »Aa

1106 1859 1188 1889 ste'te
1213 1856 1334 1901 (statim
1363 1854 1470 1899 illico)
1500 1853 1643 1898 infdlaeest
1664 1856 1699 1886 ίιῖ
1725 1855 1842 1887 zeldtie.
1870 1856 1983 1888 dinero
2016 1869 2066 1888 (ιν-

1106 1920 1196 1952 beite.
1220 1921 1284 1952 den
1305 1920 1426 1951 scdnen
1452 1919 1584 1951 lu'mmel
1609 1917 1739 1962 (accipis
1763 1917 1797 1950 in
1819 1919 1995 1962 praemium
2019 1921 2068 1952 tui

1104 1981 1225 2014 laboris
1258 1981 1428 2025 pulchrum
1461 1978 1606 2024 coelum)
1642 1980 1728 2011 ande
1753 1980 1829 2012 dero
1853 1984 1928 2024 96το
1951 1983 2066 2025 qesdu:

1105 2044 1150 2089 (et
1172 2044 1305 2076 deorum
1331 2042 1444 2086 sedes)
1468 2042 1554 2075 unde
1580 2042 1635 2074 dia
1658 2045 1750 2085 si'ppa
1772 2042 1855 2074 iouis
1880 2042 1926 2086 (et
1949 2054 2064 2084 cogna-

1103 2106 1224 2138 tionem
1250 2104 1358 2149 Jovis)
1388 2107 1441 2138 ta'z
1472 2109 1509 2137 tu
1534 2105 1588 2137 εἴη
1623 2115 1722 2136 snora
1752 2104 1901 2138 uun-dest
1931 2104 1982 2148 (ut
2006 2105 2065 2137 flas

1104 2169 1173 2211 ejus
1203 2167 1343 2211 nurus).u

1177 2232 1345 2280 inclitoque
1376 2228 1528 2275 numine]
1569 2228 1659 2261 Dicit
1693 2228 1897 2272 Polymniam
1933 2240 2062 2274 carpere

1103 2296 1210 2328 divum
1237 2295 1332 2327 sedes
1360 2299 1394 2327 et
1421 2292 1584 2327 consortia
1612 2292 1724 2333 Jovis3
1756 2292 1865 2337 itaque
1893 2292 1948 2326 vix
1971 2292 2060 2324 duhi-

1101 2364 1183 2400 tem,
1210 2359 1288 2403 quin
1303 2358 1482 2391 Martianus
1504 2356 1670 2401 scripserit
1691 2356 1874 2404 inditaque,
1900 2354 1983 2400 quod
2006 2366 2059 2386 ex-

1100 2423 1190 2455 hibet
1209 2422 1393 2456 Vossianus
1417 2421 1530 2454 codex.
1545 2419 1671 2453 Amrrz.
1689 2419 1790 2464 (misc.
1806 2432 1837 2464 p.
1856 2419 1928 2451 208
1952 2418 1996 2461 fi).
2010 2437 2056 2443 —-—

1099 2485 1227 2528 Lapsus
1247 2489 1298 2516 est
1319 2484 1367 2517 vir
1393 2483 1508 2516 doctus
1529 2482 1565 2515 in
1583 2481 1794 2515 adscribendo
1817 2480 1948 2519 Musae,
1970 2480 2059 2523 quod

1101 2547 1140 2579 de
1163 2545 1347 2588 Philologia
1383 2544 1509 2577 dicitur.
1548 2542 1618 2576 Sed
1644 2542 1741 2576 lectio
1765 2540 1849 2573 haud
1874 2539 1971 2572 dubia
1996 2546 2056 2580 est,

1101 2609 1259 2660 siquidem
1280 2621 1348 2645 non
1368 2608 1502 2644 Coi-tius
1522 2612 1646 2642 tantum
1663 2606 1697 2640 in
1717 2603 1970 2648 Guelferbytano
1996 2615 2054 2648 pro

1991 172 2076 212 165

2106 616 2189 658 120
