2310 2860
748 120 949 163 Martiani
987 118 1186 176 Capellae
1223 119 1295 165 lib.
1319 118 1352 160 I.
1390 119 1511 172 §.91.

2053 122 2134 163 151

580 228 662 271 Sed
693 229 816 270 tristis
847 227 1000 270 melius
1030 227 1171 269 censio
1204 225 1440 278 clauditur,

581 311 725 366 Atque
755 308 930 350 infanda
959 309 1116 365 premit
1146 323 1265 350 sensa
1296 307 1530 360 silentium,

578 391 645 432 Ne
676 391 847 446 vulgata
878 390 990 431 ciant
1018 389 1148 432 corda
1178 389 1418 441 doloribu83

577 474 633 515 At
665 486 803 529 quum
835 471 944 513 laeta
973 481 1140 528 patrem
1170 485 1370 528 promere
1401 468 1557 526 gaudia

580 554 635 596 Et
664 563 776 595 certo
806 552 953 594 deccat
982 552 1152 594 foedere
1183 552 1362 608 pignora

577 635 724 676 Palam
756 634 971 690 perpetuis
1001 635 1179 690 jungere
1208 635 1405 676 nutibus:

581 715 761 756 Cassum
793 724 853 755 est
881 715 994 755 nolle
1024 714 1146 770 loqui
1175 730 1296 756 sensa
1326 714 1529 757 decentia.

577 796 816 838 Vobiscum
849 810 947 851 ergo
977 794 1058 847 dii,
1096 804 1216 852 grata
1244 796 1561 853 propinquitaS,

582 877 788 919 Conferre
820 876 1009 919 studium
1043 887 1103 920 est
1134 887 1232 921 vota
1263 878 1519 935 propaginis.

579 961 787 1016 Aequum
818 961 979 1016 quippe
1010 969 1114 1016 puto
1146 958 1318 1001 foedere
1349 959 1551 1000 coelitum

583 1044 708 1094 Quae
738 1043 936 1085 sectanda
968 1043 1109 1084 forent
1139 1055 1235 1082 orsa
1265 1040 1502 1097 probarier.

577 1125 720 1166 Nostis
753 1125 1028 1181 Majugenam
1063 1122 1247 1179 pignoris
1278 1122 1425 1177 inclyti

253 1244 372 1292 censio]
399 1246 465 1279 Pro
487 1258 543 1288 eo,
575 1247 663 1292 quod
683 1247 754 1291 quis
782 1252 909 1288 censet,
936 1247 969 1279 id
995 1253 1045 1279 est
1067 1258 1139 1279 sen-

180 1309 297 1348 tentia,
320 1308 587 1351 quemadmodum
609 1309 820 1353 Symmachus
841 1322 920 1342 voce
945 1312 1053 1341 censio
1078 1308 1139 1340 uti-

182 1373 231 1399 tur
255 1367 363 1414 (epist.
387 1371 426 1409 l,
455 1370 502 1413 5).
534 1369 644 1414 Atque
671 1371 716 1402 ita
733 1372 802 1413 jam
827 1372 966 1403 Plautus
997 1370 1078 1414 (rud.
1103 1371 1138 1410 5,

184 1432 219 1471 l,
246 1431 298 1476 9),
330 1432 475 1477 quamvis
505 1444 578 1464 eum
607 1433 743 1476 quadam
777 1433 999 1474 ambiguitate,
1046 1443 1139 1464 »cen-

179 1494 301 1526 sionem
325 1494 447 1527 saeereu
481 1494 562 1527 dixit
581 1506 639 1538 pro
665 1506 803 1526 censere.

251 1556 387 1601 vulgata
404 1555 504 1602 ciant]
525 1556 720 1587 Drestlensis
738 1555 839 1588 codex
856 1567 915 1598 pro
937 1556 1024 1586 ciant
1043 1554 1140 1585 habet

177 1621 302 1659 sciant,
345 1620 432 1663 quod
469 1631 536 1652 non
569 1621 719 1652 cohaeret
749 1631 821 1652 cum
856 1629 935 1649 voce
968 1618 1139 1650 doloribus.

177 1682 293 1715 Forma
324 1685 388 1715 cire
417 1694 475 1726 pro
510 1683 593 1714 ciere
620 1680 737 1720 rarior,
771 1685 911 1711 attamen
940 1684 1094 1723 usurpata
1120 1692 1139 1712 a

179 1747 360 1780 Columella
384 1746 439 1792 (6,
467 1748 506 1788 5,
537 1746 571 1791 1)
595 1751 653 1777 est.
680 1744 879 1776 Basileensis
905 1745 1011 1776 cicant
1031 1744 1137 1776 hahet.

179 1809 279 1854 Quod
306 1815 412 1842 antem
438 1809 531 1842 dicit=
555 1820 612 1840 »ne
637 1807 766 1850 vulgata
790 1806 875 1838 ciant
903 1807 1000 1838 corda
1022 1806 1136 1839 dolori-

181 1874 268 1912 bus,‹=
303 1872 470 1917 hypallage
496 1878 546 1905 est
567 1883 644 1916 pro:
668 1871 816 1903 cordibus
838 1871 972 1902 dolores.
1008 1870 1136 1903 Clarius

179 1928 349 1970 Lucretius
372 1936 427 1981 (5,
453 1935 542 1979 292)
564 1948 646 1979 »qua
673 1937 735 1967 ciet
760 1936 924 1966 horrorem
951 1935 1130 1966 memhris«

256 1997 399 2044 cassum]
427 1998 521 2042 Quae
544 2010 584 2029 ex
607 1996 867 2041 Guelferbytanis
891 1997 1033 2029 enotavit
1056 1996 1138 2029 Cor-

182 2063 243 2096 tius
265 2063 410 2108 fassum,
444 2067 477 2094 et
503 2062 599 2106 paulo
625 2067 698 2094 ante
725 2062 805 2109 quin
820 2061 945 2105 fanda,
963 2062 1078 2093 deinde
1097 2073 1138 2093 ne

178 2127 275 2170 vulqo
299 2131 423 2158 taceam
443 2129 587 2157 monstra
609 2129 684 2155 sunt
707 2123 875 2155 lectionis:
899 2135 1022 2168 neque,
1051 2123 1138 2167 quod

180 2192 213 2224 in
235 2190 381 2236 plurilms
405 2188 657 2223 Monacensibus
684 2187 735 2232 (B.
750 2188 842 2221 C.D.
857 2186 930 2232 G.),
963 2193 995 2220 et
1018 2187 1052 2220 in
1075 2188 1137 2220 alio

179 2253 235 2298 (E)
259 2265 300 2286 ex
331 2258 513 2286 correctura
541 2256 662 2292 exstat,
696 2253 818 2292 cieant,
848 2256 984 2283 metrum
1011 2251 1138 2296 patitur.

180 2318 294 2350 Totius
319 2316 384 2351 loci
407 2328 522 2349 sensus
548 2315 600 2348 hic
627 2321 691 2347 est:
720 2314 880 2348 »Tristem
909 2315 1037 2359 quidem
1067 2327 1138 2347 sen-

183 2382 313 2415 tentiam
345 2380 473 2413 silentio
503 2392 650 2425 premere
680 2386 839 2425 praestat,
886 2392 1031 2424 quaeque
1058 2380 1139 2412 clam

181 2456 252 2476 esse
279 2444 398 2476 debent
426 2443 606 2485 continere,
632 2455 690 2485 ne,
721 2443 777 2475 uhi
797 2443 832 2475 in
853 2443 970 2485 vulgus
994 2442 1139 2483 exierint,

181 2509 303 2541 animos
320 2507 431 2540 dolore
446 2513 541 2551 atque
560 2507 718 2540 anxietate
739 2508 945 2553 perturbent:
965 2507 1023 2539 sed
1041 2519 1139 2551 quum

182 2576 306 2616 patrem
331 2569 442 2602 deceat
469 2569 584 2612 gaudia
616 2582 674 2603 sua
697 2570 731 2604 in
765 2571 903 2603 medium
932 2570 1075 2617 proferre
1105 2574 1139 2603 et

1191 1257 1297 1278 coram
1333 1242 1480 1275 omnibus
1514 1241 1681 1273 voluntate
1710 1240 1744 1273 in
1775 1245 1966 1285 perpetuum
1999 1239 2149 1273 duratura

1188 1309 1308 1341 liberos
1329 1307 1481 1349 legitimis
1502 1305 1621 1350 nuptiis
1637 1305 1793 1348 jungere,
1826 1315 1943 1337 vanum
1968 1305 2050 1335 foret
2076 1303 2149 1335 reti—

1190 1384 1261 1405 cere
1295 1371 1429 1404 consilia
1458 1370 1613 1402 decentia.
1649 1369 1831 1402 Vobiscum
1860 1368 1975 1411 igitur,
2008 1368 2067 1409 dii,
2095 1367 2151 1413 qui

1190 1441 1280 1477 grata
1305 1435 1382 1467 mihi
1408 1434 1486 1466 estis
1510 1433 1748 1477 propinquitate
1765 1431 1889 1475 juncti,
1916 1432 2150 1464 communicare

1190 1499 1304 1531 studeo
1333 1498 1389 1529 filii
1413 1503 1498 1531 vota.
1534 1496 1686 1540 Aequum
1712 1496 1797 1527 enim
1823 1496 1959 1527 arbitror
1987 1506 2150 1528 consensu

1190 1562 1323 1594 deorum
1349 1561 1381 1592 in
1407 1561 1479 1604 ipso
1503 1560 1594 1591 initio
1620 1559 1790 1604 approbari
1813 1559 1911 1600 viam,
1948 1571 2029 1603 quae
2052 1559 2148 1592 nobis

1190 1628 1240 1654 est
1262 1622 1515 1666 persequenda«
1549 1621 1703 1653 Ceterum
1727 1627 1863 1653 metrum
1887 1621 2031 1665 postulat
2055 1621 2151 1653 scribi

1190 1684 1248 1723 dii,
1273 1688 1309 1713 ut
1328 1688 1378 1714 est
1394 1682 1429 1714 in
1451 1681 1640 1714 monacensi
1661 1681 1728 1726 (G).
1745 1681 1888 1723 -Vulgati
1910 1687 1982 1714 ante
2002 1681 2150 1714 Grotium

1187 1747 1349 1780 habebant
1366 1747 1408 1778 di.
1447 1745 1487 1778 In
1505 1744 1757 1777 Darmstatteusi
1773 1750 1958 1791 vcorrectum
1984 1746 2059 1778 cliui.

1261 1812 1407 1855 pz’qnoris
1430 1807 1557 1854 inclyti]
1583 1807 1618 1841 Α
1640 1808 1798 1854 principio
1822 1809 1919 1851 liujus
1942 1821 2055 1842 versus
2076 1808 2151 1841 olim

1188 1872 1358 1915 legebatur
1378 1872 1528 1905 »Nostri«
1550 1871 1584 1903 iu
1604 1870 1696 1913 cujus
1710 1870 1825 1916 ‚locum
1850 1883 1891 1903 ex
1912 1871 2031 1904 codicis
2053 1871 2151 1902 Dres-

1189 1935 1298 1969 ‹lensis
1317 1936 1505 1969 auctoritate
1531 1934 1664 1980 reposui
1682 1935 1851 1978 »Nostis-¹,
1872 1935 1906 1967 id
1931 1935 2019 1980 quod
2043 1935 2150 1977 legen-

1189 1999 1264 2031 dum
1286 2011 1358 2031 esse
1382 1998 1606 2043 suspicabatur
1620 1997 1688 2040 jam
1712 1997 1867 2030 Barthius
1888 1996 1971 2042 (adv.
1992 2009 2023 2041 p.
2040 1997 2151 2040 1245)

1189 2069 1222 2095 et
1250 2070 1364 2108 postea
1388 2062 1557 2096 Vonckius
1590 2061 1636 2107 (in
1667 2073 1752 2106 spec.
1781 2061 1879 2094 critic.
1912 2073 1944 2106 p.
1969 2060 2046 2106 81)..
2076 2059 2152 2098 ‚Sed

1189 2127 1277 2171 quod
1303 2127 1355 2160 hic
1383 2138 1442 2172 pro
1466 2127 1612 2171 piynoris
1634 2126 1746 2169 inclyti
1769 2137 1926 2170 reponere
1951 2136 2080 2170 quoque
2097 2124 2149 2166 ju-

1190 2191 1287 2223 bebat
1308 2193 1427 2235 pignus
1451 2191 1484 2222 id
1510 2191 1687 2233 inclytum,
1719 2190 1782 2222 hoc
1804 2189 1838 2222 in
1861 2194 1984 2221 textum
2009 2188 2150 2232 recipere

1190 2265 1258 2285 non
1282 2265 1380 2285 ausus
1401 2265 1490 2294 sum,
1521 2252 1679 2296 siquidem
1697 2251 1814 2292 altera,
1838 2263 1934 2295 quam
1951 2251 2043 2291 dedi,
2074 2260 2147 2281 eon·

1192 2323 1281 2349 stans
1320 2317 1461 2349 omnium
1493 2316 1650 2349 librorum
1678 2315 1775 2348 lectio
1810 2321 1876 2357 est,
1915 2315 2015 2359 ipsius
2054 2312 2148 2344 etiam

1191 2381 1312 2414 codicis
1327 2381 1535 2414 Dresdensis.
1559 2380 1700 2414 Videtur
1713 2379 1891 2423 Martianus
1917 2375 2148 2425 appositionem

1189 2445 1308 2478 vitasse
1329 2445 1382 2478 vel
1405 2457 1518 2477 versus
1541 2456 1637 2478 causa
1659 2443 1712 2477 vel
1734 2443 1922 2486 genitivum,
1948 2451 2146 2489 quemissflua—

1188 2507 1288 2540 litatis
1317 2514 1453 2549 vocant,
1482 2507 1517 2539 in
1544 2511 1651 2539 mente
1677 2498 1847 2544 habuisse,
1886 2507 1918 2534 et
1942 2501 2145 2544 quemadmo-

1190 2568 1265 2604 dum
1289 2570 1422 2611 dicimus
1452 2568 1574 2603 »virum
1596 2566 1702 2610 magni
1724 2563 1880 2607 ingenii«,
1911 2562 2031 2596 dixisse
2060 2561 2143 2594 »Ma-

1670 2625 1747 2661 17*

2175 1126 2235 1168 9⁶2.
