2310 2860
118 1993 205 2036 -12

237 161 328 205 574
806 156 1004 198 Martiani
1044 154 1243 212 Capellae
1284 155 1356 196 lib.
1383 155 1461 198 IV.
1502 158 1532 208 §.
1556 156 1653 199 411.

239 267 401 308 inscrri:
421 263 639 320 quoddam
665 264 791 320 igitur
807 263 970 305 bonum
992 264 1168 318 justum,
1204 271 1243 303 et
1262 261 1442 304 efficitur
1468 263 1640 318 quintus
1659 263 1827 305 modus.
1859 266 2079 308 Secundus
2097 281 2190 308 mo-

239 346 317 387 dus
339 355 409 394 est,
440 345 482 385 in
507 359 594 399 quo
614 343 834 385 conficitur
859 359 910 384 ex
932 343 1164 385 universali
1186 342 1422 386 dedicativo
1445 354 1485 386 et
1506 345 1737 386 universali
1762 345 1997 388 abdicativo
2016 349 2190 390 univer-

239 425 325 465 sale
355 424 643 466 abdicativum
672 424 907 475 directum,
938 432 986 464 ut
1009 432 1088 464 est:
1128 438 1255 466 omne
1285 426 1448 481 justum
1482 425 1731 478 honestum,
1765 427 1935 467 nullum
1967 427 2190 469 honestum

237 514 375 561 turpc,
406 506 576 546 nullum
600 506 727 561 igitur
749 506 908 560 justum
934 514 1070 561 turpe.
1103 505 1146 546 Si
1170 505 1378 548 reflectas:
1401 507 1574 548 nullum
1595 508 1720 563 igitur
1744 517 1869 563 turpe
1893 508 2069 562 justum,
2100 508 2192 550 effi-

236 586 343 627 citur
367 596 509 627 sextus
540 586 705 627 modus.
743 587 939 627 Diximus
964 586 1077 627 enim
1100 602 1245 643 supra,
1276 582 1517 629 universale
1543 587 1831 628 abdicativum
1849 602 1970 643 posse
1993 590 2190 630 converti.

238 668 408 708 Tertius
436 667 588 709 modus
609 678 681 721 est,
711 669 754 710 in
777 684 862 725 quo
886 669 1107 711 conficitur
1138 685 1190 710 ex
1221 669 1467 726 particulari
1492 668 1729 711 dedicativo
1761 679 1799 710 et
1821 668 2053 711 universali
2075 667 2193 709 dedi-

239 750 373 790 cativo
389 751 645 806 particulare
668 751 957 793 dedicativum
977 751 1202 802 directum,
1226 759 1272 790 ut
1292 758 1371 790 est:
1389 750 1606 804 quoddam
1624 751 1785 804 justum
1804 750 2045 802 honestum,
2069 763 2195 790 omne

236 831 461 872 honestum
495 833 616 884 utile,
651 832 868 888 quoddam
900 832 1025 887 igitur
1053 832 1216 887 justum
1240 830 1357 872 utile.
1403 831 1458 872 At
1483 832 1516 871 si
1540 830 1752 882 reflectas,
1784 830 1966 873 efficitur
1989 831 2194 887 septimus

237 911 411 952 modus:
451 913 669 968 quoddam
702 914 826 969 igitur
860 913 963 954 utile
993 914 1176 968 justum3
1218 915 1424 968 quoniam
1461 926 1593 968 supra
1625 912 1784 954 dictum
1819 922 1899 964 est,
1937 913 2194 969 particulare

236 990 520 1034 dedicativum
553 1009 673 1050 posse
697 995 897 1036 converti.
926 995 1116 1045 Quartus
1140 992 1293 1034 modus
1320 1001 1401 1043 est,
1432 992 1473 1033 in
1501 1007 1587 1046 quo
1622 992 1842 1034 conficitur
1872 1008 1926 1034 ex
1949 992 2193 1049 particulari

238 1071 474 1114 dedicativo
517 1083 556 1114 et
594 1074 826 1116 universali
866 1075 1102 1116 abdicativo
1147 1073 1403 1131 particulare
1435 1074 1723 1114 abdicativum
1759 1074 1990 1125 directum,
2035 1084 2083 1115 ut
2112 1084 2190 1115 est:

238 1153 457 1207 quoddam
490 1155 652 1208 justum
688 1155 934 1208 honestum,
969 1157 1136 1198 nullum
1169 1157 1394 1197 honestum
1427 1164 1576 1210 turpe,
1619 1154 1839 1210 quoddam
1873 1154 2000 1209 igitur
2028 1155 2188 1209 justum

237 1250 322 1275 non
360 1245 419 1276 est
454 1245 600 1291 turpe3
636 1236 794 1278 reflecti
833 1253 918 1279 non.
949 1248 1104 1294 potest,
1151 1239 1338 1280 diximus
1382 1237 1495 1278 enim
1526 1250 1678 1291 supra,
1728 1234 1983 1291 particulare
2023 1235 2193 1277 abdica-

240 1318 377 1357 tivum
409 1332 493 1358 non
525 1333 645 1373 posse
674 1320 874 1360 converti.
935 1320 1124 1361 Octavus
1149 1321 1303 1362 modus
1335 1329 1415 1370 est,
1446 1319 1488 1359 in
1520 1333 1606 1373 quo
1634 1315 1854 1358 conficitur
1886 1331 1938 1356 ex
1961 1315 2194 1357 universali

238 1398 494 1449 abdicativo,
530 1408 569 1439 et
600 1399 831 1440 universali
865 1399 1099 1439 dedicativo
1141 1399 1397 1454 particulare
1439 1397 1735 1439 abdicativum
1770 1396 1988 1446 reflexim,
2029 1404 2077 1437 ut
2110 1406 2188 1438 cst:

236 1478 407 1519 nullum
436 1488 558 1535 turpe
588 1479 840 1531 honestum,
875 1494 1002 1521 mnne
1032 1480 1259 1521 honestum
1287 1481 1475 1536 justum,
1507 1478 1728 1533 quoddam
1756 1478 1882 1533 igitur
1914 1478 2074 1532 justum
2106 1494 2189 1520 non

238 1567 297 1598 cst
333 1567 468 1613 turpe.
537 1560 687 1600 Nonus
730 1559 882 1600 modus
923 1568 1002 1610 cst,
1045 1560 1088 1600 iu
1128 1575 1215 1614 quo
1248 1559 1468 1601 conficitur
1500 1575 1552 1600 ex
1603 1559 1834 1599 universali
1880 1558 2116 1600 abdicativo
2154 1570 2193 1601 et

238 1640 481 1693 particulari
525 1639 762 1680 dedicativo
813 1639 1069 1694 particulare
1101 1640 1389 1681 abdicativum
1421 1639 1640 1689 reflexim,
1679 1648 1727 1679 ut
1757 1647 1835 1679 est:
1867 1639 2038 1680 nullum
2067 1649 2190 1696 turpe

238 1720 486 1771 honestum,
522 1719 740 1776 quoddam
771 1719 998 1761 honestum
1029 1719 1212 1774 justum,
1248 1717 1469 1775 quoddam
1498 1718 1625 1773 igitur
1654 1718 1817 1773 justum
1847 1733 1932 1759 non
1965 1728 2024 1759 est
2054 1727 2189 1774 turpe.

629 1889 709 1931 DE
748 1888 1061 1932 SECUNDAE
1105 1888 1350 1932 FORMAE
1394 1888 1579 1930 PRIMO
1617 1887 1808 1930 MODO.

402 1995 620 2036 Secundae
662 1996 828 2037 formae
862 1998 1027 2052 primus
1070 1995 1224 2037 modus
1267 2004 1345 2046 cst,
1396 1995 1439 2036 in
1480 2009 1566 2050 quo
1606 1994 1826 2036 conficitur
1869 2009 1922 2036 ex
1959 1994 2188 2036 universali

236 2074 470 2116 dedicativo
503 2086 541 2117 ct
571 2077 801 2118 universali
843 2077 1081 2118 abdicativo
1119 2074 1363 2116 universale
1406 2074 1694 2116 abdicativum
1737 2074 1968 2125 directum,
2023 2084 2069 2116 ut
2107 2085 2188 2117 est:

237 2169 362 2195 omne
387 2155 545 2208 justum
576 2157 824 2210 honestum,
855 2159 1026 2199 nullum
1057 2168 1183 2214 turpe
1213 2157 1463 2208 honestum,
1503 2157 1674 2198 nulium
1706 2157 1832 2211 igitur
1862 2156 2022 2208 justum
2054 2165 2190 2212 turpc.

237 2234 317 2275 Hic
350 2234 581 2275 reflexione
611 2237 644 2276 si
677 2238 824 2289 utaris,
856 2239 961 2280 alius
992 2239 1145 2281 modus
1177 2253 1261 2279 non
1297 2237 1499 2288 efficitur,
1531 2237 1734 2292 quoniam
1768 2236 1821 2276 de
1851 2236 2042 2290 utrisque
2086 2238 2191 2278 sub-

237 2314 395 2367 jectivis
434 2313 478 2355 fit
517 2315 658 2357 illatio.
717 2318 936 2360 Secundus
969 2318 1123 2360 modus
1155 2326 1235 2367 cst,
1274 2318 1317 2357 in
1349 2329 1435 2369 quo
1470 2314 1690 2356 conficitur
1722 2330 1774 2356 ex
1806 2315 2038 2356 universali
2070 2316 2191 2357 abdi—

239 2396 374 2436 cativo
397 2405 435 2437 et
460 2397 689 2438 universali
718 2398 954 2441 dedicativo
985 2398 1225 2442 universale
1250 2396 1537 2440 abdicativum
1565 2395 1796 2448 directum,
1837 2404 1885 2437 ut
1914 2405 1992 2437 est:
2020 2396 2189 2437 nullum

314 2516 458 2562 octavus]
483 2517 551 2561 Qui
570 2518 622 2550 hic
644 2519 756 2551 abesse
774 2520 921 2552 videntur
944 2521 1031 2553 modi
1049 2521 1190 2566 quintus,
1242 2516 1416 2551 secundum
1442 2521 1474 2548 et
1493 2516 1633 2548 tertium.
1659 2515 1769 2561 Atque
1792 2515 1836 2549 ita
1857 2515 1952 2549 etiam
1976 2517 2059 2560 apud
2079 2516 2189 2560 Appu-

239 2584 347 2610 sextus
369 2586 399 2612 et
418 2581 586 2626 septimus,
616 2583 709 2616 modo
733 2583 869 2629 expositi
892 2590 966 2617 sunt
987 2585 1026 2617 ad
1045 2585 1190 2629 primum,
1241 2582 1339 2624 lejssm
1368 2581 1410 2625 (Ρ-
1434 2580 1518 2612 274·
1544 2579 1639 2622 275)-
