2310 2860
209 164 300 207 408

760 163 959 207 Martiani
998 162 1198 220 Capellae
1234 162 1307 211 lib.
1329 162 1386 206 V.
1424 165 1454 216 §.
1477 160 1584 207 454.

211 270 426 313 occidendi
451 270 657 312 adstruxit
671 270 841 312 insidias
865 270 1103 313 Clodianas.
1134 270 1225 312 Illic
1248 272 1507 313 assumtivae
1523 286 1682 313 nomen
1702 273 1879 328 accepit:
1898 275 1998 328 quia
2026 287 2166 330 quum

214 353 401 395 absolute
439 352 600 394 factum
637 355 747 395 tueri
786 369 869 396 non
901 354 1050 410 possit,
1094 353 1286 408 confugit
1311 352 1365 394 ad
1405 366 1567 394 causas.

1627 352 1744 394 Haec
1773 353 1785 394 i
1789 353 1908 408 gitur*
1938 355 2168 395 assumtiva

216 444 354 490 partes
388 434 517 476 habet
547 445 753 491 quatuor:
779 437 1053 488 relationem,
1089 435 1392 485 remotionem,
1423 434 1808 489 comparationem,
1841 435 2165 477 concessionem.

90 517 179 559 455
210 515 374 557 Relatio
413 525 492 567 est,
537 530 676 571 quum
720 516 774 557 de
816 516 926 558 facto
968 516 1157 558 confesso
1189 515 1368 571 culpam
1399 514 1440 554 in
1473 528 1574 556 eum
1611 515 1686 569 qui
1729 515 1903 572 pertulit
1935 515 2083 567 refert,
2122 525 2170 557 ut

208 596 252 636 in
282 594 483 636 Clodium
514 595 642 646 Milo,
689 597 858 637 Orestes
889 597 932 637 in
963 606 1168 648 matrem,
1211 595 1413 637 Horatius
1443 596 1486 636 in
1518 610 1734 647 sororem,
1779 596 1855 651 qui
1885 595 2043 637 idcirco
2074 609 2098 637 a
2126 610 2169 637 se

83 672 178 715 456
208 675 425 731 perhibuit
454 676 715 731 jugulatam,
760 677 860 731 quia
891 677 982 731 ejus
1013 686 1272 732 provocatus
1303 675 1460 730 injuria
1490 676 1533 717 in
1563 676 1728 717 facinus
1761 676 1813 718 sit
1842 685 2024 718 coactus.
2084 675 2171 717 Re-

208 757 340 798 motio
380 766 460 808 est,
509 771 647 812 quum
688 757 902 812 objectum
942 758 1104 799 crimen
1143 755 1186 796 in
1225 755 1408 797 alterum
1450 757 1519 798 vel
1552 757 1596 798 in
1635 757 1751 799 aliud
1791 757 1845 800 ab
1885 772 1935 798 eo
1968 756 2043 812 qui
2073 770 2172 812 per—

211 837 375 879 cellitur
402 847 664 882 removetur.
717 838 767 879 In
792 838 946 889 alium,
981 847 1029 878 ut
1053 837 1254 878 Tiberius
1285 836 1509 878 Gracchus
1538 838 1581 878 in
1611 838 1887 890 Mancinum,
1918 838 1994 894 qui
2026 846 2171 879 auctor

210 918 392 960 faciendi
430 917 613 959 foederis
652 918 752 970 fuit,
794 918 910 974 quod
948 928 1036 960 tam
1069 929 1238 961 senatus
1271 933 1405 975 quam
1436 919 1624 975 populus
1657 919 1934 976 improbaret.
1992 920 2100 962 Item
2130 919 2170 960 in

210 999 292 1040 alia
327 1013 473 1041 causa:
504 1000 666 1055 legatus
706 1000 785 1041 nisi
824 999 936 1042 intra
984 1000 1151 1056 triginta
1195 1000 1283 1043 dies
1321 1001 1536 1058 profectus
1577 1001 1727 1054 fuerit,
1778 1002 1912 1058 capite
1952 1001 2171 1058 plectatur.

212 1078 424 1128 Quaestor
453 1090 646 1122 sumtum
676 1081 812 1136 legato
842 1096 927 1121 non
961 1081 1095 1131 dedit,
1137 1090 1306 1136 tempus
1341 1095 1567 1122 emensum
1610 1089 1683 1121 est.
1739 1081 1975 1122 Accusatus
2006 1089 2173 1122 contra-

211 1158 311 1200 dicit
349 1169 389 1201 et
426 1161 585 1201 crimen
626 1161 838 1215 objectum
881 1170 1076 1202 removet
1114 1162 1157 1202 in
1193 1170 1480 1216 quaestorem.
1538 1160 1589 1202 In
1631 1160 1747 1202 aliud
1785 1171 1928 1203 autem
1965 1170 2173 1210 removet,

212 1240 257 1280 si'
291 1241 447 1282 morbo
491 1240 679 1284 tardatus
722 1242 766 1284 in
799 1242 1084 1285 infortunium
1113 1256 1244 1283 suum
1285 1256 1458 1284 causam
1488 1251 1711 1284 removeat
1739 1241 1953 1284 tarditatis.

212 1410 246 1441 in
270 1410 411 1442 omnium
436 1410 582 1442 manibus
604 1416 788 1452 versentur,
816 1411 996 1445 exscribere
1018 1412 1088 1457 ipsa
1112 1422 1166 1444 ne-

216 1474 390 1506 cessarium
414 1486 479 1506 non
497 1475 568 1507 fuit.

290 1537 496 1583 assimitivae]
521 1539 655 1571 Grotius
679 1538 778 1571 edidit
797 1541 992 1583 assumptive
1011 1540 1094 1572 sicut
1116 1551 1169 1571 an-

215 1598 366 1639 teriores,
391 1600 529 1631 correxit
550 1606 656 1632 tamen
676 1601 710 1631 in
725 1601 828 1641 notis,
852 1601 1066 1645 adstipulante
1085 1613 1170 1633 nunc

215 1660 325 1692 codiee
351 1661 618 1693 Reichenauensi.
643 1660 712 1694 Sed
734 1667 900 1707 praeterea
922 1662 995 1694 vide
1017 1673 1059 1694 ne
1082 1663 1170 1694 illinc

216 1731 273 1764 pro
299 1721 363 1752 illic
388 1722 559 1762 legendum
582 1722 632 1753 sit.

290 1781 423 1826 relatio]
460 1782 597 1815 Auctori
631 1783 671 1815 ad
700 1783 900 1816 Herennium
933 1783 993 1829 (1,
1029 1783 1093 1827 15)
1122 1788 1172 1815 est

216 1844 405 1883 translatio,-
436 1849 546 1875 noster
575 1856 647 1876 eum
671 1844 829 1878 Cicerone
858 1845 948 1887 facit,
978 1857 1117 1890 quocum
1139 1852 1172 1878 et

218 1904 346 1937 Orestis
368 1907 420 1950 (dc
437 1907 553 1939 invent.
572 1910 604 1948 1,
625 1908 684 1951 15)
704 1914 737 1940 et
754 1909 883 1941 Horatii
900 1909 1031 1954 (ibidem
1052 1909 1088 1949 2,
1109 1907 1172 1951 26)

218 1969 398 2012 exemplum
420 1982 585 2002 commune
611 1972 716 2003 hahet.
752 1972 897 2017 Utroque
926 1979 959 2005 et
982 1971 1172 2016 Quinctilia-

217 2042 280 2062 nus
314 2032 497 2075 saepissime
535 2033 634 2064 utitur
663 2034 722 2077 (5,
745 2035 786 2077 6,
817 2036 875 2067 76.
907 2036 949 2075 5,
983 2036 1046 2076 11,
1073 2035 1106 2066 4.
1135 2034 1172 2074 4,

219 2094 259 2134 2,
289 2095 320 2125 7.
344 2096 384 2135 5,
409 2096 472 2135 11,
501 2096 546 2127 12
572 2102 603 2128 et
624 2097 682 2139 18)
704 2099 821 2141 pariter
848 2111 884 2130 ac
908 2098 1058 2139 Milonis,
1082 2109 1173 2142 prac-

219 2157 328 2189 sertim
359 2170 455 2201 quum
481 2158 548 2201 ipse
577 2159 692 2191 Cicero
719 2161 794 2205 (pro
820 2162 892 2195 Mil.
913 2161 952 2206 5)
981 2162 1076 2203 liujus
1101 2173 1172 2193 cau-

219 2230 287 2250 sam
319 2231 390 2250 cum
418 2219 473 2250 illa
499 2219 627 2252 Horatii
656 2221 752 2266 (apud
778 2222 907 2255 Livium
935 2225 973 2264 1,
1002 2222 1065 2266 26)
1088 2234 1174 2255 eom-

219 2283 386 2326 paraverit.

294 2345 351 2390 qui
379 2342 581 2388 percellitur]
619 2344 725 2385 Reus,
753 2342 774 2379 ὁ
804 2343 1046 2390 διωκόμενος.
1068 2346 1175 2380 Gnor.

220 2423 267 2429 —-
292 2405 470 2437 Percellcre
502 2405 586 2437 idem
612 2412 661 2437 est
689 2406 776 2449 quod
802 2409 837 2438 in
865 2411 978 2452 capitis
1002 2410 1173 2441 discrimen

220 2467 397 2507 adducere,
420 2474 455 2499 ut
483 2480 578 2512 saepe
607 2469 691 2512 apud
714 2469 858 2501 Tacitum
876 2472 962 2515 (ann.
977 2472 1013 2513 4,
1034 2473 1094 2505 51.
1114 2472 1172 2513 14,

222 2531 286 2569 573
317 2531 391 2564 hist.
415 2532 454 2571 2,
482 2531 538 2563 54.
562 2533 602 2572 5,
636 2532 708 2574 56).
745 2532 890 2565 Eandem
917 2535 959 2566 ol»
987 2547 1115 2568 causam
1141 2539 1174 2567 ct

222 2592 317 2635 paulo
338 2604 433 2638 supra
456 2593 497 2637 (ἓ.
514 2594 601 2637 455)
628 2595 829 2629 scribendum
851 2608 923 2630 esse
945 2598 1045 2631 videri
1071 2598 1174 2644 possit

2011 1242 2173 1283 Remo-

1221 1412 1279 1459 φα·
1303 1411 1459 1455 perculit,
1485 1409 1582 1442 modo
1600 1410 1645 1442 ibi
1673 1410 1713 1443 de
1733 1414 1920 1443 accusatore
1940 1420 2047 1442 sermo
2072 1414 2174 1447 esset3

1221 1473 1279 1505 sed
1304 1485 1402 1518 quum
1422 1473 1473 1506 vel
1493 1473 1628 1505 Clodius
1653 1472 1706 1504 vel
1728 1472 1985 1516 Clytaemnestra
1999 1471 2051 1504 vel
2070 1472 2174 1504 Hora·

1220 1537 1264 1569 tia
1287 1538 1459 1581 percellere
1483 1537 1705 1569 interfectores
1731 1548 1808 1568 suos
1835 1536 1971 1580 amplius
1995 1548 2062 1568 non
2082 1541 2173 1579 potu-

1221 1601 1318 1641 erint,
1351 1601 1475 1633 cautius
1502 1600 1580 1632 duxi
1605 1612 1731 1632 servare
1752 1601 1905 1644 pertulit,
1934 1601 2008 1644 quia
2030 1600 2175 1645 perferre

1221 1662 1315 1695 etiam
1342 1662 1383 1694 de
1405 1661 1555 1706 patiendo
1577 1661 1640 1694 dici
1659 1667 1777 1706 potest.

1292 1723 1445 1770 foederis]
1472 1725 1676 1766 Numantini,
1710 1725 1750 1757 de
1782 1737 1846 1769 qno
1872 1730 1905 1757 et
1930 1724 2046 1759 Cicero
2070 1726 2176 1770 (Brut.

1221 1789 1294 1832 27).
1320 1789 1421 1821 Plura
1442 1789 1530 1820 dabit
1548 1789 1742 1821 Plutarchus
1764 1789 1810 1833 (in
1833 1789 1897 1821 vita
1924 1789 1995 1821 Tib.
2015 1789 2177 1833 Gracchi),

1221 1850 1371 1892 Vellejus
1399 1850 1454 1895 (2,
1478 1851 1516 1891 1,
1538 1849 1594 1894 5),
1623 1849 1793 1894 Appianas
1820 1850 1974 1895 (Hispan.
1998 1850 2083 1894 85),
2115 1850 2178 1883 alii.

1222 1913 1429 1946 Celebratum
1466 1912 1648 1944 rhetoribus
1682 1917 1902 1954 argumentum
1937 1912 2038 1945 fuisse
2064 1912 2180 1958 probat

1222 1974 1463 2018 Quinctilianus
1489 1974 1542 2018 (5,
1569 1975 1611 2013 S,
1633 1975 1668 2007 5.
1693 1975 1726 2015 7,
1750 1974 1791 2014 4,
1823 1973 1893 2018 12).

1296 2039 1430 2069 alterius
1445 2036 1536 2082 vitio]
1557 2037 1672 2069 Delevi
1692 2037 1880 2069 auctoritate
1902 2037 2047 2069 codicum
2063 2036 2176 2068 narm-

1224 2099 1388 2132 stattensis
1412 2104 1445 2131 et
1470 2099 1676 2132 Monacensis
1700 2099 1756 2143 (C)
1775 2099 1855 2130 illud
1881 2099 1979 2145 quid,
2008 2097 2095 2141 quod
2126 2109 2175 2130 se·

1224 2164 1333 2209 quitur
1361 2162 1446 2206 apud
1473 2162 1639 2203 Grotium,
1671 2161 1828 2206 siquidem
1855 2161 1980 2204 factum
2004 2161 2177 2205 praecedit.

1298 2223 1443 2271 loqutus]
1482 2225 1570 2258 Huic
1605 2237 1734 2269 quoque
1768 2223 1915 2268 exemplo
1949 2236 2058 2256 ansam
2090 2224 2180 2258 dedit

1225 2287 1340 2320 Cicero
1364 2287 1417 2331 (de
1439 2286 1558 2319 invent.
1584 2287 1624 2326 2,
1651 2285 1728 2328 29)
1755 2297 1887 2317 »causae
1907 2286 2093 2318 remotionis
2117 2287 2180 2320 hoc

1223 2348 1317 2381 nobis
1338 2348 1486 2392 exemplo
1510 2347 1568 2379 sit:
1591 2345 1712 2378 Rhodii
1730 2346 1885 2389 quosdam
1910 2347 2057 2388 legarunt
2076 2346 2178 2380 Athe-

1223 2421 1290 2442 nas.
1328 2409 1460 2451 Legatis
1486 2412 1675 2453 quaestores
1700 2413 1857 2448 sumtum,
1889 2420 1985 2452 quem
2011 2409 2180 2452 oportebat

1223 2473 1306 2515 dari,
1330 2484 1397 2505 non
1421 2472 1588 2504 dederunt.
1612 2471 1727 2514 Legati
1753 2472 1889 2516 profecti
1913 2484 1979 2504 non
2004 2478 2090 2505 sunt.
2112 2471 2177 2506 Ac·

1221 2542 1404 2571 cusantur.‹=
1437 2535 1506 2569 Sed
1531 2535 1663 2580 propius
1686 2534 1727 2566 ad
1750 2541 1896 2566 nostrum
1918 2536 2040 2568 accedit
2058 2533 2176 2568 Curius

1223 2599 1251 2633 F
1254 2597 1473 2633 ortuuatianus
1490 2597 1533 2642 (p.
1549 2598 1598 2631 47
1619 2596 1729 2639 Pith.).
1756 2596 1909 2629 Ceterum
1923 2595 2092 2629 lectionem
2110 2595 2177 2629 vul-
