2310 2860
254 131 344 172 QG

819 126 1019 170 Martiani
1058 125 1257 183 Capellae
1295 124 1368 166 lib.
1394 124 1469 167 ΙΠ.
1508 129 1539 178 §.
1562 127 1663 170 225.

256 245 389 278 aetate
419 234 592 291 quidem
629 235 905 291 longaevam,
943 233 1016 275 sed
1046 233 1243 274 comitate
1274 231 1617 285 blandissimam,
1662 248 1774 290 quae
1803 234 1854 276 ‘se
1883 236 1927 277 in
1956 234 2216 291 Memphide.

254 325 392 358 ortam
428 329 526 370 rege
559 314 698 356 adhuc
733 315 857 356 Osire
896 314 1184 365 memorabat,
1227 314 1390 369 diuque
1437 313 1646 356 obtectam
1686 315 1870 357 latibulis
1923 316 1974 358 ab
2013 318 2104 374 ipso
2140 332 2209 358 re-

254 405 419 451 pertam
451 394 764 452 educatamque
789 395 995 451 Cyllenio.

1056 394 1181 444 Quae
1211 392 1392 444 femina,
1427 393 1523 434 licet
1552 394 1595 435 in
1625 394 1780 447 Attica,
1815 396 1890 436 ubi
1921 397 2083 451 majore
2113 398 2208 438 aevi

254 485 373 531 parte
405 476 630 528 floruerat,
670 492 713 517 se
750 485 954 518 assereret
986 475 1182 516 incedere
1221 472 1461 528 palliatam,
1500 484 1643 516 tamen
1672 476 1756 516 ritu
1786 476 1999 517 Romuleo
2036 486 2210 533 propter

252 558 415 600 Latiale
459 573 622 599 numen
670 566 709 598 et
765 557 910 598 Olium
969 565 1096 611 eaput
1152 565 1413 612 propterque
1466 557 1666 598 Martiam
1724 567 1890 613 gentem
1940 558 2210 614 Venerisque

254 641 531 696 propaginem
568 648 762 682 senatum
800 638 931 680 deum
962 638 1147 694 ingressa
1178 648 1237 679 est
1277 638 1489 694 penulata.

325 796 526 844 lllemphide]
556 798 800 831 Grammaticam
823 799 857 832 in
873 797 1023 843 Aegypto
1047 798 1207 830 inventam

252 859 374 903 primus
397 866 533 892 testatur
553 861 648 893 Plato
674 861 719 906 (in
737 861 863 893 Phileb.
888 874 919 905 p.
939 862 1015 905 18),
1043 872 1138 905 quem
1158 871 1206 891 se-

253 928 396 966 qunntur
423 924 538 957 Cicero
562 925 620 969 (N.
643 925 683 957 I).
704 926 745 966 5,
773 924 858 969 21),
885 925 1016 958 Tacitus
1040 926 1126 970 (ann.
1149 925 1207 964 11,

254 987 331 1030 14),
360 988 552 1021 Plutarchus
576 990 712 1033 (quaest.
733 1000 874 1034 sympos.
896 990 931 1030 9,
955 991 990 1030 5,
1012 1003 1042 1034 p.
1058 990 1130 1022 758
1155 988 1207 1032 d),

251 1046 386 1083 Servius
406 1050 461 1094 (ad
483 1050 566 1083 Aen.
581 1051 622 1091 4,
651 1051 749 1096 577).

326 1112 489 1158 Cyllenio]
516 1114 611 1145 Plato
646 1114 844 1146 inventorem
873 1120 1035 1158 nuncupat
1066 1114 1206 1153 Theuth,

253 1175 311 1207 sed
335 1176 567 1209 restituendum
586 1189 658 1210 esse
679 1178 826 1222 Thoyth,
851 1178 885 1210 id
904 1184 955 1210 est
972 1177 1207 1222 Aegyptiorum

252 1238 461 1281 Mercurium,
493 1240 569 1273 alibi
589 1242 657 1284 jam
683 1241 792 1273 monui
813 1240 950 1286 (§.175
977 1240 1068 1285 not).

325 1303 455 1350 Attica]
483 1305 533 1337 Ibi
553 1305 654 1349 prima
676 1305 897 1347 grammaticae
921 1304 1126 1336 fundamenta
1149 1315 1205 1348 po-

253 1364 313 1396 sita
345 1371 419 1398 sunt
449 1379 466 1397 a
499 1367 717 1410 philosophis,
754 1366 897 1409 inprimis
927 1366 1064 1397 Platone
1093 1365 1208 1409 (Diog.

252 1426 359 1458 Laert.
378 1429 413 1467 5,
436 1428 496 1468 25,
518 1441 549 1472 p.
570 1430 642 1460 180
670 1429 767 1460 Meib.
794 1428 929 1471 Dionys.
952 1427 1028 1459 Hal.
1057 1428 1096 1459 de
1121 1438 1206 1458 com-

251 1497 323 1531 pos,
354 1501 386 1533 p.
414 1490 460 1521 14
491 1489 602 1533 sylb.)
625 1496 658 1522 ct
683 1490 803 1523 Stoicis
831 1490 917 1534 (vide
953 1490 1082 1522 omnino
1113 1489 1205 1522 Clas-

252 1550 377 1581 senium
409 1551 448 1583 de
477 1551 567 1594 prim.
595 1563 724 1594 gramm.
752 1564 799 1594 gr,
824 1565 855 1596 p.
877 1554 900 1585 5
925 1552 1044 1596 sequ),
1082 1552 1207 1583 Romae

251 1617 373 1651 autem,
395 1617 476 1643 teste
496 1612 653 1644 Suetonio
671 1615 723 1657 (de
748 1614 792 1645 ill.
816 1627 943 1655 gramm.
967 1614 1065 1656 init),
1089 1614 1144 1645 diu
1165 1625 1206 1645 ne

196 1680 199 1682 '
252 1671 287 1703 in
311 1684 371 1703 usu
397 1673 543 1716 quidem,
582 1675 700 1706 nedum
721 1676 755 1706 in
778 1676 899 1707 honore
924 1675 991 1707 ullo
1013 1681 1082 1707 erat
1104 1687 1206 1717 gram·

252 1733 377 1766 matica.

326 1795 474 1841 Latiale]
502 1796 608 1841 Saepe
632 1803 742 1829 noster
772 1798 904 1830 vocibus
930 1799 1030 1830 utitur
1059 1799 1208 1838 Latialis,

253 1856 391 1891 Latiale.
420 1858 559 1890 Codices
577 1859 840 1892 Darmstattensis
865 1866 898 1891 et
922 1860 1126 1894 Monacensis
1150 1860 1207 1904 (C)

253 1929 380 1964 semper
409 1919 542 1952 alterum
573 1921 602 1952 L
629 1932 700 1953 cum
727 1922 760 1954 R
787 1928 983 1966 permutant:
1009 1922 1068 1954 sed
1095 1933 1208 1966 parum

254 1982 388 2014 interest
416 1984 576 2027 (Macrob.
602 1984 731 2017 Saturn.
760 1987 798 2026 1,
829 1988 852 2018 (3
883 1991 915 2017 et
940 1987 994 2018 18.
1031 1986 1144 2030 steph.
1168 1986 1208 2018 ad

254 2043 375 2077 Saxon.
397 2057 428 2089 p.
444 2046 496 2088 7),
524 2046 781 2090 quandoquidem
800 2047 929 2091 Jupiter
946 2048 1041 2080 modo
1061 2048 1207 2089 Latialis,

253 2106 350 2138 modo
378 2106 515 2139 Latiaris
548 2107 637 2140 audit
671 2108 771 2151 (conf.
802 2109 1025 2155 palaeograph.
1055 2110 1125 2142 crit.
1148 2109 1207 2143 III.

254 2168 284 2214 ἓ.
307 2170 406 2212 579).

329 2232 438 2264 olium
453 2230 566 2277 caput]
593 2231 665 2266 MS.
692 2234 802 2266 Olimn
819 2240 932 2278 caput,
965 2235 1061 2268 credo
1091 2237 1208 2280 capito-

255 2295 341 2327 lium.
357 2295 524 2329 GnoT.—-
555 2296 644 2339 Lege
672 2298 763 2329 »Tali
781 2304 905 2342 caput.«
946 2298 1032 2330 Nota
1061 2304 1111 2331 est
1137 2310 1207 2331 nar-

254 2357 335 2389 ratio
362 2357 402 2389 de
426 2357 528 2401 capite
557 2357 632 2389 Toli
660 2358 855 2391 vulcentani
877 2360 1005 2392 evoluto
1030 2372 1070 2392 ex
1097 2361 1208 2393 sunda-

254 2426 434 2453 mentorum
452 2420 582 2453 sedibus
600 2421 633 2452 in
647 2421 730 2453 colle
747 2422 894 2466 Tarpejo.
921 2424 965 2455 Et
981 2424 1058 2456 mihi
1080 2425 1210 2469 quidem

255 2484 425 2528 aliquando
450 2484 584 2528 placuit,
613 2484 707 2516 etiam
733 2484 889 2517 Varronis
914 2486 1019 2519 locum
1045 2487 1098 2531 (de
1114 2488 1152 2520 L.
1170 2487 1208 2524 L,

256 2547 309 2579 lib.
319 2548 357 2591 4)
367 2549 428 2580 hoc
440 2547 514 2581 Toli
525 2547 652 2580 nomine
666 2547 817 2590 insignire
829 2548 868 2580 ad
882 2549 980 2593 ipsius
995 2550 1114 2584 autoris
1125 2563 1212 2585 men·

1553 637 1754 679 Gestabat
1783 638 1889 679 haec
1921 647 2063 681 autem
2097 648 2204 680 teres

1260 796 1338 830 tem':
1353 797 1569 842 »Capitolium
1586 797 1714 838 dictum,
1735 798 1821 841 quod
1835 797 1886 831 hic
1901 809 1999 843 quum
2009 797 2214 829 fundamenta

1259 862 1444 894 foderentur
1466 862 1554 894 aedis
1577 861 1687 902 Jovis,
1719 867 1815 906 eaput
1850 862 1920 894 Toli
1939 860 2076 893 hominis
2104 861 2213 893 inven-

1259 929 1326 955 tum
1354 923 1496 956 dicitur.«
1523 924 1658 956 Pmmon.
1689 923 1742 967 (dc
1772 935 1852 955 serv.
1878 936 1908 967 p.
1934 924 2005 955 157
2032 923 2082 955 ed.
2108 923 2214 955 1615.

1259 1001 1290 1032 p.
1313 988 1396 1020 266.
1429 987 1549 1031 1674).
1573 1006 1621 1011 —-
1664 988 1845 1031 Quousque
1879 987 2008 1019 tandem
2036 985 2216 1028 corrigendi

1258 1051 1400 1095 pruritus
1440 1051 1568 1083 criticos
1607 1051 1756 1095 abripiet!
1809 1051 1926 1083 Nonne
1964 1050 2064 1082 multo
2099 1049 2215 1081 melius

1258 1112 1380 1152 Varro,
1411 1112 1528 1144 Florus
1545 1112 1605 1155 (1,
1634 1112 1685 1155 7),
1706 1111 1860 1143 Aurelius
1880 1112 1995 1144 Victor
2019 1111 2078 1155 (de
2100 1111 2157 1143 vir.
2178 1111 2214 1142 il·

1258 1174 1350 1208 lustr.
1369 1172 1411 1216 9)
1438 1179 1470 1205 et
1489 1173 1666 1216 Dionysius
1690 1173 1986 1205 Halicarnassensis
2010 1173 2062 1217 (4.
2090 1185 2122 1217 p.
2142 1174 2214 1204 757

1257 1234 1363 1279 Sylh.)
1387 1234 1489 1276 ignoti
1519 1245 1652 1278 prorsus
1681 1235 1838 1275 hominis,
1874 1235 1966 1276 cujus
1990 1240 2086 1279 eaput
2106 1234 2214 1266 inven-

1258 1305 1341 1339 tum,
1368 1309 1485 1329 nomen
1516 1298 1735 1329 reticuerunt?
1762 1297 1846 1341 Quis
1871 1303 1921 1329 est
1942 1297 2037 1329 etiam
2062 1303 2215 1338 veterum,

1259 1361 1314 1405 qni
1338 1361 1371 1392 id
1395 1360 1530 1404 prodat,
1561 1360 1612 1392 vel
1640 1361 1776 1404 prodere
1801 1361 1965 1404 potuerit?
1996 1361 2125 1392 Primus
2150 1372 2217 1393 om—

1258 1425 1346 1456 nium
1369 1424 1552 1465 Arnobius,
1578 1425 1683 1468 quarti
1701 1425 1801 1457 seculi
1825 1425 1978 1469 scriptor,
2000 1425 2040 1457 de
2067 1437 2105 1458 eo
2128 1426 2218 1458 fabu-

1257 1488 1351 1520 latur.
1377 1487 1428 1520 Ae
1445 1499 1486 1519 ne
1509 1487 1594 1531 apud
1613 1489 1699 1520 hunc
1717 1488 1845 1532 quidem
1862 1489 1999 1520 nominis
2020 1489 2116 1521 lectio
2133 1494 2218 1521 certa

1258 1556 1318 1582 est.
1351 1549 1508 1592 Quamvis
1537 1549 1624 1581 enim
1649 1548 1852 1582 stewechius
1884 1551 1954 1581 Toli
1975 1550 2077 1592 legat,
2102 1550 2217 1582 Hal-al-

1258 1614 1318 1645 dus
1348 1619 1454 1644 tamen
1481 1619 1578 1656 atque
1600 1612 1715 1654 editio,
1743 1625 1824 1657 quae
1844 1613 1995 1655 Lugduni
2019 1614 2217 1646 Batavorum

1260 1676 1352 1707 1651
1381 1674 1500 1718 prodiit
1521 1674 1564 1718 (p.
1581 1674 1677 1718 194),
1701 1674 1756 1706 Oli
1767 1674 1909 1718 praebet.
1934 1675 1980 1706 Et
2000 1680 2085 1707 certe
2103 1675 2218 1708 melius

1258 1750 1322 1770 vox
1338 1738 1532 1781 Capitolium
1552 1749 1569 1769 e
1586 1743 1702 1781 »capnt
1722 1738 1849 1770 Olium«
1872 1738 1988 1782 prodit.
2016 1738 2104 1772 Cave
2123 1739 2219 1782 igitur
2270 1732 2278 1737 ⁰

1258 1802 1450 1834 Martianum
1469 1801 1625 1843 corrigas,
1653 1801 1708 1845 qui
1734 1802 1818 1845 apud
1837 1802 2023 1846 popularem
2047 1813 2140 1834 suum
2165 1802 2222 1835 Oli

1258 1862 1388 1905 legens,
1422 1868 1458 1894 ut
1487 1862 1534 1893 illi
1566 1862 1687 1895 nomini
1723 1862 1855 1907 propius
1889 1863 2071 1904 accederet,
2111 1864 2219 1897 Olium

1260 1924 1396 1968 scripsit.
1435 1923 1573 1956 Accedit
1596 1924 1684 1969 quod
1711 1924 1845 1957 Servius
1875 1923 1930 1969 (ad
1955 1924 2040 1957 Aen.
2058 1926 2099 1965 8,
2126 1924 2218 1967 545)

1258 1987 1369 2018 refert:
1399 1991 1514 2029 »caput
1548 1987 1738 2027 humanum,
1769 1986 1857 2030 quod
1886 1986 1941 2019 Oli
1968 1986 2144 2027 diceretur,
2170 1986 2217 2018 in-

1258 2055 1390 2082 ventum
1413 2060 1515 2082 esse«
1563 2049 1677 2094 Neque
1705 2049 1881 2082 Grotianus
1907 2049 2013 2090 solus,
2049 2049 2108 2082 sed
2132 2049 2216 2082 Can-

1259 2110 1462 2152 tabrigiensis
1489 2111 1585 2142 etiam
1615 2111 1717 2143 codex
1744 2112 1854 2143 Olium
1877 2111 2025 2154 praebet,
2061 2122 2160 2154 quare
2182 2111 2217 2142 fi-

1258 2175 1372 2206 denter
1388 2175 1450 2206 hoe
1478 2174 1609 2219 reposui
1635 2185 1695 2219 pro
1719 2174 1791 2206 olim
1811 2173 1846 2205 in
1870 2173 1980 2214 editis,
2006 2174 2094 2217 quod
2117 2185 2217 2207 sensu

1260 2238 1395 2271 carebat.

1332 2298 1504 2346 penulam]
1531 2299 1657 2333 Pariter
1687 2298 1891 2342 Augustinus
1910 2300 2063 2345 (confess.
2085 2302 2102 2334 1
2116 2324 2126 2343 ,
2152 2302 2216 2344 163

1258 2364 1325 2409 Op.
1342 2363 1375 2405 l,
1398 2377 1432 2409 p.
1451 2364 1499 2397 52
1518 2363 1633 2407 Basil.)
1651 2364 1872 2406 grammaticos
1888 2366 2059 2409 maqistros
2077 2365 2216 2410 appellat

1259 2427 1436 2470 penulatos.
1471 2425 1568 2459 Initio
1599 2425 1633 2457 in
1660 2425 1828 2458 itineribus
1854 2431 1978 2458 tantum
1997 2427 2135 2471 penulae
2161 2437 2213 2469 ge-

1260 2488 1442 2528 stabantur,
1477 2493 1512 2519 ut
1533 2499 1562 2519 v.
1590 2499 1618 2520 c.
1643 2487 1739 2528 Milo,
1769 2499 1867 2532 quum
1891 2488 2071 2521 Lanuvium
2100 2493 2214 2532 petens

1261 2562 1332 2584 cum
1367 2560 1466 2582 uxore
1499 2548 1531 2580 in
1561 2548 1659 2582 rheda
1693 2549 1880 2590 veheretur,
1917 2551 2089 2593 penulam
2114 2550 2214 2582 fuisse
