2310 2860
104 936 188 977 770

214 181 305 224 614
768 181 966 222 Martiani
998 180 1198 236 Capellae
1225 179 1297 220 lib.
1327 179 1425 222 VII.
1458 181 1491 232 ᾗ.
1513 180 1614 221 769.

217 302 497 333 numerorum
533 286 759 327 multitudo
793 301 913 342 pares
945 286 1063 337 facit,
1107 301 1207 341 ergo
1237 295 1322 327 tres
1360 296 1400 328 et
1434 288 1629 343 quinque
1663 285 1770 328 fiunt
1799 296 1912 340 octo,
1943 290 2019 345 qui
2045 304 2167 346 pares

216 380 334 421 sunt,
393 369 532 424 impar
564 368 859 409 tantummodo
897 368 1130 423 imparium
1175 367 1403 409 multitudo
1443 370 1628 425 impares
1666 379 1819 411 servat.

1879 371 1991 411 Nam
2021 372 2102 413 tria
2131 380 2171 412 et

217 451 410 507 quinque
449 459 488 490 et
523 460 684 505 septem
724 450 831 491 fiunt
870 449 1137 505 quindecim,
1186 450 1247 491 illi
1285 464 1463 505 quoque
1500 451 1700 506 impares.
1766 450 1929 492 Eadem
1961 451 2014 492 de
2045 466 2171 494 causa

216 533 379 587 quoties
420 545 496 586 par
535 545 743 572 numerus
790 530 857 571 vel
895 544 1043 585 parem
1092 529 1161 569 vel
1209 530 1420 585 imparem
1466 531 1739 587 multiplicat,
1795 532 1828 572 is
1876 532 1950 586 qui
1992 531 2171 574 efficitur

214 627 292 668 par
335 621 406 653 est.
2078 613 2175 654 fecit

478 614 590 654 Nam
637 613 866 668 duplicatio
907 616 996 653 sive
1043 611 1357 667 multiplicatio,
1419 612 1509 653 sive
1559 612 1646 653 duo
1700 613 2018 668 multiplicavit,

217 704 426 749 quatuor,
476 696 565 736 sive
604 695 704 746 tria,
758 695 854 735 fecit
894 710 990 744 sex,
1047 693 1196 734 ambos
1228 708 1365 748 pares.
1426 695 1481 734 At
1513 695 1654 749 impar
1683 709 1914 746 numerus,
1961 695 1994 736 si
2025 709 2174 751 parem

217 776 488 831 multiplicat,
539 776 636 816 facit
674 791 845 831 parem,
899 775 932 815 si
977 775 1211 829 imparem,
1260 783 1351 814 tum
1394 774 1571 815 demum
1618 775 1828 830 imparem
1869 775 2027 827 reddit3
2073 790 2174 817 nam

217 858 438 914 triplicatio
471 858 504 898 si
539 858 644 898 duos
685 858 960 913 multiplicat,
1002 856 1129 897 efficit
1158 871 1257 906 sex,
1305 856 1414 910 ipsos
1447 869 1623 910 quoque
1657 870 1802 911 pares,
1841 857 1874 896 si
1908 865 2009 907 tres,
2049 856 2176 898 efficit

217 954 397 989 novem,
444 942 517 992 qui
556 939 740 994 impares
779 948 889 979 sunt.
964 938 1083 978 Tum
1127 938 1160 978 si
1203 938 1295 993 pari
1334 952 1411 993 par
1453 936 1669 990 adjicitur,
1723 952 1801 992 par
1847 946 2010 988 manet,
2058 947 2105 978 ut
2142 939 2173 978 si

219 1018 389 1059 duobus
440 1028 625 1073 quatuor
672 1019 941 1073 adjiciantur,
999 1029 1098 1060 sunt
1136 1034 1232 1071 sex3
1281 1019 1314 1059 si
1356 1017 1511 1073 impari
1553 1017 1694 1072 impar
1736 1015 1954 1069 adjicitur,
2002 1015 2048 1056 fit
2086 1031 2176 1072 par,

219 1107 267 1139 ut
296 1098 329 1139 si
359 1099 493 1140 tribus
529 1101 721 1155 quinque
756 1101 1027 1154 adjiciantur,
1066 1109 1165 1141 sunt
1195 1108 1308 1151 oeto3
1340 1113 1427 1138 uno
1459 1106 1601 1137 autem
1636 1095 1763 1136 modo
1794 1096 1935 1150 impar
1970 1111 2176 1137 numerus

221 1179 432 1234 procedit,
479 1180 511 1219 si
542 1195 724 1220 numero
755 1195 964 1221 numerus
996 1196 1081 1221 non
1112 1179 1310 1233 adjicitur
1348 1176 1536 1230 ejusdem
1570 1175 1755 1230 generis,
1796 1175 1866 1215 sed
1900 1190 1977 1230 par
2008 1177 2176 1232 impari,

223 1269 263 1300 et
284 1261 424 1314 impar
448 1260 555 1314 pari.
593 1260 704 1300 Nam
738 1260 827 1300 sive
860 1269 1045 1314 quatuor
1077 1259 1172 1314 quis
1197 1258 1367 1313 adjectis
1397 1257 1532 1298 tribus
1562 1257 1747 1307 auxerit,
1778 1257 1867 1296 sive
1897 1257 1975 1297 tria
2011 1257 2178 1309 adjectis

225 1348 432 1393 quatuor,
475 1337 572 1378 [ient
613 1348 796 1393 septem,
848 1340 924 1394 qui
968 1340 1153 1395 impares
1192 1350 1302 1380 sunt.
1368 1337 1534 1378 Deinde
1573 1351 1755 1377 numero
1787 1337 1901 1391 pari,
1947 1336 2075 1390 quale
2101 1336 2177 1376 de—

224 1417 374 1467 mitur,
406 1416 487 1456 tale
511 1427 723 1472 superest,
755 1433 938 1460 numero
962 1419 1119 1475 impari
1144 1417 1405 1459 contrarium
1433 1425 1513 1467 est,
1549 1431 1600 1456 ne
1626 1415 1743 1471 quod
1768 1415 1954 1456 demitur
1984 1417 2177 1471 supersit.

223 1499 334 1553 Ergo
367 1498 398 1538 si
430 1499 521 1553 pari
555 1514 629 1554 par
660 1499 867 1552 demitur,
905 1500 948 1541 id
987 1501 1106 1556 quod
1149 1507 1362 1554 superest,
1403 1513 1480 1554 par
1511 1507 1591 1549 est,
1633 1507 1679 1539 ut
1709 1498 1742 1538 si
1773 1514 1824 1539 ex
1856 1508 1949 1539 octo
1980 1498 2066 1539 duo
2101 1513 2180 1539 au·-

297 1620 358 1649 pm·
384 1606 565 1652 imparium]
593 1607 650 1640 Sie
677 1609 803 1640 codices
825 1610 1038 1641 Monacenses
1053 1607 1107 1653 (A.
1122 1608 1176 1652 C),

226 1671 505 1711 Darinstattensis,
544 1678 576 1703 et
598 1672 871 1704 Reichenauensis
894 1684 953 1716 pro
982 1674 1056 1716 pari
1078 1674 1175 1716 impa-

225 1736 322 1772 rium,
349 1735 434 1777 quod
456 1735 488 1765 in
513 1735 606 1766 editis
636 1741 712 1766 erat.

295 1796 402 1826 eadem
425 1797 461 1826 de
484 1796 595 1841 causa]
625 1796 758 1828 Grotius
776 1798 854 1829 haec
871 1797 969 1829 verba
996 1809 1068 1829 cum
1088 1802 1175 1829 ante-

226 1856 413 1887 cedentibus
444 1858 683 1890 continuaverat
713 1860 820 1891 addito
846 1871 959 1903 pares,
984 1860 1069 1891 unde
1100 1861 1177 1891 haec

228 1918 384 1948 sententia
411 1919 545 1950 exierat:
573 1921 637 1951 »illi
672 1934 798 1964 quoque.
828 1921 963 1965 impares
998 1921 1109 1952 eadem
1137 1922 1176 1953 de

228 1992 322 2012 causa
348 1994 476 2024 pares«;
511 1983 580 2027 ipse
609 1990 712 2016 tamen
737 1985 769 2015 in
795 1985 879 2016 notis
904 1985 1061 2016 intellexit
1083 1997 1178 2028 pares

229 2045 403 2076 tollendum
428 2058 516 2086 esse,
544 2048 629 2090 quod
647 2061 743 2091 quum
766 2049 803 2079 ab
822 2049 1032 2080 anterioribus
1050 2061 1178 2093 quoque

229 2107 422 2138 editionibus
449 2108 546 2148 absit,
577 2110 691 2150 ejicere
720 2123 785 2141 non
811 2111 966 2151 dubitavi,
996 2116 1178 2154 mutataque

230 2168 486 2211 interpunctione
503 2170 607 2200 locum
625 2171 803 2203 intricatum
821 2173 993 2214 integritati
1012 2184 1089 2204 suae
1108 2173 1178 2204 red-

233 2231 352 2262 didisse
375 2233 448 2263 mihi
470 2233 590 2264 uideor.

306 2306 381 2324 nam
397 2293 581 2340 duplicatio]
608 2295 716 2327 voces
735 2296 806 2327 illae
832 2312 843 2324 n
851 2297 917 2328 sive
933 2296 1172 2340 multiplicatio«

234 2356 266 2387 in
290 2356 365 2388 MS.
386 2345 549 2398 inductae,
579 2364 610 2390 et
633 2365 727 2390 reete.
756 2360 820 2390 Pro
845 2362 1015 2403 duplicatio
1039 2372 1113 2392 vero
1135 2361 1179 2392 le-

236 2418 370 2458 gendum
390 2431 505 2450 censeo
535 2421 608 2452 duo.
638 2420 791 2451 Notarum
811 2433 906 2452 error.
935 2422 1038 2454 Sicuti
1060 2429 1092 2453 et
1117 2428 1180 2454 sta-

237 2479 291 2509 tim
319 2492 376 2521 pro
411 2493 501 2512 unam
534 2483 720 2524 triplicatio«
756 2483 924 2523 legendum
963 2498 1053 2516 »nam
1085 2492 1174 2517 ires«

238 2539 288 2570 vel
315 2552 404 2571 unam
430 2543 520 2573 trimo
537 2543 642 2575 Gnor.
658 2562 704 2567 -—
734 2544 805 2586 Ego
834 2557 908 2577 xero
931 2547 1088 2588 vulgatam
1117 2559 1182 2580 ser—

239 2601 308 2632 vavi
332 2602 509 2635 lectionem.

1304 1609 1407 1650 impar
1425 1604 1515 1651 pari]
1543 1606 1651 1648 Vulgo
1676 1619 1738 1651 par
1760 1609 1852 1651 pari,
1887 1608 1973 1651 qnod
2001 1619 2041 1638 ex
2071 1605 2179 1637 codice

1227 1667 1476 1699 Darnistattensi
1501 1668 1634 1699 correxi.

1302 1741 1378 1773 erqo
1397 1731 1426 1760 si
1440 1727 1527 1773 pari]
1552 1729 1642 1759 Haec
1668 1728 1772 1759 omnia
1796 1728 1828 1759 in
1849 1727 1926 1760 MS.
1949 1727 1994 1759 sie
2015 1728 2180 1769 leguntur:

1238 1791 1342 1833 ”Ergo
1363 1793 1390 1823 si
1417 1792 1486 1836 pari
1510 1803 1568 1836 par
1594 1791 1747 1832 demitur,
1775 1791 1806 1822 id
1834 1792 1920 1834 qnod
1950 1797 2097 1835 superest
2125 1803 2182 1835 par

1229 1861 1293 1895 est,
1328 1862 1363 1887 ut
1391 1855 1418 1887 si
1446 1868 1486 1887 ex
1517 1860 1588 1887 octo
1615 1855 1678 1887 duo
1712 1856 1894 1887 auferantur
1914 1860 2087 1899 supersunt
2112 1866 2181 1889 sex.

1229 1919 1268 1951 Si
1291 1931 1422 1951 numero
1451 1919 1520 1963 pari
1552 1919 1653 1962 impar
1678 1919 1830 1959 demitur,
1867 1919 1900 1949 id
1922 1919 2008 1962 quod
2035 1924 2182 1962 superest

1229 1982 1330 2025 impar
1354 1988 1419 2023 est,
1447 1989 1482 2013 ut
1501 1982 1528 2013 si
1547 1995 1587 2013 ex
1609 1982 1669 2033 ῩΙ.
1691 1982 1751 2015 111.
1778 1983 1977 2022 auferantur,
2010 1987 2181 2026 supersunt

1228 2045 1288 2077 III.
1312 2045 1350 2077 Si
1367 2057 1497 2077 numero
1516 2045 1627 2090 impari
1648 2058 1706 2089 par
1729 2046 1880 2086 demitur,
1909 2046 1942 2077 id
1967 2046 2052 2089 quod
2071 2056 2179 2088 super-

1230 2115 1279 2140 est
1311 2109 1411 2152 impar
1433 2115 1496 2149 est,
1522 2115 1558 2140 ut
1581 2110 1607 2140 si
1630 2121 1669 2141 ex
1690 2110 1765 2141 Vll.
1785 2110 1827 2140 11.
1850 2110 2046 2147 auferantur,
2070 2118 2179 2150 super-

1230 2176 1306 2201 sunt
1324 2170 1363 2201 V.
1391 2169 1429 2202 Si
1451 2182 1582 2202 numero
1603 2170 1716 2214 impari
1734 2170 1845 2213 impari
1867 2169 2018 2207 demitur,
2040 2169 2071 2199 id
2094 2167 2181 2211 quod

1230 2237 1378 2276 superest
1416 2244 1474 2275 par
1500 2238 1565 2273 est,
1606 2239 1642 2264 ut
1673 2233 1701 2263 si
1725 2244 1764 2264 ex
1796 2232 1869 2264 Vll.
1897 2232 1956 2263 tria
1981 2232 2180 2271 auferantur,

1231 2301 1403 2338 supersunt
1426 2295 1484 2327 IV.
1512 2296 1577 2327 Par
1604 2295 1737 2327 deinde«
1775 2301 1834 2326 etc.
1862 2296 1968 2327 Locus
2001 2294 2180 2327 mehercule

1232 2358 1349 2403 optime
1376 2364 1407 2388 et
1438 2364 1549 2389 auctus
1583 2363 1615 2389 et
1639 2358 1816 2390 restitutus.
1832 2359 1937 2391 GnoT.
1953 2377 2000 2383 —
2025 2359 2117 2390 Haec
2147 2364 2182 2388 ut

1231 2421 1366 2466 plurima
1391 2420 1450 2451 alia
1469 2420 1651 2452 testimonio
1669 2433 1740 2452 esse
1760 2426 1911 2464 possunt,
1943 2427 2065 2453 textum
2080 2421 2182 2453 nostri

1233 2496 1251 2515 a
1272 2483 1407 2515 librariis
1423 2483 1541 2526 passim
1560 2483 1720 2515 inversum
1738 2490 1833 2527 atque
1853 2484 2078 2528 interpolatum
2098 2496 2180 2524 csse,

1232 2547 1284 2579 vel
1315 2546 1409 2578 etiam
1443 2547 1636 2587 mutilatum,
1675 2553 1779 2578 utrum
1813 2548 1895 2579 enim
1934 2548 2067 2590 singulis
2102 2548 2182 2580 locis

1229 2611 1345 2641 sactum
1374 2610 1430 2650 sit,
1465 2610 1601 2641 discerni
1629 2609 1682 2642 vix
1712 2610 1830 2654 poterit
1857 2610 1889 2642 in
1919 2611 2090 2655 scriptore,
2127 2610 2181 2654 qui
