2310 2860
722 154 922 196 Martiani
959 152 1159 210 Capellae
1197 154 1267 195 lib.
1292 153 1324 196 Ι.
1363 156 1393 207 §.
1418 154 1492 197 24.

598 262 652 304 Et
682 276 912 318 praeversa
943 261 1043 318 vigil
1075 275 1251 302 monere
1281 274 1424 302 sensa:

599 342 728 384 Illum
761 342 1006 384 contribuas
1039 343 1186 385 favere
1214 342 1360 396 jussis,

595 424 650 466 Et
680 426 835 480 coeptis
866 439 988 466 sacra
1018 424 1184 466 fulserit
1213 422 1425 465 voluntas.

282 504 397 545 Haec
417 502 582 545 dicente
599 504 831 557 Mercurio,
862 506 968 560 quin
994 506 1146 561 potius,
1178 504 1317 559 inquit
1337 504 1502 556 Virtus,
1528 514 1711 561 uterque
1734 516 1922 548 vestrum
1945 507 2096 549 Jovem
2127 506 2186 546 95

143 599 247 626 voce
280 585 484 626 conciliet.
543 585 659 626 Nam
691 595 730 626 et
761 585 830 626 hic
861 586 951 640 ejus
996 585 1270 626 consiliorum
1302 585 1516 637 conscius,
1547 595 1586 626 et
1618 596 1662 627 tu
1694 588 1999 644 praeceptionis
2032 603 2100 629 ar—

142 680 287 707 canus.
326 665 401 706 Ille
426 675 612 707 mentem
633 666 765 719 novit,
794 676 841 708 tu
864 666 997 708 verba
1019 668 1251 723 componis.
1284 667 1457 709 Phoebo
1488 669 1626 710 suevit
1656 670 1824 711 instanti
1855 669 2101 720 concedere,

142 746 216 788 sed
253 747 329 788 tibi
367 746 512 788 solitus
553 747 732 803 aperire.

216 905 389 938 praeversa
407 905 535 926 mmaere
552 892 661 940 sensa]
689 894 796 936 Lege:
819 907 955 927 movere.
989 894 1029 926 ln
1053 893 1095 924 al-

143 963 213 990 tero
233 958 292 990 viri
319 958 404 990 docti
428 958 537 990 codice
560 964 628 989 erat
649 970 822 1001 perversa,-
850 959 907 990 sed
925 969 1097 1003 praeversa

143 1021 267 1054 melius.
293 1022 420 1054 Voxcu.
450 1021 512 1065 (sp.
541 1021 609 1052 erit.
635 1034 666 1064 p.
695 1022 789 1065 143).
818 1042 865 1047 —
909 1021 1039 1065 Quodsi
1065 1020 1098 1052 in

143 1083 211 1114 ullo
242 1084 352 1115 codice
386 1095 513 1114 niovere
544 1083 726 1123 legeretur,
767 1084 915 1127 equidem
947 1093 1099 1126 peruersa

142 1144 357 1189 praetulerim.
384 1144 422 1176 In
437 1143 527 1175 nullo
549 1155 624 1175 vero
640 1144 772 1184 legitur,
795 1150 991 1188 quapropter
1007 1155 1098 1187 prae-

142 1220 237 1240 versa
254 1208 385 1240 retineo.
410 1207 494 1239 Nam
524 1218 712 1250 »praeversa
735 1219 864 1239 monere
883 1219 993 1238 sensa«
1014 1207 1098 1238 Mar·

142 1270 230 1302 tiano
254 1277 303 1303 est
332 1271 390 1303 »de
418 1271 642 1316 praeproperis
671 1272 713 1315 (v.
736 1269 820 1303 Aen.
844 1273 884 1311 1,
915 1271 1001 1314 721)
1033 1271 1098 1302 sive

145 1334 370 1378 praecipitibus
397 1334 546 1366 sensibus
574 1346 741 1375 mouere«,
773 1335 858 1367 idem
889 1335 976 1378 quod
1008 1346 1100 1380 prae-

144 1408 280 1441 propere
303 1397 507 1428 arbitr-antem
534 1398 701 1438 corrigere.

216 1456 342 1503 fauere]
375 1457 447 1490 MS.
474 1457 596 1501 favere.
645 1443 714 1490 sed
744 1469 804 1499 ego
836 1459 997 1499 vulgatam
1025 1459 1100 1490 scri-

146 1526 271 1565 pturam
286 1531 416 1550 mavwre
433 1530 467 1550 se
485 1519 567 1549 tueri
584 1519 742 1550 allusione
765 1519 804 1550 ad
826 1531 954 1550 versum
976 1525 1101 1550 sextum

146 1583 291 1615 arbitror.
306 1583 432 1614 Buri-11.
450 1581 534 1625 (adv.
548 1593 579 1625 p.
598 1581 695 1623 957).
709 1600 756 1605 -—
777 1580 850 1612 Illic
872 1581 912 1611 de
929 1582 1101 1620 Mercurio,

145 1646 196 1678 hic
215 1652 321 1677 autem
338 1645 377 1675 de
396 1643 481 1675 Jove
507 1653 611 1674 sermo
635 1647 695 1683 est,
719 1641 803 1673 unde
824 1641 961 1685 praetuli
977 1641 1100 1684 fimet-e,

146 1708 233 1752 quod
255 1711 382 1752 praeter
401 1704 659 1746 Bongarsianum
676 1703 778 1746 Rugii
806 1703 902 1735 etiam
924 1702 1027 1736 codex
1047 1714 1100 1734 ex-

146 1770 235 1806 hibet
254 1774 287 1801 et
309 1765 584 1800 Dar-mstattensis.

221 1836 252 1863 el
281 1828 412 1874 eoeplis]
450 1828 552 1860 Jubet
588 1826 717 1872 quidem
745 1826 900 1859 Barthius
930 1826 990 1871 (ad
1019 1825 1100 1859 Stat.

148 1895 250 1927 Theb.
271 1896 304 1926 6.
327 1907 357 1937 p.
377 1893 475 1936 492)
499 1903 656 1935 reponere
684 1897 720 1922 ut
744 1902 802 1934 pro
830 1897 881 1932 εἰς
917 1891 976 1922 sed
997 1901 1102 1923 corre-

150 1958 254 1990 ctione
285 1968 350 1988 non
379 1967 460 2000 opus
489 1961 556 1993 est,
595 1954 753 1997 siquidem
777 1953 870 1985 facile
894 1953 1101 1995 intelligitur.

148 2019 343 2052 Mercurium
364 2015 512 2061 Apollini
541 2014 679 2046 dixisse:
704 2014 817 2046 »facias
841 2033 888 2038 —
915 2014 971 2046 illa
998 2032 1045 2038 —
1071 2020 1103 2046 et

150 2083 251 2129 (tunc)
267 2093 356 2114 sacra
366 2079 492 2112 fulserit
505 2079 690 2118 voluntas«;
706 2077 854 2110 nimirum
868 2078 895 2110 si
909 2078 964 2110 illa
978 2078 1101 2109 feceris.

224 2144 331 2190 sacra]
352 2144 549 2177 Confirmata
566 2148 599 2174 et
620 2147 742 2174 saerata
759 2142 857 2174 volut.
883 2141 1001 2174 Jovem
1019 2141 1102 2173 enim

150 2222 299 2257 praeesse
322 2206 486 2240 sanciendi
509 2205 693 2237 foederibus
721 2205 940 2249 cujuscunque
965 2205 1102 2247 generis,

153 2275 192 2307 ad
221 2285 322 2317 eaque
348 2267 501 2315 peculiari
530 2268 669 2312 quodam
692 2267 824 2299 fulmine
853 2268 916 2308 uti,
951 2274 1103 2300 constans

153 2338 295 2369 doctrina
322 2333 520 2378 scriptorum.
548 2331 675 2362 ΒΑΜ-ιι.
704 2331 839 2374 (advers.
874 2344 906 2376 p.
931 2330 1028 2375 957).
1054 2351 1102 2356 —

154 2400 224 2433 Nisi
236 2410 364 2432 sacrum
383 2395 548 2441 epitheton
570 2399 694 2426 tantum
719 2393 771 2434 sit,
797 2394 884 2438 quod
906 2394 1103 2439 principibus

156 2469 186 2496 et
220 2474 329 2495 eorum
366 2459 444 2492 actis
475 2458 612 2491 adscribi
644 2457 774 2490 solitum
806 2463 890 2497 erat,
931 2458 1023 2500 eujus
1057 2457 1104 2489 rei

157 2525 254 2558 multa
277 2523 311 2554 in
331 2522 475 2564 Corpore
493 2519 576 2561 juris
605 2524 753 2564 prostant
781 2518 937 2562 exempla.

229 2586 431 2620 consilimcm
453 2581 610 2627 conscius]
635 2583 727 2616 Haec
749 2594 790 2614 ex
813 2582 958 2615 Homero
985 2582 1103 2626 (hymn.

801 746 924 789 Addo
965 748 1083 804 quod
1116 763 1189 789 vos
1220 762 1306 788 non
1337 749 1535 790 convenit
1564 749 1794 806 disparari,
1841 761 1880 792 et
1909 751 2005 792 licet
2034 751 2101 792 hio

2069 897 2089 909 ,ι

1150 894 1182 925 in
1204 894 1301 926 Merc.
1322 894 1414 938 555)
1439 894 1489 926 vel
1507 894 1636 936 Virgilii
1662 894 1748 927 hisee
1775 894 1919 926 versibus
1945 893 2047 937 (Aen.
2068 909 2102 927 ο.

1151 957 1258 999 250»

1209 1032 1219 1043 n
1227 1017 1371 1060 Accipite
1383 1029 1472 1061 erqo,
1489 1018 1606 1048 aitimt's
1620 1024 1716 1064 alque
1731 1018 1808 1050 haec
1821 1030 1892 1049 mea
1902 1018 1991 1061 siyile
2007 1017 2104 1055 dictu]

1202 1081 1295 1123 Quae
1322 1081 1456 1112 Phoebo
1481 1086 1574 1125 pater
1605 1080 1825 1125 omnipotens,
1863 1082 1942 1113 mihi
1958 1082 2105 1114 Phoebus

1558 1144 1673 1187 Apollo
1683 1167 1694 1182 ,

1201 1203 1386 1236 Praedixit«
1409 1211 1468 1236 cet.

1227 1267 1377 1314 instanti]
1405 1269 1433 1299 E
1458 1268 1635 1300 Dresdensi
1662 1268 1771 1300 codice
1797 1279 1855 1312 pro
1881 1267 2038 1300 Grotiano
2060 1270 2106 1299 iu-

1151 1337 1276 1371 stante,
1308 1332 1395 1375 quod
1422 1332 1557 1365 varianti
1577 1332 1689 1364 literae
1714 1332 1743 1364 E
1767 1332 2018 1377 pronuntiationi
2045 1332 2105 1363 ori-

1152 1394 1257 1435 ginem
1278 1394 1397 1426 debuit.

1231 1456 1368 1502 aperire]
1402 1457 1452 1489 Ita
1480 1457 1652 1500 llugianus
1682 1458 1793 1490 codex.
1827 1457 1952 1501 Supple
1974 1469 1990 1488 e
2014 1469 2105 1500 supe—

1152 1517 1229 1548 riori
1258 1530 1353 1549 versu
1382 1524 1528 1549 mentem.
1573 1518 1623 1549 lta
1651 1519 1746 1550 etiam
1775 1518 1856 1549 insi-a
1886 1517 1927 1561 (ξ.
1945 1519 2007 1560 92)
2030 1518 2107 1548 Jou'

1153 1579 1332 1611 Mercurius
1358 1580 1532 1622 »interpres
1554 1591 1643 1610 meae
1664 1578 1799 1610 mentis«
1819 1578 1915 1610 audit.
1943 1578 2105 1621 Quoniam

1154 1645 1260 1670 autem
1282 1639 1422 1681 vulgaris
1445 1639 1540 1671 lectio
1564 1640 1662 1671 habet
1687 1640 1762 1670 »tibi
1782 1644 1927 1678 sectus«,
1949 1641 2028 1670 haee
2044 1652 2105 1670 vox

1152 1701 1246 1732 variis
1281 1700 1448 1733 doctorum
1483 1700 1623 1732 virorum
1657 1700 1872 1743 conjecturis,
1911 1712 1992 1743 quae
2020 1712 2105 1731 nune

1152 1770 1348 1810 sequmrtur,
1371 1776 1480 1806 ansam
1497 1764 1661 1809 praebuit:
1681 1763 1828 1804 ‚›Sectus,
1847 1763 1962 1796 duetus
1986 1769 2018 1795 et
2041 1764 2104 1794 elo-

1152 1829 1235 1873 quia.
1253 1829 1363 1861 Verba
1383 1828 1467 1860 enim
1482 1828 1575 1872 quasi
1591 1828 1747 1872 quaedam
1763 1827 1894 1859 semitae
1910 1833 1985 1859 sunt
2000 1827 2103 1858 animi.

1151 1893 1238 1925 Hinc
1269 1898 1302 1924 et
1329 1899 1432 1924 sectas
1457 1892 1590 1924 dicimus
1611 1892 1903 1937 pliilosophorum.«
1934 1891 2036 1924 Vere.
2057 1909 2103 1914 —

1161 1956 1291 1989 »Se-ecus
1322 1956 1355 1988 id
1385 1963 1435 1988 est
1463 1956 1620 2001 eloquiam
1653 1956 1755 1989 Gotz.
1781 1974 1830 1979 —-
1874 1954 2004 1987 »sectus
2032 1954 2103 1996 lege

1153 2030 1293 2050 seusus«
1340 2018 1466 2050 νοῇ-εκ.
1495 2018 1555 2062 (sp.
1584 2029 1625 2049 cr.
1653 2030 1683 2062 p.
1705 2017 1766 2061 80)
1783 2037 1830 2043 --
1856 2016 1985 2061 Quodsi
2008 2016 2103 2048 etiam

1150 2080 1316 2113 Vonckius
1339 2081 1390 2113 hic
1409 2080 1596 2112 hariolando
1621 2080 1728 2113 locum
1748 2091 1820 2111 esse
1843 2084 2012 2118 statuerat,
2036 2090 2100 2110 non

1153 2149 1258 2175 tamen
1282 2143 1377 2175 talem
1406 2143 1621 2185 conjecturam
1643 2143 1785 2187 proferre
1806 2141 1962 2181 debebat,
1995 2152 2058 2184 qua
2085 2151 2102 2171 e

1154 2217 1211 2237 sex
1233 2205 1334 2237 literis
1358 2205 1440 2237 duae
1465 2211 1575 2237 essent
1598 2203 1786 2244 mutandae,
1818 2203 1914 2235 immo
1933 2214 1980 2236 ne
2007 2214 2100 2233 unam

1154 2268 1282 2311 quidem
1300 2273 1422 2299 mutare
1444 2279 1526 2312 opus
1546 2266 1676 2307 suisset,
1699 2266 1727 2297 si
1743 2265 1904 2308 cognitum
1924 2264 2099 2302 habuisset,

1153 2329 1182 2360 Ρ
1201 2330 1333 2361 sormam
1353 2329 1524 2374 aliquando
1545 2340 1640 2372 quam
1662 2327 1852 2359 simillimam
1873 2327 1973 2358 fuisse
1989 2325 2098 2357 literae

1154 2394 1190 2427 S.
1209 2394 1366 2438 Exemplo
1384 2394 1448 2425 sint
1463 2394 1582 2435 figurae
1600 2393 1634 2424 in
1652 2392 1819 2434 Palaeogr.
1834 2391 1900 2423 crit.
1914 2389 1939 2421 I.
1952 2402 1982 2432 p.
1994 2389 2064 2419 106
2078 2388 2098 2418 f.

1153 2456 1205 2488 wel
1225 2455 1285 2487 alia
1304 2456 1336 2487 in
1358 2466 1442 2486 noro
1460 2467 1512 2499 op.
1530 2454 1604 2499 dipl.
1623 2454 1686 2486 tab.
1703 2455 1760 2486 29.
1791 2452 1900 2484 Facile
1917 2450 2013 2490 igitur
2030 2449 2099 2480 fleri

1154 2517 1297 2563 potuisse
1320 2522 1570 2549 consentancum
1593 2522 1660 2557 est,
1686 2521 1721 2546 ut
1745 2514 1783 2545 ab
1805 2510 1939 2543 incautis
1961 2509 2099 2541 librariis

1154 2585 1258 2613 sectus
1284 2590 1342 2625 pro
1361 2585 1472 2622 pectus
1495 2579 1663 2621 legeretur.
1711 2574 1780 2608 Sed
1804 2573 1866 2605 ista
1886 2583 1951 2604 non
1974 2572 2036 2604 nisi
2059 2584 2099 2604 eo

1668 2638 1691 2668 9
