2310 2860
745 130 945 173 Martiani
976 131 1176 187 Capellae
1204 131 1276 173 lib.
1306 132 1423 174 VIII.
1462 134 1493 185 §-
1519 133 1617 174 879.

2068 137 2158 180 685

195 234 407 278 discurrit.
456 236 596 292 Hujus
626 237 897 294 Venerisque
927 238 1107 280 circulos
1136 239 1346 294 epicyclos
1378 254 1467 280 esse
1497 240 1694 296 superius
1725 241 1988 292 memoravi,
2019 241 2062 282 id
2093 252 2154 284 est

195 331 279 357 non
319 317 428 359 intra
464 319 672 360 ambitum
720 320 944 375 proprium
983 320 1283 361 rotunditatem
1330 320 1490 361 telluris
1532 321 1772 373 includere,
1822 322 1895 363 sed
1931 322 1984 363 de
2022 322 2153 364 latere

197 397 519 451 quodammodo
546 400 831 453 cireuinduci3
863 401 937 454 qui
964 411 1011 442 ut
1033 402 1133 443 oriri
1158 402 1339 443 subinde
1361 402 1641 457 occidereque
1664 403 1909 454 videantur,
1943 403 2152 444 mundani

196 487 337 519 motus
372 480 563 534 raptibus
594 481 888 525 involvuntur.

945 482 1026 523 Sed
1053 482 1165 523 idem
1198 482 1381 533 Stilbon,
1415 483 1511 523 licet
1536 483 1676 523 Solem
1704 499 1754 524 ex
1779 484 1955 526 diversis
1980 485 2148 526 circulis
2177 479 2266 523 880

193 559 439 611 comitetur,
474 562 527 603 ab
553 578 601 603 eo
624 571 765 604 tamen
790 577 1016 618 nunquam
1050 563 1159 604 ultra
1189 563 1332 618 viginti
1360 573 1442 604 tres
1467 573 1605 619 partes
1639 566 1790 620 poterit
1818 566 2041 617 aberrare,
2072 580 2151 608 nec

196 640 366 683 duobus
391 644 516 698 signis
542 646 761 697 absistere;
792 660 908 686 nunc
939 645 1216 701 praeteriens,
1251 659 1365 685 nunc
1396 645 1635 697 consistens,
1667 656 1740 687 aut
1765 657 1877 688 certe
1898 647 2152 703 regrediens.

198 722 285 772 Qui
315 724 488 777 quidem
515 726 692 768 diversis
721 726 1008 767 schematibus
1034 727 1246 778 variatur,
1282 741 1380 767 nam
1411 727 1505 768 licet
1537 729 1689 783 exiguo
1715 730 1926 785 parvique
1952 730 2155 786 temporis

194 804 328 857 spatio
372 805 516 857 faciat,
569 816 712 847 tamen
751 816 791 848 et
830 816 946 848 ortus
985 807 1083 848 facit
1122 816 1162 846 et
1203 822 1389 848 occasus.

1459 809 1631 864 Quippe
1664 810 1737 850 ubi
1780 810 1906 851 radiis
1943 811 2153 852 solaribus

195 885 432 927 conditione
470 889 653 943 partium
697 890 899 931 liberatus
939 899 1035 930 aitte
1074 889 1325 944 emergentis
1362 889 1630 945 splendorem
1663 892 1824 946 jubaris
1857 893 2155 934 vibrabundus

196 980 392 1026 apparet,
447 970 558 1012 ultra
603 981 816 1012 terrarum
861 971 1124 1012 horizontem
1180 972 1451 1026 sublevatus;

268 1120 418 1161 superius
445 1117 631 1163 memoravi]
661 1117 818 1149 Gratiana
843 1129 953 1159 margo
980 1119 1150 1160 superiori-

193 1181 271 1221 bus‚·
306 1193 371 1225 quo
398 1182 490 1213 facile
515 1193 669 1214 caremus.
703 1181 754 1213 De
779 1182 926 1224 epicyclis
942 1182 1051 1212 confer
1072 1182 1150 1212 Pto-

193 1242 352 1275 lemaeum
381 1243 577 1287 (Almagest.
603 1246 643 1284 5,
675 1245 698 1276 5
727 1249 759 1275 et
791 1244 831 1284 9,
861 1245 882 1275 5
907 1242 1032 1287 sequ.)‚
1066 1243 1151 1274 unde

194 1307 334 1349 videbis,
361 1308 447 1351 quod
466 1313 577 1339 noster
593 1310 741 1351 superius
755 1319 790 1339 se
810 1307 849 1338 de
865 1308 914 1339 his
932 1307 1037 1349 egisse
1056 1307 1151 1347 dieat,

195 1371 301 1404 locum
329 1372 368 1403 de
393 1371 627 1403 eecentrieitate
652 1376 754 1403 terrae
777 1371 912 1412 intelligi
937 1371 979 1413 (v.
1001 1370 1029 1414 §.
1053 1370 1150 1412 855).

270 1432 449 1478 comitetur]
478 1434 617 1465 Codices
641 1432 922 1472 Darmstattensis,
950 1432 1150 1464 Reiehenau-

196 1496 295 1538 ensis,
319 1503 350 1528 et
358 1494 787 1527 Ettenheiuim[insteriensis
803 1482 921 1538 pariter
935 1500 1030 1538 atque
1042 1505 1150 1535 margo

196 1560 353 1599 Grotiana
375 1561 494 1592 liabent
522 1561 703 1600 contineat,-
729 1559 787 1590 sed
814 1564 957 1590 nostram
980 1558 1151 1590 lectionem

194 1624 292 1657 recte'
313 1630 420 1656 tuetur
448 1622 699 1667 Oudendorpius
725 1623 784 1666 (ad
807 1622 928 1666 Appul.
959 1622 990 1662 Ι,
1022 1635 1055 1665 p.
1077 1622 1150 1665 74).

194 1689 244 1722 De
271 1702 307 1721 re
331 1689 401 1733 ipsa
422 1689 532 1720 confer
554 1687 752 1731 superiorem
771 1687 879 1718 locum
904 1685 945 1730 (§.
966 1686 1037 1729 25).

269 1753 387 1796 viginti
398 1757 463 1782 tres
475 1748 597 1794 partes]
608 1749 747 1781 Restitui
758 1761 797 1780 ex
812 1748 919 1780 Plinio
929 1748 981 1792 (2,
997 1749 1018 1780 8
1036 1747 1150 1791 et14),

196 1815 283 1860 quod
309 1815 394 1847 facili
420 1826 527 1846 errore
557 1813 642 1858 apud
661 1813 811 1846 Grotium
841 1812 874 1844 in
905 1813 954 1845 52
979 1812 1109 1843 abierat.

268 1874 480 1921 praeteriens]
508 1875 634 1906 Plinius
658 1874 711 1917 (2,
739 1874 815 1918 12)=
838 1874 1027 1905 »Inferiores
1045 1879 1150 1904 autem

195 1941 276 1974 duae
293 1959 341 1964 —
358 1953 376 1972 a
399 1939 595 1981 longissimis
627 1938 795 1969 distantiae
824 1949 900 1969 suae
921 1937 1014 1969 metis
1037 1936 1150 1969 Solem

196 2005 419 2048 insequuntur,
442 2004 640 2046 adeptaeque
660 2013 777 2034 occasu
794 2001 950 2033 matutino
969 2002 1151 2034 conduntur

195 2073 228 2100 et
248 2071 476 2111 praetereunt,
503 2077 578 2096 mox
606 2064 718 2096 eodem
744 2063 913 2095 intervallo
939 2075 1074 2107 vespere
1095 2075 1148 2094 ex-

195 2132 341 2164 oriuntur
365 2148 413 2154 ·-—
440 2130 479 2161 ab
510 2128 560 2160 his
596 2128 872 2170 retrogradiuntur
901 2127 941 2159 ad
978 2127 1089 2160 Solem
1117 2132 1150 2159 et

197 2205 313 2226 occasu
336 2191 519 2236 vespertino
543 2190 762 2222 delitescunt.«

270 2252 465 2298 consistens]
492 2253 619 2284 Plinius
651 2253 705 2297 (2,
739 2251 813 2295 14):
843 2251 1012 2285 ”Mercurii
1037 2263 1148 2283 rursus

198 2318 292 2350 stella
314 2335 361 2340 —-
387 2323 560 2349 consecuto
579 2317 658 2349 Sole
682 2316 721 2348 ad
738 2316 919 2361 quindecim
944 2316 1080 2360 partium
1102 2317 1149 2348 in-

196 2379 364 2412 tei-vallum
390 2379 534 2410 consistit
552 2379 721 2422 quatriduo
737 2391 838 2423 prope
855 2378 1043 2420 immobilis,
1074 2390 1150 2409 mox

197 2444 237 2476 ab
260 2442 427 2475 altitudine
451 2442 617 2474 deseendit
638 2449 788 2488 retroque
809 2443 952 2485 graditur
971 2443 1011 2475 ab
1034 2454 1150 2476 occasu

198 2505 379 2550 vespertino
406 2515 508 2548 usque
535 2504 574 2535 ad
596 2510 742 2536 exortum
763 2506 980 2538 matutinum«

270 2564 468 2612 regrediens]
487 2565 642 2599 Grotiana
655 2578 763 2610 margo
776 2568 1004 2613 pen-91·edien5‚
1025 2567 1150 2612 inepte3

1510 988 1608 1013 nam
1656 974 1900 1029 acronycho
1945 984 2042 1015 ortu
2086 973 2156 1014 hic

1202 1117 1313 1148 confer
1330 1115 1472 1147 Plinium
1491 1117 1543 1159 (2,
1571 1116 1624 1160 8)=
1650 1118 1764 1149 »modo
1789 1124 1860 1150 ante
1883 1117 1972 1151 Solis
1996 1123 2155 1158 exortum,

1202 1180 1297 1211 modo
1322 1186 1396 1223 post
1422 1191 1570 1212 occasum
1591 1181 1801 1224 splendens«,
1829 1188 1861 1213 et
1884 1182 2075 1214 Ciceronem
2098 1181 2157 1225 (Ν.

1202 1242 1242 1273 D.
1268 1243 1307 1282 2,
1340 1242 1418 1285 20);
1449 1255 1548 1286 »quae
1585 1255 1667 1275 anno
1701 1244 1765 1275 fere
1799 1249 1940 1275 vertente
1972 1243 2158 1285 signiferum

1202 1304 1317 1335 lustrat
1355 1304 1463 1335 orbem
1477 1327 1487 1344 ,
1532 1316 1636 1348 neque
1675 1317 1694 1336 a
1729 1304 1809 1337 Sole
1852 1305 1980 1348 longius
2017 1317 2157 1348 unquam

1202 1367 1297 1398 unius
1338 1367 1419 1408 signi
1457 1368 1625 1400 intervallo
1659 1369 1810 1410 discedit,
1849 1376 1917 1401 tum
1954 1374 2156 1401 antevertens

1202 1435 1270 1460 tum
1297 1429 1529 1472 subsequens.«

1275 1491 1390 1536 spatio]
1411 1492 1611 1524 Vocabulum
1629 1505 1647 1524 a
1662 1492 1777 1525 Grotio
1801 1493 1953 1525 omissum
1976 1505 2016 1525 ex
2038 1492 2155 1526 codici·

1201 1554 1262 1585 bus
1276 1554 1525 1585 Darnistattensi
1542 1560 1574 1585 et
1590 1554 2003 1587 Ettenheimmiinsteriensi
2018 1554 2156 1596 inserui3

1202 1616 1259 1646 sed
1280 1616 1367 1658 quod
1390 1615 1470 1646 alter
1488 1628 1527 1647 ex
1550 1616 1599 1646 his
1618 1627 1692 1647 mox
1712 1618 1802 1648 affert
1822 1629 1932 1649 eorum
1957 1622 2030 1650 aute
2052 1623 2156 1657 ortus,

1200 1679 1314 1711 merito
1339 1678 1497 1723 sprevisse
1520 1679 1598 1710 mihi
1625 1679 1744 1711 videor.

1277 1741 1443 1787 liberatus]
1462 1743 1736 1775 Reiehenauensis
1751 1744 1854 1775 codex
1872 1756 1890 1775 a
1903 1744 2044 1777 secunda
2060 1756 2159 1775 manu

1202 1806 1355 1847 libratus,
1382 1807 1518 1837 fortasse
1547 1807 1587 1838 ob
1621 1807 1860 1839 similitudinem
1890 1807 2065 1852 superioris
2092 1807 2156 1839 loci

1201 1868 1334 1914 (§.25)‚
1361 1869 1419 1901 sed
1445 1869 1542 1912 longe
1567 1870 1692 1902 diversa
1713 1871 1880 1915 utriusque
1897 1871 1978 1903 ratio
1999 1877 2057 1903 est.
2083 1871 2156 1904 Illic

1201 1934 1285 1965 enim
1308 1945 1422 1965 sensus
1441 1939 1506 1974 est,
1528 1934 1723 1967 Mercurium
1746 1947 1784 1966 eo
1807 1935 1899 1979 quasi
1923 1935 2114 1967 libramento
2137 1946 2157 1968 a

1201 1998 1289 2031 Solis
1311 2012 1405 2031 eursu
1425 1999 1581 2042 pendere,
1606 2006 1640 2031 ut
1659 2013 1720 2033 nee
1744 2013 1870 2044 semper
1891 2014 1963 2033 eum
1981 2001 2074 2045 sequi
2095 2012 2155 2033 nec

1200 2068 1307 2094 tamen
1334 2063 1463 2104 longius
1488 2063 1648 2096 diutiusve
1680 2077 1819 2108 unquam
1844 2065 2007 2097 discedere
2025 2065 2065 2096 ab
2097 2064 2153 2097 ilIo

1199 2129 1293 2169 velit,
1324 2128 1376 2160 hie
1402 2133 1508 2160 autem
1537 2135 1668 2173 apparet
1695 2130 1855 2173 planetam
1882 2129 2068 2172 significari,
2098 2129 2153 2172 qui

1198 2190 1295 2223 radiis
1322 2190 1411 2223 Solis
1432 2203 1497 2223 non
1520 2191 1656 2235 amplius
1678 2197 1818 2233 tegatur,
1843 2192 1899 2223 sed
1912 2192 1980 2233 jam
1999 2191 2049 2223 sui
2068 2190 2152 2232 juris

1198 2254 1301 2285 sactus
1324 2253 1454 2297 proprio
1480 2253 1605 2295 fulgore
1622 2254 1871 2297 resplendescat.
1914 2253 2153 2296 Nonnunquam

1200 2316 1283 2348 enim
1301 2323 1490 2360 perpetuum
1516 2317 1614 2358 signis
1633 2322 1770 2360 quatuor
1789 2327 1861 2348 cum
1879 2315 1959 2348 Sole
1980 2328 2052 2349 esse
2066 2318 2151 2350 Mer-

1200 2378 1321 2411 curium
1344 2384 1456 2411 auctor
1477 2385 1526 2411 est
1543 2378 1692 2422 Hyginus
1715 2377 1814 2421 (poet.
1836 2383 1909 2408 astr.
1934 2378 1974 2419 4,
2003 2379 2072 2422 16).
2099 2379 2151 2412 Si·

1200 2442 1317 2475 militer
1334 2442 1373 2474 de
1391 2442 1520 2475 Venere
1541 2442 1708 2475 Vitruvius
1726 2441 1778 2485 (9,
1802 2441 1856 2484 4):
1878 2453 1993 2485 »quum
2011 2448 2061 2475 est
2076 2444 2151 2478 libe-

1199 2513 1273 2541 rata
1297 2507 1336 2539 ab
1358 2506 1565 2551 impeditione
1588 2506 1750 2537 radiorum
1768 2504 1887 2539 Solis.«

1276 2567 1472 2616 aci-onycha]
1498 2568 1583 2605 Male
1613 2567 1747 2600 Grotius
1766 2579 1788 2599 a
1804 2567 1980 2608 Chronico,
2016 2574 2049 2601 et
2064 2575 2150 2601 ante-

1657 2631 1704 2663 88
1727 2627 1751 2656 '²‘
