2310 2860
85 1911 109 1922 Χ)

83 1909 172 1952 οθθ

187 125 279 166 450
761 121 959 163 Martiam
996 120 1195 177 capenae
1231 98 1304 162 lib.
1333 121 1388 163 v.
1418 123 1450 173 ς.
1471 122 1574 163 497.

188 242 323 271 terrae
353 229 480 270 caede
512 237 638 282 atque
668 228 867 268 incendiis
903 237 1067 269 vastare
1096 228 1338 282 cupientem
1377 243 1452 269 nos
1483 228 1675 268 consules
1706 229 2025 283 perferemus?“
2065 230 2130 271 Ex

189 307 269 348 hoc
300 307 487 347 Terentii
527 307 619 347 loco
658 307 782 348 illud:
819 308 924 359 „Hic
968 321 1129 363 parvae
1172 307 1486 349 consuetudinis
1517 321 1646 349 causa
1674 306 1804 361 hujus
1834 319 2014 351 mortem
2045 320 2130 351 tam

190 387 268 428 fert
296 387 604 428 familiarite1·.“

753 531 790 571 A
828 530 1053 572 PARIUM
1092 530 1570 572 COMPARATIONE.

355 634 393 674 A
432 634 601 689 parium
641 636 955 690 comparatione
993 636 1160 678 Cicero:
1191 636 1272 687 „Et
1309 635 1342 676 si
1379 651 1464 676 non
1500 635 1641 675 minus
1673 633 1851 689 jucundi
1882 643 2008 689 atque
2039 633 2136 675 illu-

188 722 292 754 stres
327 724 425 754 sunt
464 715 490 754 ii
528 714 614 755 dies
655 717 812 770 quibus
850 732 1178 769 conservamur,
1231 731 1365 772 quam
1416 717 1475 757 illi
1507 717 1664 772 quibus
1711 717 1969 766 nasci1nur“,
2021 724 2060 756 et
2096 715 2139 755 in

189 792 402 834 Pisonem:
435 795 578 845 „Nihil
623 797 792 837 interest
830 807 974 838 utrum
1020 799 1109 854 ipse
1150 799 1297 839 consul
1329 798 1535 853 improbis
1566 798 1860 850 concionibus,
1898 797 2140 854 perniciosis

190 872 372 928 legibus,
414 876 727 931 rempublicam
759 886 905 928 vexet,
949 891 1002 919 an
1033 878 1134 919 alios
1166 893 1326 920 vexare
1358 879 1583 935 patiatur.“

360 994 435 1034 His
467 995 592 1049 igitur
622 995 807 1037 breviter
837 995 1152 1047 demonstratis,
1183 996 1256 1038 illa
1291 1010 1403 1052 quae
1433 1011 1518 1037 non
1555 996 1846 1052 excogitantur
1877 995 1930 1036 ab
1962 1003 2140 1045 oratore,

192 1073 267 1114 sed
300 1088 323 1115 a
355 1089 482 1117 causa
513 1086 585 1117 aut
616 1091 638 1117 a
669 1076 750 1117 reis
782 1087 1087 1132 suggeruntur,
1119 1078 1160 1117 in
1196 1078 1353 1129 tribus,
1383 1087 1431 1119 ut
1464 1076 1671 1128 diximus,
1701 1077 1829 1118 rebus
1860 1074 1992 1131 posita
2023 1081 2138 1113 sunt:

192 1153 234 1192 in
277 1155 506 1207 scriptura,
562 1164 610 1195 ut
646 1155 915 1210 tabularum3
963 1157 1005 1198 in
1051 1158 1317 1208 auctoritate,
1373 1166 1420 1199 ut
1460 1157 1652 1209 testium;
1707 1157 1750 1197 in
1792 1157 2053 1207 necessitate,
2097 1164 2143 1194 ut

195 1241 517 1275 tormentorum.

998 1394 1035 1435 A
1074 1392 1333 1434 SCRIPTO.

361 1495 399 1536 A
437 1496 589 1553 scripto
628 1505 930 1552 argumentum
969 1497 1150 1553 petitur,
1198 1510 1336 1551 quum
1376 1493 1429 1536 ad
1469 1493 1624 1536 dubiae
1656 1494 1718 1535 rei
1748 1493 2042 1550 probationem
2079 1493 2144 1534 vel

196 1573 533 1631 chirographum
568 1577 638 1618 vel
682 1586 982 1618 testamentum
1013 1577 1301 1619 transactionis
1338 1586 1410 1617 aut
1439 1576 1610 1616 tabulae
1639 1576 1888 1626 recitantur,
1923 1585 2148 1630 ceteraque

196 1654 466 1709 hujusmodi,
505 1671 617 1712 quae
648 1657 704 1697 ita
733 1666 832 1698 nota
864 1665 983 1708 sunt,
1021 1666 1069 1698 ut
1098 1657 1296 1713 exempla
1330 1657 1383 1697 de
1413 1657 1600 1697 oratione
1631 1672 1716 1698 non
1751 1666 1971 1712 quaerant.

645 1810 717 1852 AB
751 1810 1179 1854 AUCTORITATE
1213 1812 1291 1853 ET
1326 1811 1710 1854 TESTIMONIO.

366 1914 432 1954 Ab
465 1916 707 1956 auctoritate
738 1932 862 1967 vero,
892 1927 958 1958 ut:
990 1918 1242 1958 Africanum
1283 1917 1437 1958 dixisse
1467 1917 1561 1971 jure
1593 1931 1766 1958 caesum
1807 1915 1895 1958 esse
1924 1917 2150 1958 Tiberium

202 1993 470 2046 Gracchum3
503 2005 575 2036 aut
605 2011 742 2051 quum
774 1998 1084 2049 testimonium,
1115 2013 1201 2052 quo
1234 1999 1386 2039 veritas
1417 1998 1624 2050 nudetur,
1658 1998 1857 2049 affertur,
1888 2008 1935 2039 ut
1959 1998 2152 2039 Cnacum

276 2099 364 2145 etsi]
392 2102 498 2133 Locus
522 2109 571 2135 est
592 2117 608 2136 e
632 2105 825 2137 Catilium-iis
845 2107 899 2151 (5,
930 2106 980 2150 1),
1011 2107 1095 2138 unde
1118 2112 1150 2138 ct
1202 2106 1377 2138 Aristotele
1406 2107 1543 2151 (rhetor.
1567 2109 1604 2147 l,
1633 2107 1697 2150 15)
1724 2113 1756 2138 et
1779 2107 1937 2139 Cicerone
1960 2105 2072 2149 (topic.
2094 2105 2151 2147 4),

202 2162 298 2194 verba
329 2175 569 2196 ”conservamur
592 2180 684 2209 quam
710 2168 756 2199 illi
786 2169 938 2212 quihus«,
971 2180 1052 2212 qnae
1080 2179 1151 2211 pro·
1204 2167 1260 2212 qul
1283 2167 1409 2199 Gracco
1435 2169 1562 2200 n0¹niue
1587 2166 1738 2212 ἄτεχνα
1762 2171 1954 2210 nuncupant·

205 2229 275 2266 pter
299 2225 577 2258 homoeoteleuton
598 2229 797 2271 exciderant,
821 2231 967 2262 hortante
983 2230 1050 2272 jam
1070 2229 1152 2261 Gro.
1433 2268 1440 2274 ·
1488 2267 1495 2274 .
1806 2263 1814 2270 .
1977 2264 1984 2271 .
2061 2264 2067 2271 .

204 2285 249 2316 fio
298 2286 456 2318 Marti-mo
482 2288 606 2319 restitui
1282 2264 1523 2310 transactwms]
1550 2265 1659 2296 Fauor
1685 2276 1725 2295 an
1746 2264 1931 2295 exciderunt
1954 2265 2004 2295 luc
2028 2264 2155 2307 aliqua?

257 2308 266 2325 ,
397 2308 405 2317 ι
608 2313 615 2320 .

282 2350 429 2392 improbis
446 2350 660 2396 concionibus]
676 2353 822 2394 Trajecta
841 2354 1060 2386 tantummodo
1078 2354 1157 2386 haec
1207 2328 1304 2361 certe
1325 2340 1352 2359 ⁵¹
1379 2328 1502 2372 rehqua
1525 2339 1630 2359 omma
1653 2338 1729 2357 sana
1752 2332 1830 2365 smt’
1856 2332 1879 2358 b
1888 2333 2089 2358 ailbaccwnes
2109 2327 2153 2358 le·

207 2414 303 2445 verba
348 2420 487 2446 ceterum
509 2415 676 2447 Ciceronis
699 2415 743 2459 (in
762 2417 818 2447 Pis
844 2418 878 2460 5)
906 2423 980 2449 sunt
1209 2392 1347 2434 gendum
1376 2392 1475 2431 foret,
1509 2390 1602 2421 nimis
1631 2390 1743 2421 durum
1769 2390 1852 2422 enim
1879 2396 1964 2422 esset
1984 2390 2156 2432 genitivum

311 2437 319 2454 ,
821 2441 827 2447 .
981 2442 988 2449 .

284 2490 350 2510 non
375 2477 616 2523 excoyitantur]
649 2478 736 2509 Intra
762 2477 810 2522 (ξ.
831 2480 921 2523 561)
935 2480 1062 2523 {noster
1082 2481 1160 2512 haec
1210 2454 1327 2486 referre
1349 2453 1387 2484 ad
1410 2452 1543 2484 tabulas·

212 2545 392 2581 argumenta
425 2540 563 2584 appellat
590 2539 825 2582 inartificialia,
861 2541 993 2573 ducibus
1015 2541 1162 2573 nimirum
1284 2536 1490 2583 Africanum]
1517 2538 1545 2569 E
1572 2537 1730 2571 Cicerone
1751 2537 1804 2582 (de
1830 2538 1962 2578 orat.2,
1988 2537 2058 2579 25).
