2310 2860
116 477 195 515 861

119 1944 210 1987 865

234 219 322 260 679.
774 213 975 256 Martiani
1006 212 1206 269 Capellae
1236 212 1308 254 lib.
1334 211 1454 254 VII-I.
1486 214 1518 264 ᾗ.
1544 212 1641 254 861».

362 370 623 422 QUORUM
654 368 1060 411 PLANETARUM
1093 368 1278 409 ORBES
1313 368 1526 409 LUNAM
1561 368 2064 412 SUPERCRESCANT.

403 478 502 527 Quo
542 486 774 517 monstrato
825 476 925 517 alios
970 474 1207 517 videamus.
1281 473 1364 514 Sed.
1407 474 1502 528 quis
1551 473 1713 515 dubitet
1756 475 1937 515 solarem
1979 474 2188 516 circulum

235 558 460 601 duodecies
489 572 621 612 quam
653 558 804 598 Lunae
835 571 923 596 esse
953 555 1185 608 majorem,
1225 568 1362 608 quum
1396 554 1512 609 quod
1543 555 1614 596 illa
1649 570 1818 606 mense,
1864 555 1933 595 ille
1962 553 2187 595 duodecim

236 639 404 680 currat?
451 638 598 678 Martis
637 652 739 677 vero
783 635 967 676 circulus
1003 634 1130 676 vicies
1170 644 1322 689 quater
1356 637 1493 691 potior
1530 637 1766 688 invenitur,
1813 636 1929 677 Jovis
1968 635 2121 675 centies
2152 643 2190 674 et

234 718 485 773 quadragies
525 726 694 771 quater,
735 715 905 756 Saturni
948 714 1167 776 trecenties
1206 715 1342 756 tricies
1381 724 1420 755 ct
1458 716 1620 768 sexies3
1679 716 1794 757 unde
1823 717 1856 756 si
1887 729 2095 756 numerus
2125 714 2190 755 in·-

235 798 546 852 tcrjectionibus
590 805 867 852 supputetur,
912 805 950 836 et
988 805 1093 850 quot
1144 796 1277 837 stadia
1317 796 1486 836 Saturni
1527 796 1711 837 circulus
1754 797 1931 848 habeat,
1978 806 2017 836 et
2060 805 2189 849 quota

239 880 327 933 ejus
359 879 494 934 portio
526 878 662 918 omnis
692 886 803 917 terra
834 876 905 927 sit,
957 876 1171 917 invenitur
1201 877 1336 918 XXII
1367 875 1601 917 stadiorum
1634 877 1851 932 quingenti
1882 877 2191 932 quinquaginta

236 976 309 1001 sex
354 959 456 1000 stad.
501 968 539 999 ct
577 973 684 1014 pass.
729 958 872 999 XIIII.
942 959 1057 999 Nam
1097 958 1131 997 si
1172 958 1324 999 centies
1360 958 1512 998 Lunae
1556 957 1740 998 circulus
1779 957 1918 1012 major
1956 967 2016 998 est
2057 966 2190 1007 terra,

236 1042 385 1082 Lunae
418 1050 560 1081 autem
599 1040 757 1081 circulo
787 1040 1004 1080 trecenties
1035 1040 1173 1080 tricies
1212 1040 1345 1080 sexies
1378 1039 1515 1093 major
1554 1037 1746 1090 Saturni3
1792 1038 1927 1093 major
1965 1046 2024 1078 est
2066 1037 2190 1092 igitur

236 1121 405 1162 Saturni
438 1121 621 1162 circulus
653 1120 770 1161 omni
800 1129 912 1162 terra
944 1121 1125 1162 tricesies
1156 1130 1219 1163 ter
1250 1120 1403 1161 millies
1438 1129 1478 1161 et
1508 1135 1582 1161 sex
1613 1120 1778 1160 centies.

923 1276 1002 1317 DE
1042 1275 1244 1317 LUNAE
1279 1276 1503 1316 MEATU.

402 1384 530 1424 Nunc
569 1383 657 1436 jam
702 1382 853 1422 Lunae
895 1389 1110 1430 meatum,
1165 1394 1277 1433 quae
1318 1389 1456 1421 terrae
1495 1381 1777 1436 propinquior
1820 1390 1900 1432 est,
1938 1380 2190 1433 ]videamus;

236 1477 368 1518 quam
408 1462 584 1518 quidem
632 1471 902 1502 menstruum
948 1460 1110 1500 habere
1153 1461 1302 1501 lumen
1347 1461 1630 1516 physicorum
1670 1462 1895 1503 assertione
1936 1475 2190 1517 persuasum

237 1555 314 1596 est,
361 1559 500 1600 quum
530 1542 648 1598 quod
678 1543 729 1584 sit
758 1556 927 1597 semper
958 1540 1072 1596 pleni
1103 1543 1218 1583 orbis
1251 1558 1338 1583 esse
1369 1557 1453 1582 non
1486 1541 1668 1582 dubium
1702 1551 1774 1582 est.
1831 1543 1945 1584 Nam
1977 1542 2010 1582 si
2041 1541 2093 1582 ab
2120 1541 2190 1582 illa

235 1633 354 1679 parte
399 1637 486 1677 qua
536 1637 580 1662 se
629 1622 796 1675 subjicit
839 1621 946 1672 Soli,
1006 1622 1123 1661 omni
1167 1621 1483 1676 hemisphaerio
1528 1621 1818 1672 collustratur,
1885 1622 2011 1662 etiam
2052 1636 2190 1676 quum

234 1707 354 1747 nobis
399 1705 611 1746 tricesima
654 1704 825 1744 nullum
871 1703 1020 1743 lumen
1066 1701 1244 1742 ostendit
1287 1716 1490 1756 superne,
1540 1716 1628 1755 qua
1675 1701 1818 1741 Solem
1862 1709 2019 1755 spectat
2064 1700 2190 1755 pleno

234 1786 396 1826 lumine
440 1784 683 1836 relucescit3
733 1783 918 1838 denique
964 1797 1103 1838 quum
1147 1781 1364 1821 discedens
1418 1795 1442 1821 a
1487 1781 1581 1821 Sole
1625 1795 1649 1821 a
1690 1780 1820 1821 latere
1863 1795 1964 1821 eum
2008 1781 2193 1836 coeperit

235 1864 410 1913 intueri,
458 1878 536 1918 pro
572 1873 691 1918 parte
732 1864 856 1904 etiam
901 1864 1077 1904 inferius
1116 1862 1265 1902 lumen
1308 1860 1508 1916 acquirit,
1553 1860 1688 1901 donec
1723 1877 1746 1901 e
1775 1862 1945 1916 regione
1975 1863 2108 1917 posita
2139 1863 2191 1904 ab

240 1945 322 1987 hac
350 1953 469 2000 parte
501 1958 613 1998 quae
642 1944 763 1984 nobis
801 1954 861 1985 est
891 1945 1065 1986 visibilis
1101 1942 1382 1984 collustretur.
1442 1938 1602 1979 Circuit
1632 1939 1745 1980 enim
1778 1940 1867 1994 ejus
1897 1941 2073 1995 globum
2109 1956 2191 1984 un-

310 2068 597 2114 intetjectionibus]
627 2069 800 2101 Grotianae
821 2071 1022 2102 membranae
1042 2071 1190 2101 attentio-
1241 2071 1366 2100 constat
1385 2067 1469 2109 (vide
1492 2065 1521 2111 ξ.
1540 2067 1626 2110 858)
1650 2068 1728 2101 Mox
1751 2069 1785 2100 in
1811 2068 1924 2100 eodem
1946 2069 2055 2102 codice
2075 2069 2191 2112 legitur

239 2132 353 2171 nibus,-
380 2131 456 2162 editi
471 2133 711 2162 intentionibus.
732 2131 882 2162 Nostram
899 2132 1070 2163 lectionem
1089 2130 1192 2161 codex
1242 2132 1351 2163 terties
1375 2136 1424 2161 ter
1447 2131 1583 2162 milesies
1606 2137 1636 2163 et
1658 2143 1718 2163 sex
1738 2134 1877 2171 centies,
1905 2144 2011 2163 errore
2037 2138 2157 2176 aperto.

238 2194 666 2226 Ettenheimmimsterit-usis
684 2195 838 2237 praebuit.
859 2196 1102 2239 Interjeetz’ones
1118 2197 1193 2225 sunt
1315 2205 1379 2239 qua
1397 2205 1431 2224 se
1450 2192 1590 2238 subjicit]
1619 2194 1675 2226 Sic
1693 2195 1819 2226 codices
1835 2194 2010 2225 Grotianus
2030 2200 2063 2225 et
2078 2195 2190 2228 Barm-

240 2251 572 2301 συμπληρώματα,
593 2256 721 2298 utapud
735 2256 898 2287 'simaeum
914 2257 1043 2300 (pech
1056 2254 1191 2299 Steph.).
1243 2254 1407 2285 statteusis
1428 2260 1459 2286 et
1479 2261 1628 2297 excerpta
1644 2254 1803 2286 Bondami
1825 2254 1870 2297 (in
1892 2266 1956 2286 var.
1974 2255 2046 2287 lect.
2064 2268 2095 2300 p.
2111 2257 2190 2301 62),

312 2319 421 2349 XXII
435 2316 623 2361 stadim-mn]
651 2316 779 2348 Omissa
802 2318 926 2349 suntin
951 2318 1059 2350 codiee
1078 2318 1190 2348 Etten-
1243 2317 1320 2347 editi
1346 2329 1428 2363 quae
1450 2330 1484 2349 se
1508 2319 1635 2361 subjicit
1655 2317 1707 2349 vel
1730 2316 1869 2348 deterius
1892 2318 1987 2350 etiam
2013 2331 2096 2366 quae
2117 2322 2189 2353 sub-

239 2379 551 2411 heimmn'insteriensi
574 2378 669 2410 verba
695 2379 806 2409 »XXII
830 2379 1003 2410 stadiorum
1027 2378 1192 2422 quingenti
1235 2379 1309 2422 jicit
1332 2378 1416 2420 apud
1440 2378 1597 2417 Grotium.

241 2444 469 2488 quinquaginta
499 2455 555 2474 sex
584 2443 663 2473 stad.
690 2448 722 2473 et
743 2454 827 2485 pass.
844 2443 977 2482 xml«,
1009 2454 1113 2485 neque
1143 2442 1191 2473 in·
1315 2437 1449 2483 spectat]
1476 2439 1587 2479 Margo
1605 2437 1760 2470 Grotiana
1778 2445 1959 2482 exspectat,
1982 2451 2120 2486 moxque
2143 2443 2188 2474 lu·

236 2508 340 2549 juria,
373 2519 470 2550 quum
495 2505 731 2549 corruptissima
755 2517 826 2537 esse
851 2511 1017 2549 appareat3
1045 2506 1103 2536 sed
1125 2516 1193 2536 rec·
1244 2501 1338 2532 ⁶88⁶&
1358 2511 1417 2543 Pl'O
1442 2500 1627 2538 relucescit,
1657 2500 1738 2531 male
1762 2489 1941 2543 utrumque*-

244 2575 306 2599 tam
331 2568 501 2599 lectionem
524 2567 658 2599 inveniri
683 2579 720 2598 eo
746 2566 903 2598 difficilius
933 2572 996 2606 est,
1025 2566 1098 2610 quia
1123 2566 1193 2610 ipse
1319 2575 1400 2609 quae
1418 2564 1506 2594 nobis
1526 2561 1585 2607 cst]
1614 2563 1752 2595 Codices
1774 2562 1967 2604 Grotianus,
1991 2564 2188 2598 Ettenlieim-

244 2630 419 2661 Martianus
451 2629 512 2661 sibi
542 2629 575 2660 in
609 2634 711 2660 terrae
737 2628 868 2661 circuitu
893 2628 1106 2674 computando
1128 2638 1194 2661 non
1243 2626 1504 2666 miinsteriensis,
1529 2630 1561 2656 et
1580 2626 1844 2658 Darmstattensis
1874 2638 1956 2672 qua,
1983 2639 2048 2660 non
2071 2629 2164 2662 male.
