2310 2860
686 187 884 232 Martiani
921 188 1120 245 Capellae
1157 188 1229 230 lib.
1253 187 1328 232 IV.
1366 191 1398 241 §.
1418 189 1518 231 578.
1982 195 2070 237 557

120 294 312 350 ungulati
335 295 510 351 ungula,
536 296 638 352 quia
659 305 699 336 et
717 296 971 352 ungulatum
1000 296 1159 352 aliquid
1182 296 1341 352 ungula
1363 297 1633 351 ungulatum,
1657 309 1704 340 ut
1725 309 1922 342 mutuam
1946 303 2074 358 possit

120 376 279 418 habere
306 378 641 429 conversionem,
673 377 791 433 quod
813 378 998 418 relativis
1025 392 1112 418 esse
1135 376 1323 417 diximus
1350 378 1585 433 proprium.
1618 380 1661 420 Si
1687 396 1784 436 ergo
1807 394 1977 425 maneat
2004 384 2075 426 illa

118 458 397 501 relativorum
422 459 632 510 definitio,
663 468 710 500 ut
739 459 966 501 relativum
997 461 1047 500 sit
1070 459 1281 515 quidquid
1303 461 1481 515 alicujus
1511 463 1592 504 dici
1616 473 1769 519 potest,
1808 465 1975 506 difficile
2008 482 2077 507 rc-

118 538 302 580 sistimus
332 540 414 581 dici
440 550 578 596 partes
604 539 892 581 secundarum
921 538 1254 582 substantiarum
1282 542 1479 595 relative3
1511 543 1544 584 si
1574 559 1675 584 vero
1705 544 1776 585 illa
1800 545 1983 586 definitio
2016 556 2076 587 cst

118 630 295 672 mutata,
323 622 377 663 ita
403 632 450 663 ut
471 622 648 664 relativa
674 621 754 663 sint
784 635 853 671 ea,
885 634 996 674 quae
1027 622 1079 662 ad
1107 622 1269 678 aliquid
1294 623 1562 674 referuntur,
1593 634 1767 680 excepto
1800 641 1848 666 eo
1880 626 1997 681 quod
2030 627 2074 666 in

119 702 266 757 aliquo
297 714 414 755 sunt,
444 704 562 745 nulla
586 703 730 744 incidit
752 704 795 744 in
820 703 931 743 hanc
956 700 1244 744 definitionem
1269 704 1519 744 substantia:
1541 705 1910 759 quemadmodum
1939 707 2073 748 servi-

117 792 208 834 tus,
240 795 414 840 excepto
442 801 490 826 eo
516 784 633 840 quod
659 785 703 825 in
728 784 878 825 eodem
910 800 1035 826 servo
1068 795 1146 836 est,
1181 785 1224 827 id
1250 796 1309 827 est
1338 787 1380 827 in
1414 786 1556 842 aliquo
1579 787 1773 839 homine,
1804 789 1988 830 refertur
2022 788 2075 830 ad

116 863 365 918 dominum3
397 875 438 906 at
468 881 569 907 vero
600 881 739 921 penna
769 866 825 907 ita
856 866 1027 922 pennati
1052 866 1230 921 alicujus
1262 883 1401 923 penna
1433 877 1514 918 est,
1558 878 1606 908 ut
1637 878 1813 924 excepto
1849 884 1919 920 eo,
1958 869 2075 924 quod
2134 876 2144 891 '

115 945 158 985 in
199 945 344 1000 aliquo
384 956 565 1001 pennato
609 955 688 997 est,
734 946 787 987 ad
825 946 930 987 nihil
972 947 1124 989 referri
1165 948 1303 1004 possit.
1366 949 1475 989 Sane
1515 948 1773 989 admonendi
1806 964 1979 1001 sumus,
2022 965 2076 991 ne
2104 953 2193 995 579

115 1041 189 1067 nos
228 1027 388 1082 pudeat
430 1028 561 1068 verba
599 1042 712 1068 nova
750 1027 891 1068 facere
930 1043 1009 1082 pro
1054 1030 1295 1070 necessitate
1338 1030 1634 1071 conversionis.
1705 1031 1820 1071 Nam
1858 1032 1891 1071 si
1923 1041 2076 1073 mutua

116 1109 335 1148 conversio
366 1124 452 1148 non
484 1107 760 1163 respondeat,
798 1122 885 1148 non
922 1108 1099 1150 relative
1140 1110 1442 1161 cnunciamus3
1499 1109 1580 1150 hoc
1619 1110 1768 1151 modo:
1801 1125 1940 1165 quum
1980 1112 2074 1153 dico

112 1201 322 1242 pennam,
365 1187 514 1227 volens
553 1201 647 1227 eam
688 1186 908 1228 ostendere
945 1188 1191 1238 relativam,
1234 1203 1319 1229 non
1354 1204 1425 1229 me
1456 1189 1612 1244 pudeat
1642 1200 1875 1245 pennatum
1910 1192 2074 1248 aliquid

113 1279 286 1324 propter
324 1269 646 1310 conversionem
676 1267 839 1321 dicere3
871 1278 931 1309 est
961 1270 1073 1311 enim
1113 1279 1348 1326 pennatum
1386 1271 1440 1311 ita
1479 1272 1704 1323 usitatum,
1752 1282 1798 1313 ut
1829 1288 1953 1315 aures
1985 1291 2073 1316 non

113 1348 311 1390 offendat.
378 1350 420 1390 Si
458 1349 510 1390 de
549 1349 656 1404 pede
703 1359 873 1404 agatur,
925 1364 1011 1390 non
1051 1351 1210 1405 pudeat
1254 1351 1379 1391 simili
1419 1351 1681 1393 derivatione
1720 1353 1879 1409 fingere
1919 1366 2072 1398 notum

114 1430 382 1472 conversioni
426 1430 624 1472 verbum.
690 1429 796 1471 Item
836 1430 943 1470 scire
993 1439 1155 1485 oportet
1204 1443 1328 1479 euni,
1397 1431 1471 1484 qui
1516 1431 1745 1473 relativum
1794 1434 1970 1488 aliquod
2019 1435 2073 1476 ad

114 1510 219 1566 quid
258 1510 470 1551 reseratur
521 1510 707 1564 ignorat,
763 1525 841 1550 nec
871 1509 1045 1550 omnino
1077 1517 1223 1548 utrum
1257 1507 1311 1549 ad
1347 1508 1508 1563 aliquid
1539 1510 1688 1552 referri
1719 1513 1846 1567 possit
1880 1512 1922 1553 id
1953 1514 2073 1568 quod

111 1590 210 1631 dicit
238 1591 345 1632 scire
370 1605 514 1645 posse,
552 1589 633 1630 hoc
663 1588 814 1630 modo:
847 1603 987 1643 quum
1026 1587 1130 1628 dicis
1168 1587 1250 1628 hoc
1276 1587 1458 1643 duplum
1485 1604 1594 1641 esse,
1626 1600 1698 1631 aut
1725 1592 1832 1632 nosti
1862 1593 2071 1649 simplum

111 1674 223 1727 ejus,
262 1672 306 1713 id
343 1681 423 1723 est,
467 1670 521 1712 ad
557 1670 674 1725 quod
711 1669 894 1726 duplum
934 1668 1007 1722 sit3
1039 1676 1112 1709 aut
1149 1667 1184 1707 si
1216 1666 1324 1708 illud
1361 1667 1550 1722 ignoras,
1593 1685 1672 1711 nec
1710 1672 1884 1713 omnino
1915 1683 2064 1716 utrum

111 1753 297 1810 duplum
331 1753 383 1795 sit
411 1753 517 1794 scire
550 1761 680 1808 potes.

744 1893 893 1944 QUID
924 1893 1155 1936 FACERE
1186 1895 1265 1937 ET
1295 1896 1442 1939 PATI.

280 1988 440 2032 Facere
482 1997 523 2029 et
560 1987 646 2043 pati
687 1996 862 2043 possunt
900 1985 1062 2029 habere
1095 1990 1379 2042 contrarium,
1417 2000 1466 2032 ut
1499 1991 1752 2045 calefacere,
1788 1994 2063 2051 refrigerare,
2095 1996 2184 2040 580

183 2124 213 2155 si
232 2120 320 2167 erqo]
347 2121 386 2154 In
406 2122 457 2153 his
478 2121 655 2155 Martianus
677 2120 748 2165 ipso
774 2119 952 2153 Aristotele
972 2111 1063 2154 aecu·
1187 2123 1285 2154 verba
1305 2121 1401 2168 nova]
1429 2123 1504 2157 Hoc
1520 2136 1648 2169 quoque
1663 2137 1703 2158 ex
1720 2125 1896 2160 Aristotele
1915 2129 1967 2172 (5,
1991 2129 2066 2172 10)2

109 2185 207 2217 ratior
224 2192 291 2226 est,
316 2186 400 2229 apud
426 2197 520 2228 quem
546 2186 624 2217 haee
649 2190 772 2216 tantum
792 2185 928 2226 legimus
949 2186 1062 2228 (eateg.
1114 2183 1237 2219 ἐνίοτε
1268 2183 1309 2219 δὲ
1336 2182 1400 2219 καὶ
1419 2181 1716 2229 ὂῑόματοποιεῖν
1730 2187 1821 2228 ἴσως
1839 2185 2063 2234 ἀναγκαῖον,

111 2250 152 2289 ὅ,
182 2249 258 2291 22)=
282 2248 314 2283 εἰ
336 2247 406 2292 μὲν
429 2241 502 2283 οὖν
525 2249 667 2288 ἱκανῶς
694 2245 716 2282 ὁ
739 2246 822 2282 τῶν
845 2245 945 2295 πρὸς
970 2261 1008 2283 τι
1027 2247 1062 2283 ὁ·
1113 2243 1183 2281 ἐὰν
1202 2243 1253 2291 μὴ
1274 2245 1449 2289 κείμενον
1468 2240 1493 2291 ᾗ
1515 2245 1654 2291 ὄνομα,
1683 2247 1782 2296 πρὸς
1803 2247 1824 2284 ὅ
1842 2250 1991 2289 οἰκείως
2014 2247 2064 2283 ἄν

110 2307 243 2355 ριόμὸς
267 2306 513 2352 ἀποδέδοται,
539 2306 566 2355 ἢ
582 2309 664 2344 τῶν
690 2306 795 2344 πάνυ
817 2310 1012 2354 χαλεπῶν
1035 2307 1062 2356 ἢ
1113 2306 1330 2354 ἀποδοθείη
1355 2322 1388 2343 κ.
1409 2320 1443 2344 τ.
1467 2310 1501 2344 λ.
1537 2311 1659 2344 Confer
1684 2318 1717 2345 et
1738 2313 1933 2357 superiorem
1953 2319 2062 2345 notam

110 2369 192 2403 τῶν
217 2366 423 2404 ἀδυνάτων
455 2367 535 2404 ἐστὶ
562 2367 608 2405 τὸ
636 2369 779 2414 δεῖξαι,
808 2368 868 2405 ὅτι,
901 2368 1061 2415 οὐδεμία
1112 2372 1164 2416 (ad
1183 2370 1212 2415 §.
1230 2370 1328 2414 559).
1960 2412 1963 2416 .

111 2427 224 2465 οὐσία
242 2429 324 2464 τῶν
347 2427 446 2476 πρός
465 2441 503 2464 τι
520 2429 692 2475 λέγεται·
720 2432 752 2467 εἰ
767 2431 808 2467 δὲ
827 2431 878 2479 μὴ
904 2433 1059 2477 ἱκανῶς,
1186 2446 1254 2466 esse
1273 2431 1341 2478 aut]
1368 2434 1459 2467 Haec
1486 2447 1526 2467 ex
1545 2435 1733 2469 Monacensi
1750 2437 1812 2481 (F)
1836 2436 1975 2468 desumsi
1998 2447 2059 2480 pro

110 2490 194 2528 ἀλλ’
209 2491 289 2528 ἐότὶ
307 2489 356 2529 τὰ
378 2488 476 2539 πρὸς
496 2504 534 2527 τι
550 2489 610 2533 οἷς
625 2492 670 2529 τὸ
693 2491 792 2530 εἶναι,
815 2493 961 2532 ταύτόν
982 2498 1062 2532 ἐστι,
1112 2496 1247 2540 simplici
1271 2501 1320 2527 est
1346 2495 1379 2527 111
1407 2496 1518 2539 editis5
1551 2498 1732 2542 pariterque
1758 2498 1854 2541 paulo
1881 2509 1976 2542 supra
1999 2492 2078 2530 alil

110 2554 165 2602 τῷ
192 2551 291 2600 πρός
323 2565 361 2589 τι
387 2551 475 2595 πῶς
502 2555 626 2599 ἔχειν,
653 2555 744 2597 ἰόως
774 2554 825 2595 ἄν
853 2557 994 2606 ῥηθείη
1023 2569 1060 2594 τι
1110 2559 1196 2606 quod
1219 2569 1278 2602 pro
1301 2559 1433 2605 aliquid.

111 2617 208 2665 πρὸς
229 2617 364 2653 ταῦτα.
1180 2621 1288 2666 facere
1308 2628 1339 2656 et
1361 2621 1443 2669 pati]
1471 2623 1592 2657 Confer
1617 2621 1824 2658 Aristotelem
1847 2622 1918 2665 (cat.
1940 2621 1984 2666 7).
