2310 2860
120 404 201 446 ³04

121 565 198 606 505

237 216 326 259 144

807 211 1008 254 Martiani
1042 209 1242 266 Capellae
1271 209 1343 251 lib.
1367 209 1421 251 ΙΙ.
1452 212 1484 262 ᾗ.
1512 210 1611 253 105.

235 323 431 379 regulam
471 320 727 363 distribuens
765 320 1052 374 minuensque
1090 331 1167 373 per
1214 315 1418 358 monades
1457 315 1686 359 decadibus
1722 317 1995 375 subrogatam,
2034 319 2078 359 in
2109 327 2195 359 ter-

238 408 345 447 tium
385 417 624 445 numerum
661 403 798 460 perita
836 401 1061 444 restrinxit.

235 485 396 541 viginti!
425 494 612 540 quatuor
657 498 861 526 numeros
903 482 1187 538 explicatum,

1135 400 1276 441 Suum
1308 412 1485 455 quoque
1516 398 1778 440 vocabulum
1809 415 1886 456 per
1917 400 2196 456 septingentos

1247 481 1292 522 in
1338 479 1664 535 quaternarium
1705 480 1848 532 duxit,
1899 481 1976 536 qui
2015 490 2198 536 uterque

235 580 445 608 numerus
479 567 725 622 congruenti
757 565 967 607 ambobus
1001 563 1164 605 ratione
1203 561 1405 617 signatur.
1454 561 1567 602 Nam
1594 569 1633 601 et
1661 560 1753 612 ille,
1793 562 1911 617 quod
1943 563 2049 604 ratio
2080 561 2200 618 prin—

234 650 417 705 cipium,
459 648 675 700 medium,
721 647 942 703 finemque
972 645 1205 701 dispensat,

1245 642 1435 698 profecto
1474 641 1687 697 perfectus
1727 650 1807 695 est3
1850 643 2010 699 quippe
2041 643 2201 684 lineam

234 729 332 771 facit
361 729 498 781 solus,
544 739 583 770 et
619 729 855 771 solidorum
896 728 1052 768 frontes
1083 721 1376 766 incunctanter
1408 723 1599 765 absolvit.
1659 723 1774 765 Nam
1807 722 2067 779 longitudine
2097 737 2200 780 pro-

231 839 324 870 mine.
371 838 439 870 Sed
469 840 551 871 lianc
576 838 678 879 viam,
708 850 802 882 quam
831 836 965 869 Grotius
992 834 1083 875 iniit,
1111 834 1194 867 Mar.-

231 901 336 932 tianus
360 913 426 932 non
454 901 666 941 indicaverat,
698 906 733 930 ut
757 898 864 930 statim
886 897 1060 942 apparebit.

309 967 519 996 novenariam
533 963 691 1009 requlam]
706 964 815 1005 Hujus
831 962 972 1003 regulae,
990 960 1076 1004 quod
1089 959 1196 999 seiam,

234 1034 361 1072 praeter
382 1035 528 1060 nostrum
550 1040 642 1060 nemo
661 1028 723 1059 nisi
748 1028 853 1059 Varro
877 1026 929 1070 (de
953 1026 990 1056 L.
1012 1025 1050 1056 L.
1073 1026 1113 1064 8,
1141 1024 1196 1055 15.

233 1102 262 1133 p.
283 1091 350 1121 151
374 1090 422 1121 ed.
443 1090 547 1131 Lugd.
571 1089 680 1132 1565)
699 1089 893 1120 mentionem
914 1087 998 1119 facit.
1023 1085 1195 1117 Recentio-

234 1165 286 1184 res
306 1166 375 1185 eam
399 1154 580 1197 appellant⁷
605 1153 694 1185 Galli
716 1153 764 1184 »la
783 1163 902 1196 preuve
920 1151 959 1182 de
977 1150 1089 1189 neuf«,
1116 1148 1196 1180 Ger-

234 1216 317 1246 mani
354 1216 421 1246 »die
455 1215 747 1246 Nomia-Probe«
788 1212 857 1245 Sed
882 1214 996 1244 horum
1024 1209 1198 1253 simplicior

234 1279 282 1310 via
306 1284 372 1312 est.
400 1291 463 1322 qua
492 1279 532 1309 ad
558 1277 712 1317 eundem,
749 1288 844 1320 quem
868 1275 1065 1313 Martianus,
1102 1273 1199 1304 finem

234 1340 434 1384 perveniunt.
474 1339 634 1383 Exemplo
664 1339 705 1369 sit
737 1337 941 1378 Philologiae
970 1335 1108 1367 nominis
1140 1346 1197 1365 nu-

234 1413 340 1433 merus
367 1402 456 1441 724,
487 1401 520 1432 in
538 1413 602 1444 quo
629 1399 775 1444 probatio
798 1400 860 1430 lioe
884 1397 979 1429 modo
1003 1395 1198 1427 instituitur:

234 1459 707 1506 7012et4=1531253

234 1527 326 1559 fracti
358 1526 455 1568 igitur
479 1526 576 1557 index
601 1526 622 1556 4
650 1529 709 1556 est.
753 1523 858 1556 Multo
880 1521 1090 1554 morosiorem
1116 1519 1199 1551 viam

733 1465 838 1491 autem
865 1477 907 1492 Ξ
934 1456 1016 1504 11⁴5·
1065 1456 1199 1488 Numeri

235 1597 359 1622 veteres
393 1590 531 1632 ingressi
571 1594 653 1620 sunt.
711 1587 888 1620 Martianus
934 1585 1018 1617 enim
1047 1595 1198 1616 numeros

231 1653 324 1692 jubet
356 1664 433 1696 »per
457 1651 662 1683 novenariam
684 1649 828 1690 regulam
847 1647 1054 1686 distribuere,
1076 1645 1198 1677 minue-

236 1727 333 1758 reque
362 1726 420 1757 per
446 1713 600 1745 monades
627 1710 800 1743 decadibus
823 1709 1042 1751 subrogandas
1067 1708 1197 1752 (substi-

237 1778 386 1811 tuendas)
407 1783 439 1808 et
463 1777 509 1808 sie
531 1776 564 1807 in
591 1775 761 1807 monadem
783 1774 884 1818 perite
904 1773 1127 1814 restringere.«
1159 1771 1198 1804 Id

237 1842 322 1885 quod
351 1841 426 1872 alia.
456 1852 550 1884 quam
573 1841 633 1871 liae
661 1838 799 1877 ratione,
835 1836 903 1868 fieri
927 1836 980 1867 vix
1004 1841 1128 1879 potest:

624 1900 697 1931 724
716 1917 758 1933 =
781 1899 854 1930 700
878 1903 909 1928 et
933 1898 982 1929 20
1004 1903 1037 1928 et
1061 1897 1093 1929 4.

635 1962 835 1995 Resolvcndi
863 1962 935 1994 700
957 1961 991 1992 in
1020 1962 1042 1992 7

889 2024 938 2055 20
959 2042 1006 2047 —
1022 2023 1046 2053 2

910 2085 935 2116 4
957 2104 1004 2108 —
1019 2084 1044 2115 4

885 2147 985 2178 fiunt
1012 2148 1057 2179 15

632 2208 832 2242 Resolvendi
858 2208 991 2248 iterum,
1020 2208 1095 2252 quia

551 2275 595 2306 13
624 2292 664 2309 =
695 2274 741 2306 10
766 2274 859 2313 etr),
889 2273 992 2305 10in
1023 2273 1040 2304 1

913 2335 936 2367 5
956 2354 1002 2358 -—-
1020 2334 1044 2365 5

942 2382 1076 2427 rifi*

1245 839 1277 864 et
1301 831 1485 865 Macrobius
1512 843 1553 863 ex
1583 843 1646 863 una
1670 831 1848 875 eodemque
1878 832 1968 864 fonte
1990 832 2136 864 hausisse
2157 831 2201 863 vi-

1247 895 1379 926 dentur:
1406 894 1458 926 liie
1488 893 1573 925 enim
1601 894 1723 937 (somn.
1756 893 1844 938 Scip.
1876 895 1916 934 1,
1945 892 2001 936 G),
2031 898 2202 937 postquam

1247 958 1286 989 de
1307 957 1479 1002 septenarii
1502 957 1627 989 numeri
1643 957 1786 1001 partibus
1810 963 1842 989 et
1866 956 2062 1001 praestantia
2084 961 2203 998 egerat,

1247 1020 1351 1051 addit:
1375 1020 1478 1051 nunde
1501 1019 1686 1061 Vergilius,
1719 1019 1839 1051 nullius
1867 1018 2052 1063 disciplinae
2077 1029 2204 1062 expers,

1247 1082 1343 1126 plene
1370 1087 1403 1112 et
1428 1093 1486 1126 per
1513 1081 1618 1113 omnia
1649 1082 1761 1113 beatos
1794 1081 1971 1126 exprimere
2006 1080 2119 1112 volens
2142 1079 2204 1111 ait:

1248 1143 1299 1175 O!
1327 1149 1440 1186 terque
1468 1149 1644 1187 quaterque
1669 1142 1784 1174 beati.«

1324 1206 1410 1253 qnod
1431 1205 1536 1250 ratio]
1571 1206 1681 1249 Quum
1713 1211 1824 1237 nostro
1848 1207 1933 1236 ratio
1958 1216 2053 1248 saepe
2080 1216 2203 1247 eompu-

1249 1271 1328 1301 talio
1359 1269 1400 1300 sit
1431 1268 1580 1313 (§.105
1617 1269 1712 1312 noh),
1757 1268 1839 1300 illud
1873 1269 1977 1315 »quod
2007 1269 2109 1299 ratio«
2145 1278 2204 1311 pro

1256 1332 1353 1378 »quia
1389 1332 1473 1362 ratio
1512 1330 1601 1373 (sive
1638 1329 1851 1373 eovriputatio)
1889 1329 2107 1372 accipiendum
2146 1334 2205 1360 est.

1249 1394 1369 1426 Nostra
1395 1399 1480 1426 eei-te
1504 1393 1617 1425 melior
1640 1393 1736 1425 lectio
1765 1398 1815 1424 est
1841 1404 1936 1437 quam
1966 1404 2078 1439 »quem
2098 1393 2200 1425 ratio«

1249 1458 1282 1489 in
1310 1457 1489 1489 Dresdensi
1520 1456 1640 1489 codiee.

1325 1516 1489 1564 profecto]
1527 1518 1578 1550 lta
1609 1517 1809 1550 Basileensis
1838 1523 1871 1549 et
1894 1517 2067 1559 Bongarsii
2094 1516 2207 1549 codex.

1248 1581 1339 1614 Editi
1355 1582 1517 1614 habehant
1533 1593 1594 1624 pro
1615 1587 1711 1614 certo.
1735 1580 1882 1612 Ternarii
1898 1580 2023 1612 numeri
2042 1581 2125 1613 lianc
2139 1580 2207 1612 lau-

1249 1643 1322 1675 dem
1343 1642 1471 1687 repetiit
1491 1642 1574 1674 infra
1598 1641 1639 1686 (§.
1662 1641 1766 1686 755);
1798 1642 1880 1673 adde
1902 1641 2079 1674 Aristidem
2103 1641 2207 1685 Quin-

1248 1706 1412 1739 ctilianum
1435 1705 1488 1750 (de
1512 1705 1634 1738 musica
1657 1707 1698 1746 5,
1726 1718 1758 1750 p.
1781 1705 1854 1738 120
1874 1704 1991 1749 Meib.)
2014 1711 2048 1737 et
2071 1704 2207 1737 Jamhli-

1248 1769 1343 1801 chum
1367 1767 1420 1811 (de
1443 1767 1509 1799 vita
1532 1767 1668 1811 Pffthag.
1692 1767 1758 1808 28,
1787 1779 1819 1811 p.
1839 1767 1910 1799 128
1931 1767 2053 1810 Rust).
2087 1767 2208 1811 Pytha-

1249 1829 1392 1873 goricum
1406 1829 1521 1871 dogma
1540 1841 1612 1861 esse
1630 1829 1699 1871 jam
1712 1827 1908 1861 Aristoteles
1929 1829 2026 1861 tradit
2046 1829 2100 1873 (de
2115 1828 2208 1862 coelo

1251 1894 1283 1926 1.
1308 1893 1357 1935 1):
1384 1889 1565 1939 καθάπερ
1601 1889 1676 1939 »γάρ
1707 1895 1805 1940 φασι
1844 1890 1910 1926 καὶ
1945 1892 1984 1927 012
2020 1888 2209 1937 Πυθαγό-

1248 1968 1358 2003 ρειοι,
1384 1953 1429 1990 τὸ
1455 1955 1536 1990 πᾶν
1556 1954 1622 1991 καὶ
1643 1953 1693 1990 τὰ
1711 1953 1842 1990 πάντα
1867 1960 1953 1995 τοῖς
1973 1953 2100 2002 τρισὶν
2125 1952 2208 2002 ὥρι-

1249 2022 1352 2054 σται·
1379 2014 1542 2063 τελευτὴ
1575 2014 1650 2064 γὰρ
1676 2014 1742 2052 καὶ
1768 2015 1888 2061 μέσον
1918 2015 1984 2052 καὶ
2007 2014 2113 2064 ἀρχὴ
2138 2014 2209 2051 τὸν

1248 2078 1417 2129 ἀριθμὸν
1451 2082 1538 2126 ἔχει
1573 2080 1646 2116 τοῦ
1674 2077 1836 2121 παντός.
1876 2081 1978 2113 Plura
2004 2081 2044 2113 de
2069 2079 2208 2112 ternario

1247 2156 1380 2177 numero
1406 2143 1468 2174 alio
1494 2144 1566 2175 loco
1592 2143 1742 2185 congessi
1768 2143 1814 2187 (in
1837 2143 2007 2183 Palaeogr.
2029 2141 2098 2174 crit.
2124 2141 2208 2184 HL).

1321 2203 1542 2249 longitudine]
1578 2204 1734 2237 Grotiana
1764 2205 1843 2236 haee
1878 2203 1974 2234 leetio
2001 2208 2064 2235 est.
2095 2202 2209 2236 Mona-

1247 2278 1360 2298 eenses
1391 2276 1466 2298 vero
1497 2266 1556 2309 (B.
1576 2265 1619 2300 D.
1643 2264 1702 2307 E.)
1726 2270 1758 2295 et
1786 2262 2076 2306 Guelferbytanus,
2113 2276 2210 2308 quem

1247 2327 1380 2362 Cor-tius
1411 2327 1537 2366 laudat,
1577 2331 1704 2370 praeter
1737 2324 1973 2366 longitudinem
2009 2325 2208 2369 profundita-

1246 2397 1373 2433 temque
1402 2390 1496 2421 etiam
1520 2390 1721 2421 latitudinem
1738 2388 1875 2429 addunt3
1901 2388 1984 2420 male
2004 2400 2056 2421 me
2080 2388 2209 2433 quidem

239 2460 411 2503 Copiosius
430 2461 507 2492 haec
526 2459 559 2491 in
582 2459 827 2504 palaeographia
850 2460 957 2492 critica
974 2459 1047 2503 (111.
1065 2457 1094 2503 ἓ.
1107 2458 1195 2501 228)
1243 2455 1361 2497 judice.
1394 2454 1468 2485 Non
1496 2453 1580 2485 enim
1602 2453 1642 2484 de
1668 2452 1779 2484 solidis
1799 2463 1978 2484 sermonem
2001 2463 2073 2484 esse
2091 2464 2109 2483 e
2129 2461 2208 2484 voce

240 2524 381 2566 exposui.

316 2594 450 2633 nter-‘luce
478 2584 645 2632 wunnerus]
681 2586 854 2618 Ter-narius
896 2586 1044 2618 nimirum
1065 2591 1097 2617 et
1124 2596 1201 2629 qua-

1256 2519 1411 2549 »frontesu
1429 2522 1531 2560 patet‚
1555 2528 1616 2560 qua
1634 2515 1852 2557 significantur
1868 2516 2039 2557 figurarum
2061 2514 2095 2546 in
2109 2514 2208 2559 plano

1254 2581 1387 2613 extremi
1412 2580 1500 2611 fines.
1528 2578 1724 2623 Sapertieies
1743 2585 1848 2610 autem
1872 2590 1970 2622 quum
1993 2577 2208 2622 profunditate

243 2649 407 2679 uerum-ius,
443 2648 575 2691 Omnia,
603 2660 684 2692 quae
710 2648 855 2692 proxime
879 2653 1068 2694 sequuntur,
1094 2651 1205 2679 noster
1255 2649 1376 2685 careat.
1402 2642 1601 2688 profunditas
1627 2643 1755 2688 quidem
1774 2655 1791 2675 a
1812 2647 1923 2676 nostro
1946 2641 2119 2674 omittenda
2139 2646 2208 2674 erat
