2310 2860
115 720 204 762 595

233 46 325 90 496
822 39 1019 81 Martiani
1052 38 1251 94 Capellae
1280 38 1353 79 lib.
1377 37 1452 78 VI.
1484 40 1515 89 ς.
1541 37 1639 79 592.

238 152 458 195 confestim
485 149 537 191 ad
566 149 738 190 obtutus
766 156 928 188 nostros
957 144 1123 186 directis
1152 143 1270 184 lineis
1300 143 1563 199 diriguntur,
1594 143 1711 197 quod
1741 145 1873 199 magis
1903 142 2191 184 indubitabilis

238 231 505 291 probamenti
552 229 641 280 fiet,
700 229 734 269 si
781 228 823 269 in
862 228 998 268 littore
1040 227 1308 267 consistentes
1353 225 1570 267 obstacula
1617 225 1826 266 montium
1874 226 2192 280 relinquamus3

239 315 355 372 quod
391 315 425 354 si
465 313 519 353 ita
554 321 678 363 esset,
727 311 886 350 cunetis
925 322 1056 363 supra
1090 317 1221 348 terras
1252 306 1501 362 degentibus
1533 304 1683 346 eodem
1715 313 1907 359 tempore
1937 304 2194 360 emergentia

237 400 505 448 viderentur,
556 409 817 450 occasusque
855 409 941 434 uno
979 392 1096 432 obitu
1141 388 1306 429 condita
1347 397 1518 428 cunctas
1559 386 1749 427 valerent
1786 385 2008 427 tenebrare
2038 395 2192 436 terraS,

237 479 419 522 aefalsa
453 478 654 519 Romulei
689 476 793 518 vatis
826 474 1130 531 exploderetur
1156 471 1349 522 assertio,
1395 485 1481 525 qua
1512 469 1651 510 docet:

581 559 760 613 Nosque
790 557 865 597 ubi
897 556 1061 611 primus
1094 555 1213 608 equis
1249 553 1401 594 Oriens
1437 551 1595 593 afflavit
1630 550 1810 601 anhelis,

584 637 674 678 Illic
705 651 797 676 scra
828 634 986 675 rubens
1019 633 1207 673 accendit
1234 633 1399 673 lumina
1429 633 1607 688 Vesper.

237 721 355 771 Quin
379 721 505 761 etiam
533 727 708 759 cunetae
737 725 878 757 noctes
906 730 953 756 ae
979 714 1066 755 dies
1099 713 1307 754 similibus
1338 713 1564 753 interstitiis
1596 713 1799 768 horisque
1824 727 1993 768 semper
2023 712 2198 768 paribus

236 803 534 852 convenirent,
578 800 773 854 nullique
813 798 922 854 parti
962 796 1123 837 telluris
1155 794 1222 835 vel
1256 803 1512 850 apparerent
1542 803 1655 835 certa
1687 794 1755 835 vel
1793 794 1874 835 alia
1903 793 2040 835 sidera
2071 808 2200 848 nega—

234 893 398 926 rentur.
458 882 513 923 At
543 895 683 936 quum
715 879 870 920 Arctoa
901 877 1121 918 conversio
1151 891 1282 932 supra
1315 877 1518 918 verticem
1555 877 1755 917 volvatur
1788 876 2042 932 Hesperiae,
2083 875 2198 932 apud

236 962 520 1018 Troglodytas
551 962 885 1016 Aegyptumque
917 958 1126 1000 confinem
1160 960 1299 1014 ignoto
1332 959 1587 1013 occultoque
1619 959 1790 1014 penitus
1821 958 1958 999 sidere
1993 958 2200 1009 nescitur3

237 1057 374 1100 quum
422 1042 648 1097 Canopum
689 1056 737 1082 ac
776 1042 995 1082 Berenices
1035 1041 1193 1081 crinem
1236 1041 1374 1082 stellas
1431 1040 1665 1081 admodum
1712 1041 1990 1095 praenitentes
2030 1039 2200 1094 Scythia

238 1125 496 1180 Galliaeque
532 1134 660 1179 atque
695 1125 785 1178 ipsa
816 1138 991 1178 prorsus
1023 1137 1106 1163 non
1140 1132 1283 1162 cernat
1315 1121 1455 1171 Italia,
1513 1134 1651 1174 quum
1685 1120 1781 1159 illae
1812 1119 2046 1159 antarcticis
2077 1119 2198 1159 terris

239 1207 491 1263 conspicuae
528 1221 577 1247 ae
616 1206 894 1261 praenitentes
935 1214 975 1245 et
1004 1205 1121 1247 velut
1156 1200 1528 1259 perpendiculatae
1566 1199 1773 1254 capitibus
1804 1208 2118 1254 suspectentur3
2157 1199 2199 1240 in

312 1347 543 1393 indubitabilis]
572 1348 705 1381 Grotius
730 1347 863 1388 margini
886 1347 1056 1389 adscripsit
1071 1347 1198 1389 judica-

239 1413 326 1452 bilis,
351 1413 437 1456 quod
459 1418 564 1443 tamen
592 1412 630 1442 ad
652 1412 852 1454 probamenli
874 1422 938 1441 non
964 1408 1124 1441 convenit.

309 1474 521 1519 probamenti]
551 1475 665 1507 Codex
690 1473 894 1506 Monacensis
911 1473 969 1516 (Ἀ)
982 1473 1198 1516 probamentis

238 1536 330 1568 male.
362 1536 605 1568 »Indubitabilis
630 1537 830 1579 probamenti
852 1536 904 1566 lit«
932 1534 1050 1566 dictum
1084 1539 1134 1565 est
1163 1538 1199 1564 ut

245 1599 486 1630 »commodioris
518 1598 727 1629 valetudinis«
752 1597 895 1639 (Quinet.
914 1598 953 1635 6,
978 1597 1019 1635 5,
1060 1596 1120 1636 77)
1145 1595 1198 1626 vel

245 1663 427 1704 »annibiguae
449 1661 696 1693 aestimationis«
717 1661 802 1703 (vat.
819 1660 903 1691 Max.
923 1660 962 1699 9,
999 1660 1061 1697 10,
1088 1658 1134 1700 2).

315 1727 463 1757 Romulei
486 1723 582 1768 vatis]
611 1724 738 1765 Virgilii
766 1724 812 1767 (in
840 1735 946 1764 georg.
969 1724 1005 1761 1,
1028 1720 1124 1764 250).

317 1801 416 1836 quum
443 1787 584 1832 Arctoa]
615 1787 768 1818 Arctoam
801 1786 1042 1819 couversionem
1075 1789 1198 1828 septem

243 1851 364 1883 triones
390 1851 456 1882 sive
483 1862 587 1881 ursam
609 1849 759 1890 majorem
784 1846 953 1894 (ἄρκτον)
977 1848 1111 1890 ejusque
1134 1857 1198 1876 me-

244 1918 316 1944 atus
348 1913 525 1954 significare
554 1917 693 1955 apparet.
733 1911 854 1941 Eadem
888 1909 1013 1941 Plinius
1045 1909 1105 1951 (2,
1135 1908 1199 1947 70,

244 1974 307 2017 ¹71)
328 1974 415 2006 hisee
441 1974 545 2005 verbis
563 1973 749 2004 tradiderat:
773 1971 847 2003 »Sic
872 1971 955 2002 euim
984 1971 1096 2015 (quum
1118 1976 1200 2000 terra

246 2038 341 2079 globo
367 2038 478 2069 similis
498 2038 555 2080 sit)
588 2036 671 2068 haud
692 2036 786 2067 dubie
814 2037 863 2075 tit,
888 2041 922 2066 ut
947 2035 1040 2066 nobis
1062 2040 1200 2077 septem-

245 2102 389 2134 trionalis
423 2101 534 2145 plagae
565 2101 669 2132 sidera
696 2111 856 2143 :uinquam
891 2099 1052 2138 occidant,
1090 2102 1201 2129 contra

247 2163 437 2195 meridianae
469 2174 630 2206 nunquam
658 2161 814 2193 oriantur:
836 2172 1011 2204 rursusque
1038 2161 1115 2191 haee
1137 2158 1201 2189 illis

248 2239 314 2260 non
347 2232 532 2266 cernantur,
565 2226 730 2256 attollente
766 2237 800 2256 se
830 2231 940 2257 eontra
965 2223 1087 2255 medios
1114 2222 1202 2253 *isus

249 2295 405 2320 terrarum
432 2289 536 2330 globo.
575 2286 830 2330 Scptemtrioncs
854 2299 917 2317 non
943 2286 1043 2317 cernit
1067 2284 1203 2326 Troglo-

250 2351 355 2394 dytiee
386 2355 417 2381 et
443 2349 576 2382 confinis
602 2348 789 2391 Aegyptus.-
814 2360 871 2379 nee
901 2347 1069 2391 Canopum
1095 2346 1203 2386 ltalia,

251 2419 283 2445 et
310 2425 404 2456 quem
437 2417 552 2444 vocant
584 2411 757 2442 Berenices
788 2411 932 2442 crineum
981 2407 1205 2442 Distinetionis

253 2475 349 2516 igitur
372 2475 497 2517 signum
521 2473 554 2505 iu
576 2477 686 2505 nostro
710 2472 791 2504 libro
813 2471 895 2504 inter
918 2483 1013 2507 voces
1029 2472 1207 2515 Hesperiae

1249 1349 1282 1375 et
1300 1338 1388 1386 τίμιαί
1407 1342 1589 1386 ponendum
1612 1348 1688 1374 erat.
1715 1341 1809 1385 Quae
1829 1342 1955 1374 Plinius
1973 1347 2005 1375 et
2026 1342 2203 1376 Martianus

1249 1405 1300 1437 hic
1325 1404 1469 1443 tradunt,
1504 1404 1617 1447 partim
1641 1410 1713 1436 ante
1735 1404 1946 1438 Aristotelem
1971 1405 2024 1450 (de
2046 1405 2138 1438 coelo
2161 1405 2204 1445 2,

1252 1468 1314 1507 14,
1347 1466 1432 1510 110)
1452 1467 1519 1508 jam
1543 1467 1711 1498 observata
1736 1473 1836 1499 erant.

1324 1541 1588 1589 Aegyptumque]
1622 1542 1756 1573 Reti-axi
1786 1542 1957 1574 lectionem
1986 1554 2004 1573 a
2034 1541 2150 1574 GrotIO
2172 1541 2205 1572 in

1249 1605 1422 1645 marginem
1453 1604 1645 1645 conjectam,
1681 1604 1931 1635 Dat-instattensi
1962 1603 2057 1634 etiam
2095 1602 2204 1635 codiee

1250 1666 1482 1709 adstipulante,
1511 1665 1644 1697 Grotius
1668 1666 1937 1712 Aegyptiumque.

1324 1739 1509 1785 Canopum]
1537 1740 1611 1772 Hoc
1638 1741 1727 1771 sidus
1757 1740 1823 1772 suis
1851 1740 2048 1784 temporibus
2069 1740 2206 1784 primum

1250 1804 1453 1837 observatum
1479 1816 1549 1836 esse
1573 1804 1691 1836 Strabo
1716 1805 1764 1848 (l,
1788 1817 1819 1848 p.
1837 1806 1859 1835 5
1883 1803 2037 1847 casaub.)
2061 1810 2206 1836 testatur.

1325 1879 1498 1910 Berenices
1518 1875 1651 1921 crinem]
1680 1877 1801 1909 Confer
1816 1877 1946 1909 Gallum
1970 1877 2082 1921 (epigr.
2100 1878 2135 1919 2,
2155 1878 2206 1920 ss)=

1304 1943 1355 1973 »E
1380 1941 1558 1973 Bereniceo
1582 1942 1749 1972 detonsum
1766 1943 1884 1972 verIIce
1910 1941 2029 1972 crinem

1300 2005 1422 2036 Retulit
1444 2006 1589 2036 esuriens
1616 2004 1761 2035 Graecus
1784 2005 1818 2034 in
1843 2009 1932 2034 astra
1953 2003 2083 2035 Conon«

1252 2074 1284 2100 et
1298 2068 1460 2100 Catullum
1471 2068 1665 2112 (carni.Gss);
1689 2074 1916 2112 praetereaque
1931 2066 2094 2109 Hyginum
2109 2064 2206 2108 (poct.

1252 2135 1424 2162 astronom.
1442 2130 1481 2167 2,
1505 2130 1567 2172 24)
1584 2136 1616 2161 et
1633 2130 1724 2172 plura
1746 2129 1829 2172 apud
1850 2127 2035 2168 Bentlejum
2058 2126 2112 2172 (ad
2133 2127 2206 2160 Cal-

1253 2191 1381 2224 limachi
1402 2191 1512 2232 fragm.
1535 2191 1572 2222 T.
1596 2191 1627 2231 1,
1652 2203 1683 2234 p.
1702 2191 1786 2221 581.
1811 2188 1884 2220 582
1907 2188 2009 2232 Era).

1326 2278 1458 2321 Scythia
1477 2275 1683 2324 Galliaeque]
1712 2276 1768 2308 Sie
1794 2276 1907 2320 scripsi
1928 2288 1945 2307 e
1968 2276 2078 2308 codice
2096 2277 2207 2307 Darin-

1256 2342 1418 2382 stattensi3
1445 2342 1541 2383 vulgo
1565 2340 1732 2383 Scythiae,
1762 2340 1794 2371 in
1819 2341 2007 2372 Monacensi
2029 2341 2085 2384 (C)
2103 2345 2208 2371 autem

1257 2407 1387 2448 Scythia
1409 2406 1588 2452 Galliaque.
1616 2403 1683 2437 Sed
1703 2403 1828 2437 Galliae
1856 2404 1980 2449 plures,
2007 2409 2128 2446 togata,
2156 2414 2207 2435 co-

1258 2476 1341 2502 mata
1348 2493 1357 2511 7
1390 2469 1545 2502 braccata.
