2310 2860
729 139 929 182 Martiani
960 137 1160 195 Capellae
1189 136 1262 179 lib.
1295 133 1376 179 IX.
1407 138 1439 189 ᾗ.
1463 136 1561 178 997.
2041 134 2128 175 769

568 251 741 300 Satura,
784 247 977 302 Pelasgos
1008 245 1114 286 (lum
1143 242 1297 285 docere
1326 243 1474 283 nititur

566 330 688 371 Artes
720 328 900 382 creagris
930 327 1005 367 vix
1042 325 1197 366 amicas
1228 323 1401 373 Atticis,

567 409 634 450 Sic
668 409 710 449 in
740 422 907 449 novena
937 406 1091 448 decidit
1121 404 1355 447 volumina.

568 489 686 531 Haec
715 490 875 544 quippe
909 489 1069 543 loquax
1102 485 1224 526 docta
1254 483 1429 525 indoctis
1461 495 1660 538 aggerans

565 568 721 610 Fandis
752 568 928 609 tacenda
958 568 1156 618 farcinat,
1205 562 1439 605 immiscuit

569 647 714 689 Musas
746 648 954 702 deasque,
985 645 1224 702 disciplinas
1256 644 1436 699 cyclicas

169 757 251 790 quae
269 745 441 790 Heinsius,
471 749 575 782 omnia
603 751 761 792 corrigere
788 756 916 783 tentans
946 751 999 795 (ad
1026 749 1122 783 Ovi-1.

170 812 208 843 T.
231 811 264 852 1,
293 824 325 855 p.
343 813 391 845 90
419 813 544 857 Burm.)
576 814 615 846 ad
641 816 724 847 hunc
752 815 858 847 locum
892 815 1039 855 adnotat,
1077 814 1122 845 10-

169 873 308 915 gcndum
326 874 425 906 videri
446 876 596 908 lucernae
614 878 795 922 adflamine.
841 876 994 909 Flaminis
1022 877 1123 918 figura

170 948 188 968 0
217 948 252 969 10
284 938 388 969 navali
415 939 516 983 petita
541 946 606 981 est,
632 941 665 972 in
693 953 755 984 qua
787 941 892 973 omnia
923 953 940 972 a
966 949 1123 985 prospero

170 1004 203 1031 et
228 1000 368 1031 seeundo
396 1007 564 1033 ventorum
591 1002 717 1034 flamine
737 1003 888 1046 pendent,

243 1062 378 1108 Satura]
393 1065 487 1097 Hane
496 1066 672 1098 Martianus
688 1063 786 1100 κατὰ
802 1062 1124 1112 προςωποποιῖᾱν

167 1125 352 1168 loquentem
378 1126 513 1161 induxit.
535 1129 697 1161 61101-
728 1129 879 1160 Nondum
908 1130 969 1160 hoe
995 1128 1123 1171 quidem

166 1186 259 1229 10005
286 1188 343 1220 5οᾱ
362 1189 457 1232 paulo
480 1189 620 1220 inferius.

243 1248 402 1293 ci·ea92·is]
430 1249 544 1289 Artes,
579 1262 660 1293 quae
691 1262 784 1291 aegre
809 1249 985 1291 ingeniosis
1005 1247 1124 1280 Atticis

168 1311 400 1354 intelliguntur.
413 1312 558 1344 Vtram.
570 1331 617 1336 —
636 1312 777 1354 Conjicit
796 1312 958 1344 Mcnrsius
976 1312 1124 1350 «lineriis,-

168 1374 211 1406 ita
233 1374 318 1405 cuim
338 1372 440 1405 Attici
466 1373 619 1418 appellati
642 1374 707 1415 jam
731 1379 803 1406 ante
829 1373 948 1404 Thesei
971 1378 1124 1416 tempora,

168 1435 206 1468 Si
231 1435 355 1477 glossas
378 1447 565 1479 sequamur,
596 1437 731 1480 criayris
748 1435 919 1476 legendum
945 1434 986 1465 sit
1006 1445 1042 1465 ca
1061 1434 1124 1465 sor-

169 1511 235 1540 ma,
260 1511 324 1542 qua
345 1511 482 1543 onagros
501 1498 644 1531 dicimus.
677 1498 781 1540 Magis
808 1504 914 1528 tamen
937 1497 1125 1529 crediderim

167 1561 300 1594 innuere
323 1562 489 1606 Capellam
519 1568 603 1594 artes
628 1563 686 1593 has
714 1573 772 1593 suo
802 1568 944 1605 tempore
972 1572 1037 1591 non
1060 1566 1123 1592 tam

168 1624 338 1656 familiares
368 1625 485 1664 fuisse,
527 1636 622 1667 quam
657 1624 857 1663 culinariam,
900 1634 994 1666 quam
1021 1622 1125 1653 innuit

168 1697 226 1731 per
255 1698 372 1718 nomen
402 1686 621 1726 instrumenti,
662 1685 748 1729 quod
781 1684 914 1717 Graecis
943 1679 1121 1729 κρεάγρα,

168 1748 293 1780 Latinis
320 1748 359 1779 al)
383 1747 559 1779 eximendis
579 1748 727 1780 carnibus
749 1747 928 1790 exemplum
951 1745 1122 1776 dicebatur.

171 1809 280 1842 Gloss.
302 1809 432 1841 Isidori:
463 1809 661 1851 »Creagrae‚
689 1809 848 1848 fuscinae,
877 1807 916 1838 ad
946 1817 1058 1838 carnes
1084 1805 1123 1836 de

170 1870 317 1904 caldariis
350 1870 587 1913 proferendas«
638 1870 761 1902 Similis
793 1874 843 1900 est
871 1868 926 1899 illa
957 1866 1124 1899 Ciceronis

172 1933 346 1966 sententia:
369 1945 522 1976 »quorum
537 1933 698 1965 auditores
721 1932 843 1964 discum
865 1931 973 1963 audire
991 1930 1124 1971 malunt,

171 2008 266 2041 quam
293 1995 548 2039 philosophum.u
589 1993 677 2027 Sane
703 1994 743 2026 (10
774 1994 894 2025 artibus
922 1992 1016 2023 ctiam
1040 1991 1125 2035 apud

170 2059 389 2091 Athenienses
415 2058 661 2090 evilescentibus
687 2057 842 2102 conqueri
870 2056 995 2090 videtur
1013 2054 1125 2088 Arith-

172 2121 301 2162 metica,
324 2132 405 2164 quae
430 2132 526 2163 supra
548 2119 606 2151 ait:

229 2185 363 2217 „Cetera
384 2183 554 2226 Cecropias
574 2194 713 2229 aequum
735 2181 901 2226 perhibere
919 2181 1098 2222 cathedras,

222 2248 260 2280 Si
277 2254 384 2279 tamen
407 2248 493 2278 nllus
516 2248 598 2278 inest
620 2248 739 2278 uostris
764 2258 861 2289 super
880 2246 1000 2277 halitus
1022 2247 1118 2277 aris.‹1

173 2313 264 2344 Haec
282 2323 379 2355 quum
402 2310 446 2341 ita
468 2310 507 2341 (10
531 2311 699 2354 desperato
722 2310 957 2353 quodammodo
979 2309 1052 2342 loco
1072 2320 1124 2341 eo-

173 2375 315 2417 gitarem,
339 2372 494 2405 succurrit
508 2370 561 2412 ὠς
579 2369 657 2407 ἀπὸ
682 2369 868 2419 μηχάαής
884 2373 1009 2404 Julium
1026 2373 1125 2412 sidus,

174 2449 214 2470 ex
236 2449 299 2481 quo
325 2436 421 2467 didici
448 2435 614 2478 Capellam
646 2435 934 2482 μεταφορικῶς,
970 2441 1006 2467 111
1033 2435 1127 2477 solet,

173 2501 243 2545 ipsa
263 2500 389 2541 ingenia
413 2509 452 2530 eo
475 2498 562 2541 quod
584 2498 732 2531 scientias
758 2499 997 2542 apprehendant
1022 2494 1126 2545 κρεά-

173 2575 273 2612 γρας
301 2561 561 2596 100055061101.
576 2579 623 2586 -
658 2562 877 2606 Reprehcndit
901 2562 1057 2595 Heinsius
1079 2561 1126 2607 (in

1173 748 1284 780 Burm.
1310 746 1381 790 syll.
1413 745 1504 789 epist.
1535 742 1600 784 111,
1632 755 1664 787 p.
1680 742 1751 775 481
1783 746 1815 774 et
1841 740 1880 773 ad
1905 739 2001 774 ovid.
2029 740 2068 772 T.
2097 738 2125 780 I,

1173 824 1203 856 p.
1218 812 1267 843 90
1291 808 1421 852 Burm.)
1448 808 1642 848 Meursium,
1669 805 1859 850 reponitque
1887 806 2042 844 theatris,
2067 813 2125 847 pro

1174 874 1304 906 arbitrio
1328 873 1466 913 scilieet,
1490 883 1680 916 quamquam
1703 870 1840 901 libenter
1858 868 1999 901 concedo
2022 878 2127 910 repre-

1174 938 1271 971 hendi
1302 937 1425 968 facilius
1459 936 1592 967 alioruin
1622 933 1849 966 hariolationcs
1881 943 1993 975 posse,
2034 942 2128 974 quam

1173 1003 1278 1046 ipsum
1305 1000 1426 1043 aliquid
1460 999 1623 1044 probabile
1654 1000 1773 1030 afferre.
1815 996 1998 1029 Videndum
2023 1000 2128 1025 tamen

1175 1076 1215 1095 an
1237 1063 1429 1094 subtilitates
1444 1062 1644 1105 potissimum
1664 1059 1846 1091 dialecticas
1868 1057 2035 1099 significet,
2061 1055 2128 1099 qui-

1174 1125 1235 1156 hus
1261 1125 1354 1156 unice
1381 1123 1483 1154 Attici
1508 1123 1684 1164 gauderent
1707 1121 1765 1160 ita,
1794 1125 1829 1151 ut
1854 1119 1994 1162 reliquas
2019 1127 2129 1149 omnes

1175 1191 1259 1217 artes
1282 1196 1358 1227 prae
1382 1184 1446 1214 illis
1468 1189 1666 1226 spernerent.
1699 1183 1856 1222 Creagras
1874 1180 1956 1211 enim
1977 1190 2042 1209 non
2065 1188 2130 1208 car-

1174 1249 1269 1279 nibus
1295 1247 1391 1278 modo
1413 1258 1523 1277 verum
1553 1245 1700 1277 omnibus
1723 1244 1819 1275 rebus
1840 1241 2014 1274 reconditis
2037 1245 2131 1282 atque

1174 1311 1324 1355 repositis
1338 1310 1522 1353 promendis
1537 1309 1669 1340 usitatas
1686 1308 1784 1339 fuisse
1798 1304 2023 1348 Aristophanis
2041 1303 2131 1335 100115

1175 1373 1269 1404 docet
1295 1372 1347 1416 (in
1370 1371 1483 1402 eccles.
1509 1369 1638 1412 1047),
1677 1368 1731 1399 ubi
1759 1379 1907 1408 creagrae
1931 1365 2132 1409 appellantur

1175 1435 1252 1465 unci
1266 1433 1382 1476 quibus
1402 1443 1499 1462 urnae
1520 1442 1559 1462 cx
1578 1429 1685 1473 puteis
1704 1429 1865 1460 tollantur.
1883 1427 1997 1470 Neque
2016 1427 2131 1458 hamus

1174 1497 1228 1527 ille
1247 1495 1457 1538 negligendus
1471 1500 1534 1533 est,
1558 1505 1653 1537 quem
1670 1492 1829 1524 oecultum
1851 1497 1960 1522 tenere
1976 1487 2127 1520 Dialecti-

1174 1571 1242 1591 cam
1262 1569 1358 1601 supra
1377 1555 1418 1600 (ξ.
1434 1556 1522 1598 528)
1546 1560 1656 1586 noster
1671 1555 1821 1593 finxerat,
1848 1563 1906 1583 nec
1928 1552 2015 1595 quod
2033 1537 2129 1582 Plato

1175 1622 1225 1665 (in
1251 1620 1385 1664 sophist.
1411 1632 1440 1662 p.
1462 1618 1555 1661 210)
1580 1619 1763 1650 hamatilem
1787 1616 1944 1661 piscatum
1972 1614 2130 1658 sophistas

1175 1696 1323 1717 exercere
1336 1683 1471 1715 dixerat.
1488 1681 1555 1714 Sed
1570 1687 1604 1712 ut
1620 1687 1654 1712 ut
1671 1683 1749 1712 hacc
1763 1680 1837 1720 51111,
1856 1679 1981 1710 doctior
1996 1683 2045 1709 est
2063 1677 2128 1709 vul-

1174 1754 1262 1791 gata,
1284 1759 1379 1791 quam
1406 1758 1487 1790 quac
1507 1750 1655 1788 corrupta
1676 1743 1784 1775 haberi
1806 1742 1918 1787 possit.

2154 479 2242 523 998

1251 1813 1367 1858 quippe
1398 1807 1538 1856 loquax]
1573 1808 1729 1840 Heinsius
1762 1805 1914 1851 (ibidem)
1948 1803 2011 1845 legi
2033 1801 2132 1845 jussit
2177 1814 2186 1837 3·

1175 1874 1324 1917 linyuax,
1342 1871 1416 1915 quia
1436 1881 1548 1903 versus
1572 1870 1648 1901 vitio
1665 1870 1805 1909 laboret5
1833 1867 1889 1899 sed
1907 1866 2020 1898 melius
2037 1863 2132 1896 fucrit

1174 1934 1238 1979 ipsi
1260 1933 1420 1967 Martiano
1450 1933 1574 1976 lapsum
1602 1932 1756 1971 tribuere,
1787 1929 1897 1973 quales
1922 1930 1982 1960 hoc
2006 1927 2077 1971 ipso
2098 1925 2131 1957 in
2177 1952 2179 1957 ,

1175 1998 1313 2031 carmine
1340 1997 1436 2028 ctiam
1460 1996 1569 2040 plures
1594 1994 1761 2027 commisit.

1249 2061 1364 2092 Musas
1389 2057 1542 2105 deasque]
1569 2057 1748 2100 Amplexus
1769 2067 1839 2086 sum
1859 2052 2094 2085 distinctionem
2112 2061 2129 2081 a

1175 2122 1291 2155 Grotio
1310 2121 1344 2152 in
1363 2126 1440 2152 nota
1455 2119 1662 2164 propositam.
1687 2118 1754 2149 Pro
1773 2118 1912 2163 deasque
1929 2115 2008 2146 alios
2021 2114 2127 2154 legere

1175 2186 1289 2232 deique
1308 2182 1392 2214 idem
1411 2182 1443 2213 in
1465 2181 1606 2222 margine
1629 2179 1767 2219 notavit,
1798 2178 1907 2209 nescio
1932 2187 1995 2219 quo
2022 2184 2127 2205 sensu.

1210 2249 1235 2271 0
1249 2244 1396 2291 cyclicas]
1413 2246 1484 2277 Hae
1502 2250 1576 2277 sunt
1590 2244 1678 2289 ipsae
1695 2243 1768 2274 illae
1787 2247 1908 2284 septem
1926 2245 2020 2279 artes,
2045 2247 2126 2280 quae

1176 2311 1250 2356 quia
1281 2312 1385 2343 orbem
1418 2309 1594 2354 quendam,
1623 2313 1658 2339 ut
1687 2303 1897 2349 Quinctiliani
1922 2303 1973 2346 (1,
2001 2302 2063 2341 10,
2088 2301 2126 2339 13

1176 2387 1209 2418 p.
1228 2374 1301 2405 209
1323 2370 1447 2416 Spald.)
1470 2372 1566 2403 verbo
1593 2375 1678 2409 utar,
1708 2365 1851 2399 liberalis
1879 2364 2041 2396 doetrinae
2064 2363 2127 2393 cffi-

1177 2447 1248 2467 cere
1271 2434 1470 2474 viderentur,
1495 2428 1688 2479 ἐγκύκλιοι,
1705 2441 1722 2460 a
1745 2426 1877 2460 Graccis
1897 2430 2027 2457 vocatae
2044 2428 2127 2455 sunt.

1178 2497 1324 2540 Quippe,
1348 2501 1384 2526 ut
1406 2495 1449 2526 ait
1473 2493 1640 2527 Vitruvius
1662 2492 1715 2535 (1,
1738 2491 1777 2530 13
1802 2501 1833 2532 p.
1850 2489 1895 2519 16
1913 2485 2017 2530 Rip),
2057 2496 2128 2517 »en-

1176 2561 1291 2604 cyclios
1319 2558 1486 2604 disciplina
1516 2557 1563 2589 uti
1589 2565 1703 2599 corpus
1731 2564 1829 2584 unum
1848 2563 1888 2583 ex
1908 2548 2059 2582 membris
2081 2553 2131 2581 est

1684 2616 1731 2646 97
