2310 2860
218 181 249 212 X

218 284 319 325 740.
358 283 488 335 840„
534 281 699 336 primus
739 279 865 320 modo
904 279 1006 333 (A),
1061 277 1181 329 cujus
1221 275 1263 316 in
1303 275 1508 331 principio
1542 277 1782 319 rarissimus
1822 293 1924 319 usus
1956 288 2064 331 erat,
2109 278 2160 320 ad

218 374 384 405 sextum
419 372 457 403 et
485 362 714 416 septimum
751 361 909 402 librum
946 359 1113 414 saepius
1146 356 1386 397 adhibetur.

388 445 465 497 15)
496 442 880 496 GuelferbytanUS,
926 441 1046 494 cujus
1085 438 1281 479 lectiones
1321 451 1344 478 a
1376 436 1519 478 Cortio
1553 447 1736 480 enotatas
1774 440 1816 480 in
1847 441 2038 495 margine
2067 439 2165 480 libri

215 525 440 580 Lipsiensis
465 525 514 575 (ᾗ.
537 523 579 576 7)
603 523 798 578 Koppius
822 522 1063 570 invenerat,
1095 519 1210 559 unde
1241 529 1280 560 et
1304 518 1436 559 Cortii
1463 518 1670 559 variantes
1695 519 1907 561 interdum
1935 520 2163 577 appellavit

216 607 262 658 (ᾗ.
289 606 328 647 8.
359 607 457 657 45);
489 603 563 645 sed
593 604 674 644 hae
706 617 882 658 quoque
912 602 954 642 in
987 600 1070 640 fine
1100 600 1274 641 secundi
1304 600 1401 641 libri
1432 598 1633 640 deficiunt
1663 598 1715 651 (ᾗ.
1739 599 1860 655 220).

383 684 455 736 14)
496 684 712 724 Postremo
758 681 962 722 accedunt
1006 680 1203 721 lectiones
1243 680 1285 720 in
1333 680 1701 734 Norimbergensis
1745 680 1841 720 libri
1882 682 2071 735 margine
2110 680 2163 722 ab

213 765 350 820 ignota
379 778 511 804 manu
542 763 680 804 nescio
714 762 829 802 unde
868 771 1078 812 enotatae,
1134 772 1323 814 quarum
1363 772 1502 814 quum
1541 758 1884 813 frequentissima
1917 761 1958 801 in
1990 761 2161 802 duobus

213 845 426 900 prioribus
457 844 597 894 libris,
631 852 723 883 tum
757 843 880 882 etiam
913 841 955 881 in
986 850 1103 881 sexto
1128 841 1198 881 hic
1227 840 1313 880 illio
1342 838 1499 879 mentio
1524 848 1677 891 exstat3
1709 839 1868 894 probae
1892 839 2164 895 plerumque,

214 926 285 966 sed
316 935 363 966 ut
397 926 452 966 ob
493 939 599 965 eam-
625 925 760 979 ipsam
802 936 974 962 causam
1014 922 1324 964 correctionum
1362 921 1577 963 interdum
1618 923 1757 977 potius
1800 937 1930 977 quam
1974 930 2163 962 vetustae

213 1006 467 1047 auctoritatis
496 1005 680 1060 speciem
721 1018 823 1058 prae
861 1018 904 1043 se
934 1002 1092 1054 ferant,
1135 1001 1230 1043 licet
1259 1003 1454 1059 Koppius
1485 1018 1555 1045 eas
1584 1004 1678 1059 pari
1708 1018 1877 1059 semper
1908 1018 2007 1044 cum
2045 1002 2161 1044 libris

212 1087 373 1141 scriptis
404 1086 495 1127 loco
528 1085 738 1126 habuerit.

384 1168 537 1218 Vides,
596 1167 676 1208 Vir
714 1166 1022 1216 Illustrissime,
1067 1164 1185 1205 haud
1226 1165 1413 1220 profecto
1459 1166 1611 1221 exiguo
1658 1175 1865 1221 apparatu
1907 1165 2164 1206 instructum

212 1249 430 1302 Koppium
473 1246 525 1287 ad
562 1246 821 1286 Martianum
867 1245 1185 1286 emendandum
1231 1250 1470 1298 accessisse,
1523 1261 1654 1302 quem
1703 1248 1776 1288 etsi
1820 1247 1941 1287 facile
1983 1246 2166 1288 arbitror

210 1328 355 1370 multis
387 1336 603 1383 praeterea
635 1326 780 1381 augeri
817 1325 1019 1380 potuisse,
1066 1325 1168 1380 quia
1198 1326 1432 1369 Martianus
1463 1327 1706 1368 scholarum
1740 1327 1782 1367 in
1814 1341 1966 1376 usum,
2008 1325 2166 1379 quibus

210 1424 287 1465 per
319 1408 481 1461 aliquot
509 1407 650 1448 secula
677 1409 826 1447 unicus
857 1406 947 1446 fere
975 1406 1126 1446 veteris
1151 1405 1395 1461 disciplinae
1420 1408 1512 1448 fons
1543 1416 1652 1456 erat,
1684 1406 1826 1445 multis
1849 1404 2166 1460 exemplaribus

210 1488 453 1542 divulgatus
494 1502 581 1526 esse
624 1486 813 1535 videtur,
866 1494 1008 1524 tamen
1046 1484 1081 1523 si
1119 1485 1316 1538 antiquae
1355 1495 1396 1526 et
1442 1487 1578 1526 bonae
1616 1495 1738 1526 notae
1770 1485 1931 1524 codices
1964 1483 2165 1535 fuerunt,

210 1584 295 1610 non
327 1569 530 1623 exiguum
564 1565 870 1607 emaculandae
901 1564 1088 1604 lectionis
1118 1563 1430 1604 adminiculum
1462 1574 1561 1604 erat.
1623 1563 1704 1604 Sed
1732 1564 1812 1604 hac
1834 1564 1924 1618 ipsa
1949 1563 2001 1603 de
2026 1577 2161 1619 quae-

210 1649 362 1699 stione,
416 1663 528 1703 quae
568 1648 610 1687 in
653 1661 700 1687 re
740 1645 880 1686 critica
924 1642 1148 1684 factitanda
1193 1643 1396 1697 primaria
1442 1653 1520 1694 est,
1574 1644 1871 1698 imperfectum
1919 1653 2081 1684 tantum
2125 1652 2164 1684 et

211 1729 412 1769 mutilum
446 1727 567 1768 nobis
606 1726 812 1780 judicium
854 1724 1046 1779 reliquit,
1092 1732 1226 1778 utque
1257 1725 1484 1775 nonnulla,
1530 1738 1641 1779 quae
1672 1723 1724 1764 de
1759 1725 1954 1764 codicum
1986 1738 2166 1765 suorum

214 1819 347 1852 aetate
387 1818 426 1849 et
465 1807 606 1849 indole
650 1806 825 1847 sortasse
872 1803 1105 1845 traditurus
1143 1813 1251 1854 erat,
1300 1814 1435 1845 morte
1473 1804 1604 1859 ipsius
1638 1804 1865 1858 intercepta
1906 1804 2005 1854 sint,
2043 1803 2166 1844 facile

211 1902 352 1934 tamen
378 1890 519 1946 quivis
542 1887 901 1929 commentarium
926 1886 1016 1940 ejus
1046 1885 1233 1926 lectitans
1258 1885 1477 1940 intelliget,
1509 1885 1601 1940 pari
1631 1885 1889 1939 plerumque
1921 1886 2165 1927 auctoritate

211 1988 357 2014 omnes
389 1971 504 2027 apud
532 1984 628 2010 eum
658 1969 798 2018 fuisse,
824 1982 903 2008 nec
932 1966 1204 2022 ponderanda
1231 1967 1356 2008 modo
1387 1980 1542 2006 verum
1567 1964 1783 2005 interdum
1815 1980 1866 2005 ne
1897 1966 2164 2008 numeranda

212 2054 384 2108 qiiidem
419 2058 573 2092 eorum
601 2049 803 2103 suffragia
834 2049 922 2090 visa
947 2064 1047 2089 esse.
1105 2048 1217 2089 Nam
1251 2062 1387 2103 quum
1420 2046 1506 2086 duo
1541 2054 1704 2086 tantum
1744 2046 1973 2087 lectionum
2012 2061 2166 2099 genera

213 2134 506 2187 distingueret,
554 2130 777 2184 vulgatum
819 2137 858 2169 et
901 2127 1019 2183 quod
1056 2127 1216 2182 scriptis
1256 2126 1372 2166 libris
1413 2125 1721 2179 contineretur,
1760 2126 1866 2166 illud
1897 2126 2095 2180 quidem,
2131 2127 2165 2167 si

214 2211 357 2253 nullus
388 2209 519 2250 codex
552 2208 876 2260 contradiceret,
922 2209 1128 2250 acerrime
1165 2206 1389 2257 retinebat,
1442 2206 1555 2247 idem
1587 2217 1748 2257 tamen,
1788 2207 1821 2247 si
1852 2207 1906 2247 ita
1935 2207 2164 2260 videretur,

215 2290 333 2333 haud
380 2304 477 2331 raro
518 2304 569 2329 ex
617 2290 753 2330 unius
782 2289 1060 2344 manuscripti
1106 2287 1350 2337 auctoritate
1395 2287 1619 2329 lectionem
1661 2288 1928 2341 reliquorum
1968 2290 2163 2331 omnium

217 2372 378 2415 silentio
417 2369 711 2412 confirmatam
762 2371 1017 2426 corrigebat3
1070 2370 1185 2425 quod
1228 2377 1277 2410 ut
1309 2377 1423 2409 recte
1463 2367 1680 2410 interdum
1724 2366 1815 2408 fieri
1858 2383 1985 2409 nemo
2022 2377 2164 2426 negat,

219 2452 493 2496 temerarium
516 2460 657 2492 tamen
683 2466 770 2492 esse
794 2466 939 2492 omnes
965 2452 1214 2504 concedent,
1247 2451 1325 2492 nisi
1351 2450 1615 2506 singulorum
1646 2450 1820 2491 virtutes
1845 2452 2162 2492 accuratissimo

222 2537 415 2577 examine
447 2532 717 2589 perpenderis
742 2533 1010 2588 familiasque
1041 2541 1080 2574 et
1110 2534 1258 2575 classes
1283 2544 1433 2572 eorum
1463 2528 1720 2581 distinxeris,
1753 2529 1999 2585 praesertim
2025 2543 2163 2586 quum
