2310 2860
666 223 866 264 Martiani
898 222 1096 279 Capellae
1127 222 1197 263 lib.
1218 222 1272 264 V.
1311 224 1342 275 §.
1362 222 1462 264 565.
1966 231 2051 271 473)

98 333 181 375 Sed
214 331 478 387 conquestio,
522 330 564 372 id
598 339 658 372 est
688 331 924 382 miseratio,
960 329 1024 371 his
1062 328 1162 370 l'ocis
1194 338 1546 384 argumentorum
1578 332 1780 384 sumitur,
1821 334 1978 389 quibus
2013 347 2052 378 ct

100 412 343 469 indignatio.
413 409 683 455 Peroratio'ne
732 421 874 453 tamen
920 426 1003 452 non
1052 410 1093 451 in
1138 409 1220 450 fine
1262 420 1424 452 tantum
1466 412 1661 454 orationis
1704 414 1935 468 utendum,
1980 418 2052 460 scd

102 495 180 536 ubi
231 495 407 537 materia
450 494 708 551 permiserit,
767 493 809 534 id
851 502 910 534 est
955 493 997 533 iu
1036 493 1291 549 digressione
1332 495 1639 551 principiorum
1685 506 1758 538 aut
1803 499 2051 540 narrationis

96 576 308 629 assiduae,
351 577 423 618 sed
462 587 500 617 et
535 577 834 633 quaestionum
874 589 1202 629 nonnunquam.
1264 575 1312 615 In
1338 575 1501 630 epilogo
1543 576 1792 630 generaliter
1819 579 2050 620 observan-

96 657 223 708 dum,
264 667 312 698 ut
344 658 485 699 brevis
517 658 590 709 sit;
627 656 839 712 siquidem
875 667 1113 698 commotus
1143 657 1274 711 judex
1305 658 1442 699 statim
1473 657 1745 701 dimittendus
1775 670 1835 701 est
1866 660 1917 701 ad
1953 677 2050 702 sen—

96 738 269 778 tentiam
304 737 630 793 proferendam,
673 737 778 777 dum
825 746 897 778 aut
942 736 1192 778 adversariis
1232 739 1444 789 irascitur,
1495 748 1568 780 aut
1603 740 1681 781 tuis
1727 742 1950 784 miseretur
1987 743 2050 785 la·-

95 818 273 873 crymis,
325 829 396 860 aut
439 833 587 860 rerum
625 818 846 859 afflictione
883 827 1120 859 commotus
1155 827 1225 858 est.

262 899 329 939 Sic
368 899 508 941 adhue
540 900 736 940 asserenti
778 900 916 940 innuit
952 900 1040 955 ipse
1075 899 1323 954 Cyllenius,
1370 909 1417 940 ut
1451 899 1501 940 ad
1534 915 1837 955 germanarum
1879 915 2050 947 coetum

93 979 376 1035 nubentisque
412 981 604 1022 transiret
639 981 909 1036 obsequium.
964 981 1064 1031 Quo
1102 992 1325 1037 conspecto
1359 992 1514 1023 asserta
1546 982 1830 1026 determinans
1861 987 1913 1027 ad
1949 987 2050 1028 Phi—

90 1062 267 1117 lologiae
296 1078 537 1103 consessum
568 1062 722 1104 fiducia
748 1064 980 1119 promtiore
1011 1065 1218 1119 perrexit,
1249 1066 1427 1121 ejusque
1453 1066 1654 1107 verticem
1681 1066 1923 1110 deosculata
1948 1084 2050 1111 cum

88 1143 226 1184 sonitu
245 1143 415 1183 —nihil
445 1144 557 1183 enini
594 1143 741 1194 silens,
776 1159 825 1184 ac
849 1145 883 1185 si
923 1154 1115 1199 cuperet,
1159 1144 1345 1200 faciebat¹
1365 1171 1413 1178 —
1438 1161 1636 1188 sororum
1667 1162 1710 1188 se
1746 1148 1950 1190 consortio
1982 1164 2050 1190 so*—

89 1224 312 1280 eietatique
343 1224 603 1280 permiscuit.

487 1304 685 1346 Tandem
715 1305 905 1360 loquacis
937 1308 1159 1349 terminata
1190 1309 1367 1364 paginae
2079 1316 2167 1356 561:

490 1386 660 1427 Asserta
692 1387 872 1436 cursim,
920 1403 1032 1441 quae
1062 1399 1203 1430 tamen
1235 1389 1464 1430 voluminis

485 1467 572 1508 Vix
605 1467 858 1507 umbilicum
895 1468 1028 1508 multa
1060 1478 1256 1523 opertum
1289 1467 1416 1510 fascia

486 1549 685 1604 Turgore
715 1549 881 1604 pinguis
912 1549 1038 1589 insuit
1068 1547 1347 1590 rubellulum.

160 1656 373 1703 peroratione]
402 1656 439 1689 In
456 1656 506 1689 bis
533 1669 662 1701 quoque
688 1663 720 1689 et
745 1658 954 1701 sequentibus
977 1657 1043 1689 Cu-
1168 1653 1307 1699 nudem]
1335 1654 1517 1687 Verborum
1536 1656 1613 1688 ordo
1631 1658 1664 1690 in
1680 1665 1818 1701 quatuor
1833 1660 1882 1692 his
1898 1663 2043 1695 versibus

87 1721 167 1753 rium
189 1720 452 1767 Fortunatianum
476 1720 519 1763 (p.
537 1719 598 1761 69)
622 1731 734 1763 presso
756 1719 837 1763 pede
863 1718 1018 1762 sequitur.
1095 1718 1137 1750 sic
1167 1717 1384 1749 restituendus
1413 1719 1487 1750 erit:
1515 1721 1659 1753 »tandem
1687 1729 1805 1755 asserta
1838 1726 1971 1768 paginae
1996 1727 2042 1758 lo-

163 1780 414 1830 yermanarum]
444 1780 522 1814 MS.
552 1783 816 1820 terminatarmn,
847 1793 913 1812 non
948 1781 1040 1812 male.
1090 1778 1200 1822 quaeis
1221 1780 1384 1811 terminata
1407 1779 1509 1826 (sunt)
1527 1783 1660 1823 cursim,
1682 1797 1763 1827 quae
1782 1791 1887 1818 tamen
1903 1788 2043 1831 (pagina)

92 1846 250 1878 Guo'r.—
267 1845 371 1887 Quasi
386 1847 575 1877 terminatae
585 1850 694 1876 essent
711 1857 793 1892 quae
807 1845 1043 1876 terminarunt!
1088 1839 1216 1883 pinguis
1243 1846 1371 1883 turgore
1395 1842 1448 1873 vix
1470 1842 1569 1875 insuit
1592 1846 1776 1878 umbilicum
1798 1847 1969 1880 voluminis
1990 1861 2042 1880 ru—

88 1907 203 1940 Codex
227 1906 491 1938 Darmstattensis
518 1907 647 1937 exhibet
670 1906 884 1949 feminarum,
917 1912 949 1937 at
974 1916 1036 1937 ruu-
1087 1902 1260 1943 bellulum,
1285 1903 1381 1935 fascia
1398 1904 1496 1936 multa
1513 1912 1696 1950 opertum«,
1728 1908 1760 1939 id
1778 1915 1839 1950 est,
1860 1910 1900 1941 ad
1922 1916 2041 1942 tantam

89 1969 148 2000 tari
179 1980 245 2000 nou
276 1979 357 2011 opus
390 1973 455 2007 est,
488 1967 645 2011 siquidem
677 1968 774 2011 paulo
811 1968 893 1998 infra
930 1964 1037 1996 eadem
1088 1964 1205 1995 molem
1228 1964 1364 1996 accrevit
1389 1965 1533 2010 adeoque
1559 1979 1684 2000 onmem
1711 1971 1851 2002 chartam
1874 1974 2041 2016 occupavit

88 2032 159 2065 aliis
182 2031 287 2064 verbis
314 2036 503 2075 repetuntur
526 2042 689 2062 „sororum
708 2031 895 2062 consortia«
1088 2033 1184 2070 atque
1210 2027 1368 2071 implevit,
1396 2034 1432 2060 ut
1459 2030 1510 2061 vix
1535 2031 1700 2072 umbilico,
1733 2034 1788 2077 qui
1818 2040 1961 2067 extremo
1985 2049 2039 2068 vo·

158 2091 300 2137 asserta]
327 2092 376 2123 lta
404 2091 602 2123 substantive
630 2104 726 2136 saepe
751 2098 893 2123 auctores
913 2090 1036 2130 novitii,
1087 2088 1198 2120 lumini
1224 2089 1415 2121 adhaerebat
1429 2091 1522 2134 (Hor.
1538 2092 1630 2136 epod.
1650 2094 1712 2135 14,
1741 2095 1789 2139 8),
1812 2095 1970 2129 insuendo
1992 2099 2038 2130 lo—

86 2155 273 2200 praesertim
299 2153 382 2185 Afri.
409 2153 615 2195 Fulgentius:
650 2151 822 2198 »praecluis
848 2152 1035 2184 eruditionis
1087 2164 1143 2185 cus
1164 2153 1399 2197 relinqueretur
1422 2167 1550 2187 vacuus.

87 2224 210 2250 asser-ta
232 2227 452 2258 cognoscerem
474 2215 638 2247 Gnor.——
663 2215 757 2247 Adde
782 2219 926 2246 nostrum
953 2214 1036 2246 iufra
1161 2221 1291 2258 turgore
1316 2215 1466 2261 pinquis]
1504 2217 1543 2248 Id
1578 2222 1628 2250 est
1662 2218 1836 2251 verbosior.
1885 2220 2039 2254 Similiter

88 2279 129 2324 (ᾖ.
145 2278 248 2321 599)=
268 2277 478 2309 »immobilem
499 2282 582 2309 stare
599 2275 824 2320 multiplicibus
841 2282 1036 2308 monstratur
1085 2276 1218 2308 Persius
1243 2278 1294 2320 (5,
1322 2277 1383 2320 20)
1408 2278 1540 2320 »pagiua
1565 2280 1735 2321 turgescit«
1757 2281 1889 2313 dixerat.

89 2344 248 2376 asse,.31·3‚..
1158 2338 1368 2384 rubellulum]
1402 2338 1530 2371 Alludit
1567 2342 1606 2372 ad
1641 2347 1783 2373 veterum
1816 2353 1951 2381 morem,
1981 2344 2035 2385 qui

160 2416 198 2435 ae
221 2402 412 2448 sgcuperet]
437 2404 475 2436 Id
500 2411 550 2436 est
572 2406 697 2437 etiamsi
717 2411 864 2450 euperet3
889 2411 925 2438 ut
949 2406 1034 2452 apud
1084 2402 1182 2435 minio
1209 2403 1362 2434 notabant
1383 2403 1580 2448 epigraphes.
1607 2405 1700 2436 Unde
1721 2410 1753 2436 et
1773 2405 1917 2436 rubricae
1936 2405 2034 2446 juris-

87 2465 272 2499 Tereutium
296 2464 434 2508 (adelph.
454 2465 493 2505 4,
524 2467 557 2506 7,
581 2466 659 2510 42)=
1083 2466 1319 2506 consultorum,
1345 2466 1383 2497 ad
1403 2479 1482 2511 quas
1508 2467 1620 2500 alludit
1642 2469 1775 2500 Persius
1794 2468 1847 2513 (5,
1871 2467 1949 2510 90)=

244 2528 329 2569 »ipsa
351 2526 377 2557 si
399 2526 506 2570 cupiat
521 2525 617 2558 Salus
1139 2529 1288 2560 ..Masuri
1312 2529 1440 2560 mabrica
1465 2531 1614 2561 notauiea«

133 2587 273 2622 Serum-e
296 2600 429 2631 prorsus
450 2600 515 2619 non·
534 2594 638 2631 polest
660 2589 744 2623 hane
765 2590 952 2634 familiam.«
1086 2589 1245 2622 GnoT.—-
1272 2589 1360 2622 Saxo
1384 2589 1617 2623 Grammaticus
1640 2590 1732 2622 etiam
1752 2589 1807 2621 illa
1830 2600 1909 2622 voce
1933 2590 2033 2622 utitur

87 2650 185 2683 Plura
204 2650 290 2682 dabit
311 2648 517 2682 Heinrichius
535 2649 590 2694 (ad
614 2649 682 2683 Cic.
695 2651 734 2684 de
750 2653 872 2697 republ.
890 2666 921 2697 p.
938 2651 1030 2696 166).
1090 2653 1285 2686 »volucrem«
1310 2653 1474 2698 appellans
1495 2654 1695 2686 umbellam-u
1728 2652 1760 2684 Α
1780 2654 1877 2686 mbro
1905 2660 1953 2685 est
1976 2668 2029 2687 ru-
