2310 2860
680 119 879 161 Martiani
912 118 1111 176 Capellae
1141 119 1211 160 lib.
1237 120 1332 162 VII.
1363 124 1393 174 §.
1419 123 1523 164 759.

1997 124 2087 168 595

124 227 342 270 hominem
372 226 613 268 absolutum
640 226 968 281 perfectumque
992 225 1220 267 dimittunt.
1256 228 1423 269 Dehinc
1449 229 1542 271 ideo
1573 230 1702 272 homo
1726 240 1885 287 septem
1918 240 2083 274 meatus

123 310 252 351 habet
282 310 323 350 in
357 310 491 365 capite
521 309 712 349 sensibus
745 317 1038 364 praeparatos,
1086 307 1193 348 duos
1225 309 1394 360 oculos,
1431 325 1643 366 auresque
1675 322 1714 353 et
1743 328 1864 355 nares
1896 314 2082 366 totidem,

124 401 164 432 et
195 407 239 432 os
272 406 424 432 unuln.
470 391 637 431 Dehinc
664 406 809 431 mense
832 391 1010 445 septimo
1035 391 1225 446 parvulis
1252 391 1396 431 dentes
1424 403 1665 447 emergunt,
1698 408 1745 434 ao
1770 394 1947 449 septimo
1972 410 2081 436 anno

124 483 366 526 mutantur3
411 475 510 514 item
555 472 741 514 secunda
782 471 1018 512 hebdomas
1056 472 1325 527 pubertatem
1366 481 1510 513 movet
1551 473 1834 529 gignendique
1875 476 2082 530 possibili-

123 563 276 606 tat01n3
321 554 438 594 tertia
478 553 628 594 florem
670 567 899 607 genarum3
947 561 1100 607 quarta
1142 552 1402 592 incrementa
1443 562 1625 593 staturae
1664 554 1889 608 finiuntur,
1935 557 2083 611 quinta

124 634 333 689 juvenalis
373 634 512 674 aetatis
552 633 677 688 plena
718 632 917 688 perfectio
961 642 1031 673 est.

1092 634 1261 688 Septem
1301 633 1426 673 etiam
1468 643 1620 675 natura
1659 635 1857 676 abstrusis:
1886 636 2084 677 membra

126 716 292 767 vitalia,
322 715 534 770 linguam,
570 730 665 765 eor,
698 714 972 770 pulmonem,
1008 714 1190 766 lienem,
1220 716 1365 770 jecur,
1399 724 1439 756 et
1470 714 1577 757 duos
1610 731 1743 758 renes.
1785 716 1892 757 Item
1921 726 2082 772 septem

200 871 372 913 septimani
391 867 518 914 partus]
550 869 687 912 Explica
712 881 751 899 ex
776 868 881 900 verbis
908 868 978 899 istis
1001 867 1081 899 Var-

125 933 212 965 ronis
230 934 312 976 apud
331 933 489 965 Gellium:
503 933 608 964 „Illam
627 944 754 976 quoque
772 932 833 962 vim
850 932 973 963 numeri
987 931 1081 971 hujus

126 995 327 1026 observatam
359 996 471 1034 refert,
512 995 597 1037 quod
632 1000 704 1025 ante
742 1005 882 1025 mensem
913 992 1082 1036 septimum

125 1070 229 1102 neque
254 1059 414 1090 masculus
442 1070 546 1101 neque
575 1058 689 1088 semina
716 1057 884 1088 salubriter
911 1069 946 1088 ae
969 1068 1081 1087 secun-

124 1119 199 1150 dum
215 1125 359 1150 uaturam
381 1120 468 1150 nasei
489 1125 620 1162 potest.=‹
642 1120 763 1149 Paulus
781 1130 909 1161 quoque
922 1118 1082 1159 juriscon-

125 1181 229 1212 sultus
253 1181 310 1212 ait:
335 1180 499 1224 »Septimo
523 1192 631 1210 meuse
654 1180 741 1210 nasci
760 1180 934 1223 pei-sectum
957 1184 1082 1222 partum

120 1243 187 1285 jam
205 1248 369 1286 receptum
383 1247 431 1273 est
448 1247 578 1285 propter
593 1241 812 1273 auctoritatem
832 1241 1006 1272 doctissimi
1026 1240 1083 1271 viri

125 1303 352 1347 Hippocratis«
388 1303 432 1346 (ff.
463 1303 500 1333 de
537 1308 621 1333 statu
655 1303 834 1341 hominum,
870 1303 889 1333 l.
914 1303 1083 1345 Septimo).

126 1365 171 1397 Et
196 1365 230 1396 id
258 1364 500 1406 intelligendum
527 1364 566 1394 de
599 1375 707 1394 mense
744 1364 880 1406 septimo
912 1364 1083 1406 incipiente

127 1430 230 1474 liquet
251 1441 290 1461 ex
310 1430 330 1460 l.
349 1431 372 1462 5
396 1429 428 1460 in
454 1429 515 1459 fine
533 1430 564 1460 ff.
585 1428 623 1459 de
646 1428 723 1468 suis,
751 1428 805 1458 ubi
820 1427 977 1471 Ulpianus
990 1428 1085 1459 docet

129 1494 274 1526 similiter
301 1505 342 1524 ex
368 1492 576 1536 Hippocratis
604 1491 790 1523 auctoritate
818 1491 908 1531 justo
940 1497 1084 1534 tempore

128 1561 236 1588 natum
251 1555 353 1587 videri
368 1567 451 1592 eum,
471 1555 525 1598 qui
543 1554 715 1585 centesimo
732 1553 927 1594 octogesimo
944 1553 1085 1584 seeundo

128 1620 179 1652 die
196 1626 288 1650 natus
304 1624 362 1650 est.
390 1619 452 1649 Est
468 1624 573 1649 antem
592 1617 798 1661 Hippocratis
814 1616 905 1648 loeus
922 1616 975 1647 lib.
990 1616 1085 1660 Epid.

128 1686 169 1725 5,
205 1689 280 1716 sect.
304 1684 387 1714 270.
433 1683 632 1714 Censorinus
669 1693 797 1725 quoque
826 1681 884 1712 ait:
921 1679 1085 1724 »Septimo

130 1754 239 1793 partus
269 1748 336 1790 jam
354 1752 495 1778 maturus
529 1752 593 1785 est,
624 1757 662 1777 eo
692 1745 778 1789 quod
801 1744 835 1776 in
859 1744 1006 1776 omnibus
1028 1756 1085 1775 nu-

131 1812 226 1845 meris
251 1812 450 1856 septenarius
474 1811 645 1855 plurimum
668 1810 803 1854 possit.«
836 1809 921 1841 Vide
944 1808 1085 1840 Plinium

131 1876 213 1908 libro
239 1876 373 1919 septimo
403 1888 470 1918 cap.
496 1875 623 1918 quinto,
656 1879 687 1905 et
713 1874 801 1905 Plut.
826 1872 882 1905 lib.
899 1873 932 1904 V
954 1873 993 1903 de
1017 1872 1085 1916 phi-

132 1939 341 1983 losophorum
362 1938 485 1981 placitis
511 1951 578 1981 cap.
594 1938 719 1971 XVlII.
733 1937 894 1969 GnoT.—
922 1936 1084 1967 Diodorus

130 2008 237 2033 tamen
261 2001 313 2044 (1,
336 2000 403 2043 25)
429 1998 713 2044 ζωογονεῖσθαι
737 1995 809 2033 οὐκ
833 1996 1014 2033 εἰωθέναι
1042 1992 1085 2031 τὸ

134 2062 315 2100 τοιοῦτον
334 2064 392 2103 ait,
417 2063 471 2094 ubi
489 2063 559 2094 vide
575 2063 834 2105 VVesselingimn
849 2063 900 2106 (T.
920 2062 951 2102 I,
977 2061 1085 2105 p.9.7).

206 2134 325 2172 septem
347 2125 484 2171 meatus]
511 2127 673 2157 Favonius
700 2139 730 2169 p.
750 2129 811 2159 lo:
833 2126 1015 2157 »ministros
1043 2126 1086 2157 ei-

133 2192 205 2223 dem
233 2201 348 2221 sensus
375 2194 496 2232 septem
527 2188 626 2220 veluti
653 2188 802 2219 fenestris
832 2189 933 2219 emitti
958 2187 1086 2219 manife-

135 2260 219 2286 stum
245 2259 323 2285 est.«
364 2253 498 2297 Septem
525 2258 676 2284 notarunt
701 2252 853 2284 foramina
875 2257 1017 2291 veteres,
1048 2263 1088 2282 ex

135 2317 252 2361 quihus
279 2327 393 2346 sensus
418 2315 548 2346 humani
575 2320 756 2360 operentur.
800 2313 945 2346 Alcimus
970 2313 1087 2347 Avitus

134 2381 262 2427 pulcre:

195 2443 340 2474 „Dehine
360 2453 466 2473 arcem
488 2442 601 2485 capitis
629 2442 758 2474 sublimi
783 2443 818 2473 in
840 2442 959 2473 vertice
981 2441 1089 2484 siqua!

184 2505 376 2549 Septiforem
392 2506 517 2537 vultum
538 2507 674 2536 rationis
698 2506 844 2537 sensibus
870 2511 1015 2549 aptansa-

137 2568 261 2599 BAnTn.
284 2567 422 2610 (advers.
445 2579 478 2611 p.
497 2567 581 2602 222.
603 2565 700 2610 225).

1209 880 1243 899 os
1258 867 1373 913 mmm]
1388 869 1597 911 Transposita
1614 870 1646 902 in
1664 870 1758 901 editis
1774 872 1851 901 haee
1867 876 1956 903 erant
1971 872 2082 911 verba,

1135 929 1190 960 sed
1218 929 1363 961 codicum
1388 930 1662 962 Reicbenauensis
1691 938 1723 963 et
1749 932 2014 965 Darmstattensis
2039 933 2083 964 le-

1135 991 1272 1022 ctionem
1300 992 1445 1034 praetuli.

1208 1054 1408 1095 pubertatem
1418 1051 1429 1097 ]
1465 1051 1533 1084 Alii
1567 1054 1764 1093 ubertatem,
1796 1060 1879 1087 teste
1909 1055 2023 1089 Grotio
2051 1055 2085 1088 in

1135 1115 1292 1156 margine,
1331 1116 1423 1147 male.

1208 1179 1363 1222 yiyrzerzcli
1380 1178 1633 1224 possibilitatem]
1661 1181 1770 1211 Utitur
1789 1182 1850 1212 hoc
1874 1183 2030 1214 vocabulo
2055 1187 2088 1214 et

1134 1239 1202 1283 ipse
1220 1240 1306 1280 alibi,
1329 1240 1386 1271 sed
1406 1246 1438 1271 et
1458 1240 1634 1281 Aruobius,
1652 1242 1806 1283 Isidorus,
1831 1243 1946 1287 aliique
1963 1250 2087 1287 patres,

1135 1303 1203 1346 ipse
1239 1316 1367 1347 quoque
1396 1304 1600 1335 ‹Iustinianus
1627 1305 1659 1336 in
1684 1306 1921 1339 confirmatione
1948 1307 2086 1348 digesto-

1135 1378 1217 1400 rum.
1244 1367 1288 1398 Et
1313 1379 1389 1398 sane
1416 1369 1682 1410 quemadmodum
1705 1369 1739 1400 hi
1766 1382 1877 1401 omnes
1896 1372 2086 1413 possibilita-

1136 1436 1198 1462 tem
1217 1442 1276 1474 pro
1299 1432 1443 1473 potentia
1464 1431 1587 1471 dixere,
1606 1432 1660 1466 ‚ita
1682 1432 1887 1473 Fulgentium
1913 1435 2086 1477 impossibi-

1137 1493 1196 1523 lem
1225 1503 1282 1535 pro
1308 1494 1474 1535 impotenti
1503 1493 1621 1523 dixisse
1642 1499 1731 1536 puto.
1757 1494 1895 1534 Locum,
1928 1496 2002 1539 quia
2024 1495 2087 1527 sin-

1137 1555 1255 1597 gularis
1278 1561 1310 1586 et
1332 1555 1465 1587 eximius
1499 1556 1732 1599 quodammodo
1758 1562 1822 1597 est,
1862 1558 2020 1592 adscribo.
2054 1558 2087 1591 Is

1138 1621 1187 1648 est
1203 1616 1433 1661 μυθολογικ.
1450 1616 1503 1647 lib.
1521 1617 1570 1656 Π,
1599 1617 1637 1647 de
1656 1617 1743 1649 Caco
1767 1623 1799 1649 et
1819 1618 1976 1650 Hercule:
1997 1620 2087 1651 »Tri-

1136 1679 1213 1723 plici
1245 1679 1339 1710 etiam
1376 1680 1469 1711 modo
1501 1686 1596 1711 nocet
1624 1681 1758 1721 malitia,
1799 1687 1853 1712 aut
1880 1682 1913 1713 in
1939 1683 2088 1722 evidenti,

1137 1749 1172 1774 ut
1194 1743 1372 1786 potentior,
1404 1748 1457 1773 aut
1486 1742 1659 1783 subtiliter,
1691 1748 1726 1774 ut
1748 1743 1847 1774 salsus
1873 1744 2007 1785 amicus,
2035 1751 2090 1776 aut

1138 1807 1278 1847 occulte,
1308 1812 1343 1837 ut
1363 1807 1563 1849 impossibilis
1584 1806 1693 1837 latro.«
1729 1806 1828 1848 Quod
1847 1814 1952 1839 autem
1973 1808 2026 1840 hic
2046 1808 2090 1840 ait

1137 1881 1219 1901 anno
1242 1868 1291 1900 bis
1314 1868 1450 1912 septimo
1472 1868 1671 1911 pubertatem
1689 1868 1828 1912 incipere
1851 1870 1990 1910 censeri,
2014 1882 2087 1902 con-

1138 1933 1222 1974 gruit
1246 1945 1318 1964 cum
1343 1932 1569 1964 constitutione
1600 1932 1661 1963 ista
1688 1932 1887 1976 imperatoris
1914 1933 2090 1965 Justiniani

1138 1997 1178 2028 ad
1199 1997 1341 2029 Mennan
1361 1995 1520 2040 praetorio
1543 1996 1738 2039 praesectum
1762 1996 1858 2028 missa
1882 2009 1964 2040 quae
1992 1998 2088 2029 hodie

1138 2066 1188 2092 est
1216 2061 1238 2092 l.
1262 2062 1285 2093 5
1322 2060 1360 2092 C.
1394 2059 1566 2102 Quomodo
1596 2065 1718 2092 tutores
1749 2061 1802 2093 vel
1828 2067 1991 2093 curatores
2016 2073 2087 2093 esse

1138 2125 1301 2164 desinant,
1343 2123 1434 2165 eujus
1474 2124 1631 2155 sententia
1670 2125 1805 2168 repetita
1844 2131 1894 2157 est
1930 2125 2003 2157 hist.
2034 2125 2087 2169 (‘.‘)

1140 2186 1269 2230 Quibus
1285 2185 1388 2216 modis
1408 2185 1507 2216 tutela
1523 2185 1630 2217 finitur
1649 2185 1681 2216 in
1698 2186 1870 2230 principio,
1901 2198 1982 2230 quos
1997 2187 2086 2217 locos

1136 2251 1245 2284 confer
1268 2262 1340 2282 eum
1365 2249 1540 2281 Macrobio.
1554 2249 1658 2281 Gnor.
1676 2268 1724 2273 —-
1750 2249 1846 2281 Adde
1864 2249 2009 2294 Lipsium
2032 2249 2086 2293 (ad

1140 2313 1217 2346 Seu.
1240 2312 1279 2343 de
1303 2311 1407 2342 benef.
1430 2312 1462 2351 7,
1490 2312 1528 2352 1,
1552 2324 1582 2354 p.
1596 2310 1693 2353 587).

1213 2379 1332 2417 septem
1353 2371 1461 2417 etima]
1496 2372 1526 2404 Ε
1549 2371 1796 2404 Darmstattensi
1824 2370 1933 2404 codice
1955 2383 2013 2417 pro
2036 2383 2084 2404 se-

1138 2438 1237 2481 ptima
1261 2435 1294 2466 in
1318 2434 1421 2466 editis.

1214 2501 1294 2532 duos
1309 2496 1416 2543 renes]
1437 2496 1510 2530 MS.
1526 2494 1728 2543 ἀρχαὶκώς
1751 2496 1830 2529 uduo
1844 2507 1966 2528 renes«
1984 2496 2087 2530 Gnor.

1143 2580 1189 2586 —-
1215 2561 1264 2594 Ita
1286 2566 1318 2593 et
1339 2560 1551 2594 Monacenses
1571 2558 1624 2603 (Α.
1644 2558 1695 2599 C).

1646 2619 1691 2649 7³
