2310 2860
36 324 125 367 928

155 137 243 179 722

717 131 917 174 Martiani
948 129 1147 186 Capellae
1176 129 1249 171 lib.
1276 129 1356 171 IX.
1387 130 1419 181 §.
1442 129 1542 171 927.

157 252 450 299 compertum,
503 239 650 281 fistulis
691 252 789 280 aves
829 237 936 278 allici
981 235 1330 291 comprobatum,
1375 234 1604 276 infantibus
1643 235 1897 290 crepitacula
1939 236 2098 291 vagitus

158 324 437 379 abrumpere,
481 318 585 361 fides
623 318 833 374 delphinis
873 317 1100 358 amicitiam
1138 316 1366 358 hominum
1407 329 1678 371 persuasere3
1728 313 1861 369 quid?
1911 315 2100 355 cantibus

157 404 265 446 allici
304 400 602 455 disrumpique
640 407 877 454 serpentes,
923 396 1120 452 glandem
1161 410 1405 451 messesque
1442 396 1638 447 transire,
1690 409 1836 436 manes
1879 394 1977 434 cieri
2009 396 2100 436 Lu-

156 498 345 538 namque
381 482 599 533 laborare,
643 496 784 522 nonne
820 480 949 535 ipsius
984 476 1198 520 vetustatis
1230 479 1500 531 persuasione
1533 474 1830 530 compertum?
1883 475 1925 514 in
1964 473 2101 529 Lydia

155 555 465 619 Nympharum
505 561 663 603 insulas
702 561 805 612 diei,
851 575 956 615 quas
988 559 1114 599 etiam
1154 556 1361 599 recentior
1396 556 1670 598 asserentium
1702 556 1843 598 Varro
1874 570 1918 596 se
1949 554 2102 596 vidisse

155 654 349 696 testatur,
399 657 510 698 quae
546 643 590 684 in
632 641 823 684 medium
865 650 1060 696 stagnum
1100 654 1124 680 a
1164 638 1386 680 continenti
1422 637 1695 694 procedentes
1735 647 1860 679 cantu
1897 638 2099 679 tibiarum

153 726 293 782 primo
323 725 366 765 in
397 723 607 765 circulum
635 732 774 764 motae
803 721 956 763 dehinc
988 722 1038 763 ad
1072 722 1196 763 litora
1218 730 1505 763 revertuntur.
1563 721 1611 761 In
1636 721 1806 762 Actiaco
1832 720 1951 762 litore
1982 735 2101 761 mare

154 804 360 846 citharam
391 812 522 844 sonat.
559 802 742 857 Megaris
772 815 926 842 saxum
959 800 1011 842 ad
1041 801 1170 842 ictum
1204 801 1352 857 pulsus
1375 802 1671 856 cujuscunque
1702 800 1896 842 fidicinat.
1929 802 2096 841 Possem

150 887 378 928 innumera
403 883 653 926 mortalibus
679 897 702 924 a
726 897 795 923 me
826 881 975 923 collata
997 897 1270 939 percurrere,
1301 891 1349 922 ut
1381 897 1464 922 non
1488 897 1556 922 me
1586 891 1718 923 terras
1752 881 1938 936 fugiendi
1961 880 2096 922 studio

224 1054 430 1101 crepitacula]
457 1050 686 1099 Πλαταγάς,
715 1052 754 1084 de
773 1052 888 1096 quibus
906 1050 1102 1084 Aristoteles

149 1120 253 1166 (polit.
275 1122 315 1161 8,
341 1121 379 1161 (3,
413 1120 457 1163 1).

224 1179 393 1226 delphinis]
420 1179 547 1212 Plinius
573 1178 657 1222 (hist.
674 1182 738 1209 nat.
760 1178 800 1218 9,
828 1177 877 1220 8):
904 1175 1100 1219 »Delphinus

148 1257 213 1276 non
228 1244 348 1276 homiui
363 1249 485 1275 tantum
501 1241 634 1273 amicum
653 1240 778 1279 animal,
793 1252 901 1271 verum
916 1245 947 1270 et
962 1238 1101 1270 musicae

148 1307 223 1348 arti,
257 1307 414 1339 mulcetur
436 1304 642 1348 symphoniae
673 1309 766 1335 cantu
795 1309 826 1334 et
854 1302 1023 1345 praecipue
1044 1302 1100 1343 hy-

147 1370 250 1402 (lrauli
274 1381 391 1409 sono«,
426 1368 480 1399 ubi
503 1368 593 1411 plura
625 1366 820 1397 llarduinus.
856 1365 923 1397 Sed
953 1370 1027 1395 nota
1053 1364 1099 1394 in-

147 1431 256 1475 primis
281 1429 414 1462 Arionis
440 1428 588 1467 historia,
621 1427 659 1458 de
685 1438 746 1469 qua
773 1438 868 1469 supra
893 1425 933 1469 (ἓ.
951 1424 1049 1467 908).

219 1489 395 1535 serpentes]
419 1488 571 1522 Manilius
596 1488 652 1531 (1,
681 1487 759 1529 92):

199 1553 410 1585 »Cousullare
422 1551 533 1594 fibras,
552 1556 583 1581 et
603 1560 750 1592 rumpere
772 1548 901 1579 vocibus
920 1559 1068 1590 angues«

146 1616 340 1660 Calpurnius
365 1615 438 1659 (ecl.
465 1616 526 1654 11,
557 1612 634 1655 70):

202 1679 393 1718 maratana,
433 1678 518 1725 quod
556 1677 652 1708 Luna
693 1676 801 1713 timet,
837 1686 903 1720 quo
942 1674 1099 1718 rumpitur

545 1747 686 1777 augum«

219 1798 386 1846 gylanclem]
420 1798 502 1831 Dele
533 1797 645 1840 ferunt
674 1807 745 1828 eum
775 1794 848 1827 MS.
875 1800 907 1826 et
940 1795 1101 1837 conjunge

146 1877 217 1897 cum
239 1862 512 1908 praecedentibus.
524 1860 686 1893 Gnor.——-
699 1858 808 1900 Vulgo
827 1858 911 1890 enim
932 1874 943 1887 »ι
952 1859 1098 1900 glandem

144 1929 257 1972 set-met
282 1937 502 1969 messesque«,
538 1922 625 1967 quod
654 1927 759 1954 tamen
791 1933 856 1953 non
886 1922 1003 1953 rectius
1028 1934 1101 1953 esse

146 1992 287 2031 videtur,
327 2001 421 2033 quam
451 1988 537 2031 quod
571 1987 650 2018 alios
680 1984 882 2029 praemittere
909 1985 1043 2017 Grotius
1068 1986 1100 2017 in

147 2052 290 2094 margine
310 2050 432 2082 notavit
459 2049 510 2080 »in
530 2047 667 2080 Thracia
682 2046 813 2090 Orpheo
831 2052 1000 2088 canente«,
1026 2059 1100 2078 nam

147 2116 210 2147 hoe
231 2114 304 2144 loco
329 2112 368 2143 de
391 2109 658 2142 incantationibus
675 2112 707 2139 et
723 2107 902 2151 praestigiis
927 2108 976 2150 agi
1003 2107 1100 2140 mani-

148 2178 268 2210 festum
287 2181 354 2216 est3
391 2185 488 2218 quare
516 2172 607 2204 facile
633 2170 748 2204 Grotio
773 2171 1008 2216 obtemperavi,
1043 2171 1101 2204 sed

147 2228 192 2270 ita
206 2243 242 2269 ut
257 2249 328 2270 cum
348 2233 556 2279 sequentibus
575 2232 682 2277 potius
698 2233 881 2264 »vetustatis
897 2232 1103 2276 persuasione

149 2305 362 2345 compertumu
387 2302 508 2330 mutata
528 2295 786 2339 interpunctione
806 2296 1044 2338 conjungerem.

223 2357 434 2408 Lunamque]
468 2358 662 2392 Conl'eratur
685 2356 929 2401 palaeographia
957 2369 1027 2389 nica
1047 2357 1101 2401 (Τ.

149 2424 210 2466 ΠῙ,
230 2424 340 2470 §.74)‚
371 2423 425 2455 ubi
443 2421 573 2455 omnino
588 2420 685 2452 latius
703 2420 743 2452 de
758 2420 1024 2452 incantationibus
1041 2420 1101 2462 egi.

223 2490 258 2520 ιἰι
287 2485 402 2531 Lydia]
428 2486 555 2517 Plinius
572 2484 658 2529 (hist.
673 2487 737 2516 nat.
753 2482 794 2523 2,
817 2484 893 2526 93)=
919 2483 974 2515 »In
988 2483 1102 2528 Lydia,

153 2560 233 2593 qnae
259 2553 413 2581 vocantur
443 2546 644 2587 Calaminae,
674 2556 739 2578 non
770 2543 873 2577 ventis
899 2545 1017 2588 solnm,
1044 2545 1101 2577 scd

1153 1052 1247 1084 etiam
1270 1052 1372 1085 contis
1396 1064 1459 1097 quo
1480 1052 1578 1084 libeat
1600 1052 1770 1096 impulsae,
1799 1052 1969 1082 multorum
1986 1050 2100 1082 civium

1151 1114 1366 1147 Mithridatico
1383 1115 1469 1146 bello
1493 1115 1589 1146 salus.
1615 1114 1700 1146 Sunt
1724 1119 1756 1145 ct
1778 1114 1810 1145 in
1828 1113 2013 1156 Nymphaeo
2029 1124 2099 1155 par-

1151 1188 1208 1207 vae
1235 1176 1401 1208 Saltuares
1427 1176 1528 1207 dictae
1552 1175 1691 1215 insulae,
1717 1175 1866 1218 quoniam
1892 1174 1925 1205 in
1952 1175 2099 1217 sympho-

1151 1239 1221 1270 niae
1247 1245 1340 1271 cantu
1364 1239 1402 1270 ad
1420 1239 1501 1271 ictus
1518 1238 1747 1270 modulantium
1767 1239 1882 1281 pedum
1899 1244 2092 1268 moventia-‚n

1151 1302 1275 1334 Seneca
1296 1302 1390 1333 etiam
1411 1302 1493 1345 (nat.
1521 1307 1642 1345 quaest.
1666 1303 1705 1341 5,
1734 1303 1799 1342 253
1830 1314 1861 1344 p.
1880 1301 1952 1332 754
1976 1300 2100 1344 Lips.)2

1158 1365 1262 1396 »Sunt
1293 1365 1382 1395 inulti
1406 1365 1562 1408 pumicosi
1596 1370 1627 1395 et
1654 1364 1759 1403 leves,
1796 1376 1836 1395 ex
1873 1364 1989 1408 quibus
2018 1375 2100 1407 quae

1150 1431 1298 1457 constant
1323 1426 1445 1457 insulae
1473 1426 1505 1456 in
1520 1426 1622 1469 Lydia
1644 1431 1762 1457 natant.
1790 1425 2031 1469 Theophrastus
2052 1430 2102 1457 est

1151 1493 1269 1519 auctor.
1294 1488 1366 1531 lpse
1385 1488 1425 1518 ad
1443 1487 1587 1531 Cotylias
1606 1493 1764 1519 natantem
1781 1487 1917 1518 insulam
1936 1487 2018 1518 vidi«
2040 1493 2100 1519 eet.

1148 1550 1244 1582 Adde
1260 1551 1451 1583 Strabonem
1471 1551 1548 1595 (15,
1577 1563 1607 1595 p.
1623 1552 1696 1582 (314
1719 1551 1823 1595 Cas),
1851 1551 1903 1582 nbi
1919 1551 2012 1592 vulga
2031 1562 2101 1595 per-

1147 1624 1255 1656 peram
1274 1610 1521 1658 καλουμὲνην
1545 1611 1668 1657 νῆσον
1688 1624 1746 1656 pro
1768 1611 1996 1658 καλαμίνην.
2039 1613 2101 1645 Ce-

1147 1679 1251 1706 terum
1277 1686 1334 1717 pro
1357 1674 1487 1715 vulgato
1512 1674 1712 1717 lympharum
1735 1674 1848 1717 scripsi
1877 1675 2099 1717 [Nymphai-mn

1149 1747 1167 1768 e
1202 1737 1312 1768 codice
1348 1736 1606 1768 Reiehenauensi
1641 1742 1673 1767 et
1709 1742 1844 1780 utroque
1884 1737 2100 1768 Meibomiano

1150 1799 1194 1842 (p.
1213 1799 1303 1839 546,
1329 1811 1361 1831 v.
1385 1799 1444 1841 2),
1482 1799 1671 1842 quibuscum
1694 1799 1823 1842 plurimi
1853 1799 1906 1830 alii
1930 1800 2101 1832 concinunt

1152 1875 1168 1893 a
1195 1861 1360 1902 Scaligero
1390 1862 1428 1892 ad
1459 1862 1638 1894 Varronem
1666 1867 1698 1893 et
1728 1861 1887 1894 Salmasio
1912 1863 1971 1906 (ad
1997 1863 2099 1895 Soliu.

1151 1923 1256 1967 polyh.
1284 1935 1316 1966 p.
1337 1922 1422 1966 125)
1447 1922 1575 1954 laudati.

1225 1982 1383 2028 Actiaco]
1423 1983 1480 2016 Sic
1516 1995 1624 2025 margo
1657 1983 1813 2017 Grotiana
1842 1985 2033 2029 codicesque
2070 1992 2102 2017 ct

1150 2047 1355 2079 Meihomiani
1377 2047 1420 2091 (p.
1436 2048 1526 2088 546,
1550 2060 1577 2078 v.
1594 2047 1630 2090 G)
1651 2053 1683 2079 et
1703 2048 1804 2079 nostri
1817 2048 2101 2087 Reielicnalicnsi5‚

1150 2110 1426 2151 Darmstattensis,
1448 2116 1478 2141 et
1488 2111 1709 2151 Monacensi53
1731 2111 1826 2153 vulgo
1839 2113 1956 2144 Attico.
1970 2111 2100 2143 Actium

1151 2173 1403 2218 promontorium
1436 2172 1582 2217 Apollini
1619 2185 1742 2206 sacrum
1772 2175 1871 2205 fuisse
1906 2180 2016 2206 notum
2052 2181 2101 2206 est

1151 2236 1283 2282 (Strabo
1305 2237 1367 2277 10,
1392 2249 1422 2280 p.
1441 2238 1525 2269 511.
1550 2237 1635 2269 Ptin.
1657 2237 1697 2277 4,
1721 2238 1754 2268 2.
1782 2236 1915 2269 Suetou.
1936 2237 2010 2269 Oct.
2031 2238 2099 2279 18).

1225 2296 1382 2343 Bleqaris]
1407 2297 1586 2331 Pausanias
1611 2297 1671 2340 (1,
1701 2297 1766 2337 42,
1795 2296 1852 2340 1):
1878 2296 1957 2332 ἐότὶ
1985 2297 2102 2337 λίθος

1153 2359 1214 2408 ἐφ’
1239 2353 1287 2395 οὗ
1317 2361 1547 2395 καταθεῖναι
1571 2358 1754 2404 λέγουσιν
1779 2356 2001 2395 Ἀπόλλωνα
2027 2359 2101 2406 τήν

1151 2418 1380 2467 κιθάραν-
1392 2417 1442 2466 ἢν
1457 2417 1561 2466 τύχῃ
1580 2416 1714 2459 βαλών
1734 2430 1794 2460 τις
1815 2423 1973 2469 ψηφῖδι,
2003 2418 2100 2456 κατὰ

1152 2481 1276 2518 ταύτὰ
1314 2476 1430 2525 οὗτός
1469 2494 1511 2519 τε
1543 2481 1672 2530 ἤχησε
1707 2481 1772 2520 καὶ
1810 2481 1954 2532 κιθάρα
1991 2497 2100 2532 κρου-

1152 2545 1300 2581 ὅθεῐὸα.
