2310 2860
224 183 313 226 558
799 178 997 221 Martiani
1026 176 1225 234 Capellae
1254 177 1326 218 lib.
1352 176 1428 218 IV.
1462 180 1491 230 ᾗ.
1515 178 1618 219 580.

227 300 267 331 et
303 286 503 338 calefieri,
550 285 802 342 refrigerari.
870 284 1040 328 Habent
1079 283 1206 326 etiam
1245 286 1377 341 magis
1417 293 1457 326 et
1497 284 1661 336 minus,
1710 294 1756 326 ut
1787 287 1917 342 magis
1963 297 2002 329 et
2035 287 2178 330 minus

227 385 374 423 urere3
412 369 545 425 magis
575 377 616 410 et
645 369 788 410 minus
817 366 898 408 uri.

1008 497 1156 550 QUID
1202 497 1382 539 SITUS.

108 615 195 657 581
394 609 505 650 Situs
537 607 673 649 omnis
700 606 1014 649 denominative
1042 604 1216 656 dicitur,
1247 613 1294 645 ut
1317 603 1463 645 sedere
1489 619 1512 645 a
1534 605 1737 656 sessione,
1766 614 1876 646 stare
1910 604 1962 646 ab
1993 604 2180 648 station&

225 690 279 732 Et
317 689 516 746 quamvis
558 703 872 744 nonnunquam
915 687 1092 729 nomina
1132 683 1350 737 deficiant,
1404 699 1460 726 ex
1500 685 1658 741 quibus
1703 686 1806 727 situs
1853 685 2179 739 denominatur,

226 771 337 813 latio
368 781 511 813 tamen
541 785 625 812 non
657 769 808 815 deficit.
856 776 861 782 '

394 941 472 982 DE
513 940 748 992 TRIBUS,
799 938 960 991 QUAE
990 938 1285 990 RESTANT,
1323 938 1385 980 ID
1423 937 1555 990 EST,
1605 937 1881 990 QUANDO,
1923 937 2045 988 UBI,

1017 1019 1097 1062 ET
1141 1020 1388 1062 HABERE.

108 1133 196 1174 582
396 1127 463 1168 De
503 1128 582 1169 illis
613 1128 768 1178 tribus,
817 1141 930 1183 quae
973 1134 1149 1176 restant,
1196 1125 1438 1180 supradicta
1470 1126 1668 1182 exempla
1711 1126 1936 1168 sufficiunt.
1999 1124 2182 1176 Quando

231 1208 345 1250 enim
378 1209 572 1261 dicimus,
604 1219 651 1251 ut
675 1210 790 1260 heri,
823 1223 934 1260 cras3
967 1208 1056 1258 ubi,
1087 1216 1133 1247 ut
1162 1206 1347 1256 Romae,
1378 1206 1573 1259 Athenis3
1603 1206 1822 1259 habitum,
1856 1216 1904 1248 ut
1934 1207 2184 1259 calceatum,

229 1299 457 1331 armatum.
517 1291 635 1340 Quid
669 1291 828 1332 horum
858 1289 1032 1344 recipiat
1061 1287 1195 1342 magis
1231 1295 1272 1328 et
1299 1287 1464 1340 minus,
1504 1303 1643 1345 quum
1673 1289 1716 1330 in
1750 1303 1949 1330 sermone
1980 1288 2185 1340 inciderit,

226 1369 351 1411 facile
386 1380 572 1426 apparet.

107 1450 194 1493 585
397 1450 507 1490 Istae
539 1459 638 1491 sunt
669 1449 818 1490 decem
849 1449 1202 1505 praedicationes,
1235 1466 1286 1492 ex
1314 1450 1472 1506 quibus
1499 1451 1660 1507 aliquid
1685 1453 1918 1494 necessario
1943 1451 2183 1508 singulatim

228 1528 519 1572 enunciamus.
554 1531 668 1570 Nam
692 1529 904 1585 quidquid
935 1530 1108 1570 omnino
1129 1529 1366 1570 dixerimus
1395 1528 1511 1582 quod
1543 1527 1704 1582 aliquid
1735 1527 1957 1583 significet,
1990 1527 2184 1569 nondum

228 1619 371 1651 tamen
416 1601 594 1664 intelligi
632 1610 781 1665 possit,
829 1624 881 1650 an
924 1625 1102 1660 verum,
1147 1623 1198 1649 an
1244 1608 1400 1648 salsum
1445 1608 1518 1656 sit,
1565 1621 1702 1647 unum
1747 1616 1806 1647 est
1840 1607 1892 1648 de
1922 1606 1987 1647 his
2022 1605 2184 1658 decem,

231 1692 414 1746 exceptis
443 1691 651 1732 duntaxat
692 1691 770 1730 illis
801 1690 1036 1732 verborum
1068 1688 1390 1746 quodammodo
1427 1687 1631 1739 articulis3
1689 1697 1787 1728 sunt
1827 1688 1941 1729 enim
1978 1687 2185 1743 pleraque

231 1784 254 1811 a
284 1770 568 1825 grammaticis
590 1770 631 1810 in
659 1770 855 1811 orationis
885 1771 1076 1826 partibus
1102 1770 1346 1820 enunciata,
1379 1782 1491 1823 quae
1522 1769 1695 1809 omnino
1726 1784 1802 1824 per
1828 1784 1871 1810 se
1908 1769 2013 1810 nihil
2044 1768 2187 1810 valent

232 1860 304 1891 aut
341 1851 501 1906 aliquid
548 1850 778 1906 significant
821 1851 1020 1907 plenum,
1063 1850 1144 1891 nisi
1184 1863 1323 1904 quum
1365 1848 1523 1890 fuerint
1553 1849 1694 1890 verbis
1727 1849 1948 1903 adjuncta,
2000 1859 2048 1892 ut
2085 1864 2186 1891 con-

231 1933 486 1987 junctiones,
525 1942 563 1973 et
594 1932 941 1988 praepositiones,
987 1941 1027 1974 et
1057 1929 1269 1988 quidquid
1299 1929 1381 1972 tale
1411 1928 1472 1970 illi
1502 1928 1663 1971 docent.

992 2088 1071 2130 DE
1111 2086 1420 2129 OPPOSITIS.

114 2191 203 2233 584
403 2180 547 2221 Restat
577 2190 622 2221 ut
651 2181 702 2222 de
734 2182 933 2238 oppositis
966 2181 1173 2222 dicamus.
1232 2181 1338 2220 Sunt
1369 2188 1511 2220 autem
1550 2178 1761 2234 opposita,
1802 2191 1914 2232 quae
1944 2175 2023 2217 sibi
2055 2176 2186 2218 veluti

308 2299 465 2345 articulis]
493 2301 530 2333 In
552 2306 678 2345 promtu
699 2302 780 2334 foret
799 2304 980 2345 conjectura
1002 2303 1185 2346 particulis,
1235 2306 1268 2332 et
1300 2299 1487 2343 pronomina
1515 2305 1548 2331 et
1577 2298 1743 2343 partieipia
1775 2304 1807 2329 et
1827 2297 2070 2341 conjunctiones
2099 2303 2133 2331 et
2153 2298 2187 2330 id

237 2364 293 2397 sed
316 2366 421 2397 addita
439 2378 501 2397 vox
519 2367 746 2413 quodammodo
771 2367 924 2408 significat
946 2367 1078 2408 figurate
1100 2367 1184 2399 Mar·
1236 2376 1337 2406 genus
1360 2363 1432 2403 alia,
1461 2375 1542 2406 quae
1569 2362 1762 2404 grammatici
1779 2368 1963 2402 numerant,
1994 2374 2061 2394 non
2086 2361 2187 2403 magis

237 2427 356 2458 tiannlu
384 2427 488 2472 loqui,
523 2440 626 2470 neque
650 2428 755 2471 inepta
781 2434 830 2459 est
856 2431 1055 2473 metaphora,
1087 2440 1186 2473 quum
1235 2430 1342 2470 partes
1378 2424 1530 2456 orationis
1563 2436 1651 2464 csse,
1691 2436 1785 2467 quam
1814 2424 1942 2456 navium
1972 2423 2126 2468 aplustria
2155 2429 2187 2455 et

237 2491 460 2534 particularum
479 2503 538 2534 ope
559 2492 685 2533 singula
710 2492 861 2522 orationis
886 2493 1025 2524 membra
1048 2493 1130 2524 inter
1151 2503 1185 2523 se
1236 2489 1398 2521 hominum
1429 2487 1529 2532 pilos,
1567 2493 1621 2518 aut
1661 2493 1745 2519 certe
1781 2487 1816 2519 iu
1854 2487 2002 2519 universa
2036 2496 2187 2530 compage

238 2553 472 2585 committantur
495 2559 527 2585 et
553 2555 750 2585 cohaereant.
777 2550 1186 2598 Ceterum'conserAppu-
1238 2551 1389 2583 orationis
1418 2550 1487 2583 vice
1515 2549 1677 2583 clavorum
1701 2555 1733 2583 et
1765 2549 1845 2594 picis
1874 2555 1906 2582 et
1932 2549 2062 2592 glutinis
2088 2548 2186 2593 depuv

238 2614 334 2656 lejuni
358 2615 411 2658 (de
440 2615 544 2659 dogm.
566 2615 648 2647 Piat.
665 2615 688 2648 l.
711 2618 733 2652 5
759 2615 856 2660 iuit.):
882 2615 1060 2649 »Adverbia
1083 2622 1188 2648 autem
1239 2614 1359 2645 tanda.-
