2310 2860
185 146 273 188 688
732 143 931 183 Martiani
964 141 1164 197 Capellae
1193 141 1267 181 lib.
1296 141 1414 181 VIII.
1444 142 1476 191 ᾗ.
1504 142 1604 182 886.

836 273 915 314 DE
960 271 1185 313 STELLA
1226 270 1499 312 SATURNI.

355 366 590 408 Phaenonis
636 374 801 416 autem,
850 365 934 405 hoc
981 374 1040 405 est
1084 365 1254 405 Saturni
1302 362 1532 419 praealtius
1577 360 1778 403 omnibus
1825 361 1939 403 sidus
1979 362 2147 403 modico

188 450 330 491 minus
357 447 474 487 annis
497 446 663 501 triginta
686 446 893 486 circulum
921 459 1046 485 suum
1073 459 1149 500 per
1180 443 1486 499 longitudinem
1515 443 1834 493 circumcurrit,
1865 443 1907 482 in
1931 442 2150 484 latitudine

185 544 288 571 vero
326 528 459 568 tribus
499 537 663 568 tantum
706 537 778 567 aut
818 527 942 567 etiam
976 525 1144 566 duabus
1186 525 1377 581 partibus
1418 533 1690 580 pervagatur.
1749 523 1939 565 Altitudo
1974 522 2148 577 quidem

184 608 275 662 ejus
315 608 461 648 circuli
502 608 544 648 in
585 608 826 663 Scorpionis
870 608 986 662 signo
1018 604 1275 661 grandescit,
1320 619 1474 646 verum
1515 605 1623 646 absis
1658 604 1788 660 ipsius
1819 604 1861 644 in
1894 604 2050 644 Librae
2081 603 2147 644 vi-

182 689 338 729 cesima
379 689 582 744 portione.
640 690 772 730 Ortus
803 699 889 730 tam
923 689 961 729 ei
992 702 1125 742 quain
1163 686 1333 727 duabus
1364 686 1638 727 inferioribus
1669 695 1767 726 sunt
1792 685 1970 734 similes,
2011 696 2150 737 quum

182 769 293 809 ultra
326 779 464 823 partes
492 769 718 810 duodecim
753 784 822 809 eas
850 768 1046 809 matutini
1072 768 1215 809 radius
1251 782 1335 808 non
1369 769 1644 823 praecesserit
1677 768 1803 820 Solis3
1859 776 1959 807 tunc
1991 765 2150 820 quippe

181 849 442 890 matutinum
488 859 631 890 ortum
684 849 823 890 facere
867 850 1168 904 perhibentur3
1228 863 1428 889 occasum
1461 858 1604 890 autem
1646 854 1794 903 {quum
1835 847 1931 888 Solo
1965 846 2151 887 dimerso

180 940 370 972 remotae
414 939 472 970 tot
510 929 699 984 partibus
738 938 934 984 poterunt
978 944 1199 984 apparere.
1260 929 1335 968 Est
1379 939 1419 969 et
1459 929 1565 970 alius
1606 939 1744 981 ortus,
1801 932 1876 986 qui
1922 929 2150 980 ἀκρόνυχος

183 1009 457 1065 perhibetur,
500 1023 637 1062 quum
671 1009 767 1048 Sole
804 1009 910 1050 intra
943 1010 1210 1050 horizontem
1244 1009 1518 1064 demergente
1549 1009 1602 1051 de
1633 1011 1804 1052 orientis
1841 1010 1946 1051 facie
1983 1010 2151 1051 clarum

182 1091 376 1147 planetae
399 1091 604 1131 nascentis
636 1090 751 1131 sidus
782 1092 971 1146 emergit.
1032 1090 1345 1133 Occultationes
1377 1106 1480 1132 vero
1511 1106 1663 1150 eorum
1696 1091 1823 1142 fiunt,
1860 1106 1999 1146 quum
2032 1090 2150 1132 radio

184 1172 292 1212 Solis
319 1180 603 1224 consequente
627 1172 788 1226 proprii
812 1172 986 1212 luminis
1004 1172 1220 1213 vibratum
1247 1172 1458 1211 amittunt.
1490 1172 1691 1226 Denique
1717 1185 1740 1212 a
1763 1172 1954 1226 partibus
1978 1179 2150 1211 centum

183 1251 330 1305 viginti
362 1251 588 1290 matutinas
627 1250 821 1290 stationes
854 1249 1061 1300 efficiunt,
1118 1264 1312 1304 moxque
1343 1250 1383 1290 in
1416 1251 1626 1290 contrario
1668 1251 1710 1290 in
1743 1259 1911 1290 centum
1945 1250 2152 1303 octoginta

184 1330 375 1385 partibus
417 1339 588 1370 exortus
627 1330 788 1370 faciunt
827 1331 1111 1385 vespertinos3
1157 1330 1347 1384 itemque
1380 1330 1421 1370 in
1456 1330 1535 1370 alio
1566 1330 1698 1370 latere
1728 1329 1771 1369 in
1803 1339 1973 1369 centum
2008 1329 2152 1384 viginti

183 1410 375 1464 partibus
412 1410 641 1450 vicinantes
681 1410 876 1450 stationes
916 1410 1078 1450 faciunt
1119 1410 1401 1464 vespertinas,
1445 1424 1551 1464 quas
1593 1410 1719 1450 etiam
1750 1409 1957 1450 secundas
1988 1409 2149 1461 dicunt,

184 1490 259 1544 qui
290 1490 529 1544 superiores
562 1491 721 1545 primas
753 1506 841 1531 esse
880 1491 1102 1541 dixerunt,
1150 1499 1399 1530 consecutus
1431 1500 1574 1531 autem
1606 1490 1752 1531 radius
1782 1491 1891 1531 intra
1921 1489 2151 1532 duodecim

181 1578 323 1624 partes
362 1583 429 1610 eas
469 1570 672 1625 opprimit
714 1580 753 1611 et
792 1572 986 1615 occultat.
1047 1571 1128 1613 Sed
1172 1587 1321 1614 cursus
1360 1572 1622 1614 diversitates
1656 1571 1972 1627 altitudinisque
2003 1586 2151 1614 causas

183 1650 432 1691 consistendi
454 1650 879 1705 retrogradiendique
897 1662 1026 1707 atque
1045 1652 1266 1693 incedendi
1286 1653 1486 1693 omnihus
1506 1652 1757 1707 supradictis
1782 1653 1982 1708 importat
2004 1652 2149 1694 radius

183 1731 290 1770 Solis
332 1729 561 1784 affulgens,
623 1729 699 1783 qui
746 1744 813 1769 eas
854 1732 1093 1785 percutiens
1134 1742 1207 1773 aut
1251 1733 1293 1773 in
1334 1733 1519 1773 sublime
1561 1733 1665 1773 tollit
1699 1742 1772 1773 aut
1807 1733 1850 1774 in
1880 1733 2148 1789 profundum

183 1811 383 1866 deprimit
415 1820 487 1851 aut
516 1811 558 1850 in
590 1811 856 1851 latitudinem
890 1811 1104 1854 declinare
1136 1822 1210 1853 aut
1248 1812 1543 1868 retrogradare
1581 1813 1692 1854 facit.

184 1919 372 1951 auctoritate
402 1919 573 1951 destitutus
599 1919 676 1951 nihil
701 1926 822 1951 mutare
848 1933 944 1952 ausus
972 1933 1054 1954 sum.
1089 1921 1140 1952 De
1191 1921 1352 1953 radiorum
1381 1922 1451 1964 ejus
1487 1928 1636 1955 contactu
1663 1929 1833 1966 teguntur,
1870 1929 1902 1956 et
1931 1924 1965 1957 in
1992 1925 2148 1970 triquetro

183 1992 218 2012 re
246 1981 317 2012 vide
340 1981 560 2011 Ptolemaeum
584 1982 662 2024 (ll,
688 1983 705 2012 1
734 1983 845 2025 sequ.).

260 2054 357 2088 quum
377 2040 474 2086 ule-a]
504 2042 559 2073 Sic
577 2042 689 2085 scripsi
705 2054 763 2086 pro
783 2055 853 2073 eum
874 2045 959 2075 ultra
974 2056 1014 2075 ex
1030 2045 1139 2077 codice

182 2105 448 2144 Darnistattcusi,
486 2117 590 2148 neque
624 2105 716 2136 aliter
748 2106 852 2137 locum
886 2114 1028 2139 nostrum
1063 2109 1138 2140 citat

182 2168 371 2199 narduinus
406 2168 458 2210 (ad
485 2168 571 2200 Plin.
594 2168 665 2199 hist.
696 2181 725 2199 n.
748 2170 787 2209 ΕΞ,
826 2170 899 2213 12),
935 2172 1019 2202 unde
1043 2173 1138 2203 etiam

182 2232 279 2276 paulo
306 2231 438 2262 iuferius
463 2231 568 2274 recepi
596 2243 650 2262 eas
670 2244 728 2274 pro
757 2232 862 2276 inepta
886 2234 1024 2267 lectione
1048 2237 1140 2276 Eois,

183 2305 265 2338 quae
290 2293 373 2336 apud
395 2293 543 2324 Grotium
565 2293 719 2324 exstabat.

259 2356 454 2385 malannum
482 2352 605 2398 ortum]
633 2353 774 2385 Plinius:
805 2355 1004 2389 »Em-antium
1033 2365 1137 2391 autem

184 2421 264 2455 tres,
295 2428 374 2459 quas
396 2427 491 2459 supra
515 2414 626 2447 Solem
651 2415 788 2446 diximus
815 2416 907 2457 situs,
938 2420 1138 2452 occultantur

184 2485 326 2510 meantes
350 2491 420 2510 cum
440 2491 490 2512 eo.
516 2479 717 2510 Exoriuntnr
738 2490 813 2509 vcro
834 2482 1005 2523 matutino,
1036 2485 1136 2516 disre-

185 2540 296 2572 dentes
320 2540 463 2583 partibns
495 2552 658 2584 nunquam
684 2539 818 2584 amplius
846 2543 997 2580 undeni-st,
1024 2552 1137 2590 postea

1194 1997 1211 2016 a
1238 1985 1382 2028 partibus
1419 1990 1546 2017 centum
1577 1985 1688 2027 viginti
1723 1986 1877 2017 stationes
1906 1988 2078 2021 matutinas
2102 1989 2147 2021 fa·

1192 2047 1295 2087 ciunt,
1333 2059 1414 2090 quae
1447 2052 1480 2078 et
1512 2047 1632 2090 primae
1661 2053 1833 2086 vocantur3
1860 2060 1935 2080 mox
1955 2049 1989 2080 in
2013 2049 2147 2082 adverso

1190 2121 1208 2140 a
1243 2109 1387 2153 partibus
1419 2114 1546 2140 centum
1577 2109 1739 2150 octoginta
1768 2116 1898 2141 exortus
1929 2111 2147 2158 vespertinos3

1191 2172 1371 2215 iterumque
1403 2171 1436 2203 in
1469 2177 1597 2204 centum
1619 2172 1732 2214 viginti
1752 2174 1791 2205 ab
1814 2173 1877 2205 alio
1905 2173 2005 2205 latere
2032 2187 2145 2220 appro-

1191 2237 1385 2281 pinquantes
1409 2236 1563 2268 stationes
1583 2236 1797 2279 vespertinas,
1821 2248 1900 2280 quas
1916 2239 2073 2270 secundas
2090 2251 2144 2274 vo-

1191 2304 1281 2338 eant,
1313 2297 1415 2328 donee
1443 2303 1610 2329 assecutus
1637 2297 1670 2328 in
1692 2297 1834 2340 partibus
1857 2298 2013 2331 duodenis
2040 2302 2145 2336 occul-

1190 2365 1236 2392 tet
1265 2359 1353 2398 illas,
1387 2359 1441 2402 qni
1469 2358 1641 2402 vespertini
1662 2370 1793 2390 occasus
1815 2361 2050 2404 perhibe-ntum«

1263 2418 1501 2468 ἀκρόνυχος]
1530 2420 1586 2453 Sic
1610 2421 1830 2463 corrigendum
1855 2431 1922 2457 erat
1945 2438 1962 2458 e
1988 2427 2144 2470 superiori

1188 2485 1260 2517 loeo
1291 2483 1338 2527 (ς’.
1362 2484 1471 2526 880)3
1497 2482 1594 2524 vulgo
1625 2483 1731 2527 inepte
1761 2481 1965 2531 χρόνικος,
1995 2489 2050 2521 uhi
2075 2489 2142 2532 jam

1188 2553 1338 2580 accentus
1361 2556 1529 2591 perperam
1552 2544 1678 2591 positus
1701 2546 1809 2579 vitium
1834 2548 1984 2593 prodidit.

922 2627 1345 2651 W
1362 2638 1408 2642 «κ.
