2310 2860
635 177 836 221 Martiani
876 176 1076 235 Capellae
1113 176 1185 220 lib.
1211 176 1264 219 II.
1302 179 1335 231 §.
1364 176 1462 221 160.

93 284 384 341 Amphiaraus
416 284 683 341 Mopsusque
713 285 927 328 celebrati.

1972 181 2060 224 215

994 287 1031 326 Α
1061 285 1287 327 medietate
1321 298 1425 327 vero
1461 285 1567 325 aeris
1601 299 1736 341 usque
1767 287 1809 329 in
1845 287 2057 329 montium

92 378 317 422 terraeque
362 366 542 408 confinia
587 367 803 409 Hemithei
838 368 1090 423 Heroesque
1134 375 1383 418 versantur,
1439 366 1516 422 qui
1561 382 1613 408 ex
1657 383 1705 409 eo
1741 367 1860 424 quod
1895 369 2057 411 Hei-am

91 460 246 492 terram
291 458 452 490 veteres
486 449 713 501 dixerunt,
758 449 918 490 Heroes
959 450 1207 506 nuncupati.

162 605 401 652 Amphiaraus]
444 606 595 639 Confer-ri
632 610 770 651 possunt
807 604 847 637 de
884 605 946 637 boe
979 611 1051 638 vate

89 671 312 715 Apollodorus
328 672 380 715 (5,
407 672 447 711 6,
472 670 526 715 2),
553 670 731 703 Pausanias
748 669 801 714 (1,
829 669 911 713 54),
932 668 1050 702 Cicero

85 734 140 777 (Ν.
169 736 211 770 D.
231 736 265 769 2.
290 737 331 771 5,
362 736 402 767 de
425 734 488 769 div.
518 735 551 775 1,
572 735 637 775 40,
665 734 704 765 dc
727 733 791 776 leg.
811 734 846 774 2,
873 733 943 777 15),
967 733 1049 764 Pro-

87 798 210 843 pertius
238 799 287 843 (2,
304 799 363 839 25,
386 798 460 842 59),
488 797 612 831 Statius
638 798 755 843 (Theb.
778 799 815 838 1,
843 799 917 830 599
938 797 1047 842 ibique

87 860 231 905 Bai-th),
258 861 407 904 Hyginus
436 860 512 904 (fab.
538 860 607 891 128
636 872 671 904 p.
693 860 764 892 195
787 859 950 903 Munck.),
977 858 1047 904 Ap-

84 924 212 968 pulejus
236 925 288 969 (de
317 924 377 955 deo
405 924 499 958 Socr.
529 936 560 967 p.
593 924 664 956 154
689 922 813 967 oud),
845 928 877 955 ct
904 924 943 955 de
976 924 1045 965 ejus

83 987 212 1018 oraculo
245 986 405 1030 quondam
438 985 608 1017 admodum
637 985 754 1017 celebri
790 984 909 1017 Strabo
941 985 993 1026 (9.
1013 998 1044 1030 p.

82 1051 167 1081 599.
193 1051 277 1082 404.
310 1051 366 1081 16.
393 1061 426 1093 p.
451 1050 523 1080 762
548 1048 706 1092 casaub.)
739 1055 771 1080 ct
799 1049 950 1081 Valerius
975 1050 1044 1081 Ma·

83 1112 187 1143 ximus
212 1112 265 1155 (8,
293 1112 347 1143 13.
373 1116 438 1144 ext.
463 1110 509 1152 5).
537 1111 671 1153 lilopsus
697 1110 886 1154 plerumque
912 1123 983 1142 cum
1005 1123 1043 1143 eo

81 1173 286 1215 conjungitur
311 1172 411 1216 (Stat.
438 1172 538 1203 Theb.
562 1173 594 1204 5.
621 1172 723 1215 521),
756 1172 833 1203 licet
860 1172 956 1214 longe
983 1172 1043 1204 alia

83 1235 114 1267 in
147 1235 277 1276 regione
314 1235 384 1276 ejus
422 1234 585 1266 oraculum
616 1239 801 1266 cerneretur
832 1234 962 1279 (Strab.
986 1236 1042 1276 14,

82 1312 112 1343 p.
138 1299 211 1330 668
236 1298 377 1330 Casaub.
401 1298 488 1328 Plut.
513 1297 552 1328 de
576 1297 636 1329 def.
660 1298 779 1330 oracul.
799 1310 831 1342 p.
848 1298 946 1341 454).

155 1359 357 1408 Heroesque]
383 1361 464 1392 Fere
481 1360 594 1391 eodem
610 1361 705 1391 modo
726 1359 929 1402 Augustinus
948 1361 1043 1406 (7.6)

87 1425 189 1457 »inter
216 1425 328 1457 Lunae
356 1436 485 1468 gyrum«
514 1423 558 1455 ait
587 1428 638 1455 »et
660 1423 841 1455 nimborum
871 1430 903 1455 et
930 1429 1041 1456 vento-

80 1501 150 1521 rum
165 1488 328 1521 eacumina
348 1489 450 1520 aerias
467 1500 538 1519 esse
559 1487 695 1527 animas,
715 1487 772 1519 sed
788 1500 841 1518 eas
857 1488 961 1519 animo
977 1500 1043 1520 non

80 1552 183 1585 oculis
207 1552 308 1584 videri
332 1557 364 1583 et
386 1551 493 1583 vocari
509 1552 638 1583 Heroas
658 1557 691 1582 et
710 1552 813 1582 Lares
833 1556 864 1582 ct
885 1552 1032 1583 Genios.‹1

78 1615 154 1646 Pari
183 1613 372 1647 confusione
407 1613 502 1645 etiam
530 1613 635 1645 varro
669 1612 754 1657 apud
783 1611 964 1644 Arnobium
992 1614 1039 1656 (5,

77 1691 107 1722 p.
131 1676 215 1720 124)
240 1676 402 1708 haesitans
427 1687 531 1708 »nune
554 1676 658 1707 aerios
677 1675 766 1715 deos,
790 1687 876 1706 nunc
898 1676 1040 1714 Heroas,

78 1751 163 1771 nune
184 1738 386 1783 antiquorum
415 1737 605 1769 sententiam
633 1748 772 1781 sequens
799 1737 902 1769 Lares
930 1737 1037 1780 appel-

76 1801 137 1843 lat,
175 1800 267 1845 quasi
300 1801 455 1844 quosdam
487 1800 608 1831 Genios
639 1804 671 1831 et
701 1804 885 1830 sanctorum
917 1798 1037 1831 animas

79 1868 304 1895 mortuorum.«
339 1863 415 1905 Quo
435 1874 533 1893 sensu
550 1861 645 1893 etiam
662 1861 717 1892 ille
739 1861 823 1905 apud
844 1860 1037 1904 Dionysium

77 1927 397 1959 Halicarnassensem
425 1927 478 1970 (4,
515 1938 546 1970 Ρ.
569 1926 642 1957 207
675 1924 780 1969 Sylb.)
804 1923 887 1958 κατ’
910 1923 1037 1959 οἰκίαν

76 1986 182 2037 ἥρως
200 1988 428 2031 intelligendus
448 1999 519 2019 esse
538 1987 673 2020 videtur.
698 1986 819 2018 Noster
840 1992 945 2018 tamen
970 1986 1034 2018 Ge-

75 2051 145 2084 nios
174 2057 206 2083 et
238 2051 366 2083 Heroes
405 2050 438 2082 in
473 2049 675 2091 assignandis
709 2048 839 2080 sedibus
872 2048 1033 2089 distinxit,

77 2115 219 2149 Graecos
242 2120 388 2155 secutus,
419 2114 474 2158 qui
499 2113 643 2145 Eusebio
667 2118 749 2144 teste
777 2112 900 2157 (praep.
922 2125 1034 2154 evang.

74 2178 114 2218 4,
133 2180 174 2222 5,
199 2180 239 2219 5,
264 2191 295 2222 p.
315 2177 400 2221 141)
419 2176 628 2208 daemonibus
650 2175 756 2207 locum
775 2175 913 2216 tertium,
939 2187 1032 2219 quar·

75 2246 142 2272 tum
172 2241 337 2273 Heroibus
374 2241 596 2283 assignabant,
637 2246 669 2272 ct
703 2241 862 2273 coelestes
893 2241 970 2273 deos
998 2241 1032 2272 in

74 2303 195 2348 primis>
219 2304 333 2336 deinde
352 2306 523 2338 daemones
540 2306 661 2346 bonos,
684 2305 780 2337 tertio
796 2305 868 2337 loco
886 2306 1032 2338 Heroum

74 2366 193 2398 animas
220 2366 367 2398 colebant
393 2367 489 2410 (cons.
515 2367 608 2399 eund.
629 2369 667 2408 5,
693 2368 734 2408 4,
756 2368 798 2407 5,
825 2380 856 2411 p.
876 2368 966 2408 182,
999 2374 1032 2399 et

79 2429 138 2468 15,
174 2428 241 2468 453
283 2440 314 2471 p.
339 2429 422 2460 845.
461 2428 548 2460 ΡΙιιΙ.
583 2429 621 2461 de
658 2429 740 2473 plac.
766 2429 883 2473 philos.
917 2431 954 2470 1,
990 2430 1030 2472 8,

72 2503 101 2535 p.
129 2490 212 2522 882.
239 2489 382 2524 Maeroh.
412 2489 543 2522 Saturn.
571 2491 603 2523 1.
630 2491 702 2534 25).
743 2491 918 2523 Primarius
939 2492 1030 2524 loeus

73 2551 111 2584 de
140 2551 304 2583 Heroilms
333 2556 382 2582 est
406 2551 491 2595 apud
515 2551 696 2584 Hesiodum
719 2553 762 2597 (ε’.
783 2566 816 2587 κ.
835 2549 872 2599 ἦ.
904 2553 1001 2597 161);

117 2610 282 2660 Ἀνδρῶν
303 2608 447 2660 ἡρώων
473 2613 588 2649 θεῖον
607 2611 737 2660 γένος,
761 2614 799 2650 οἳ
821 2612 1029 2650 καλέονται

1274 449 1429 505 Ibique
1463 449 1632 501 Manes,
1686 449 1726 493 id
1760 460 1839 502 est,
1889 453 2056 507 corpori

1151 602 1331 651 ‘Hm'sseoa
1378 603 1548 653 προτέρῃ
1593 607 1703 653 γενεῇ
1744 608 1826 642 κατ’
1867 604 2056 656 ἀπείρονα

1504 673 1632 713 γαῖαν.

1102 732 1196 764 Unde
1216 731 1365 765 Catullus
1393 731 1534 776 (epithal.
1557 732 1627 764 Pel.
1652 738 1684 764 et
1707 733 1800 765 Thet.
1821 745 1849 766 v.
1873 734 1951 779 25)=

1151 797 1182 828 0
1207 798 1302 827 m‘nu‘s
1327 801 1433 840 optato
1455 797 1613 828 seclorum
1641 803 1779 840 tempore
1808 799 1878 831 nati

1148 860 1292 899 IIeroes,
1324 861 1466 900 salvete,
1496 860 1602 892 Deam
1622 862 1746 905 gemas!
1761 875 1772 889 n
1800 880 1844 887 —
1862 880 1909 887 —

1099 923 1194 966 (conf.
1216 930 1247 955 et
1268 936 1296 955 v.
1317 923 1400 956 doct.
1419 924 1459 956 ad
1479 924 1590 958 Valer.
1607 924 1713 958 Flaec.
1731 938 1762 970 p.
1779 925 1825 969 4).
1854 925 2057 968 Quamquam

1097 990 1131 1017 et
1149 985 1224 1017 mali
1244 986 1373 1017 IIeroes
1393 985 1604 1027 fingebantur,
1627 987 1792 1018 nocturnis
1814 986 2055 1019 occursionibus

1098 1049 1271 1092 perniciosi
1298 1048 1477 1093 (Aristoph.
1501 1049 1564 1081 Av.
1590 1050 1710 1092 1490),
1734 1050 1837 1094 quialis
1856 1056 1922 1082 crat
1945 1050 2054 1093 Lybas

1096 1112 1150 1144 ille
1174 1113 1213 1144 ab
1238 1113 1398 1156 Euthymo
1422 1112 1549 1144 demum
1567 1112 1704 1145 Temesa
1729 1113 1883 1157 expulsus
1901 1113 2054 1156 (Pausan.

1096 1178 1131 1217 6,
1150 1177 1184 1215 6,
1207 1177 1229 1208 5
1248 1181 1279 1207 et
1295 1175 1348 1219 4),
1367 1182 1562 1220 quapropter
1582 1176 1614 1207 in
1633 1188 1730 1208 numo
1748 1176 1905 1208 Hadriani
1919 1176 2055 1220 (Spanb.

1095 1239 1144 1277 Π,
1177 1251 1208 1282 p.
1237 1238 1331 1282 556)
1362 1240 1511 1271 consulto
1557 1240 1699 1271 additur:
1727 1236 1918 1280 Ἀντίνοος
1949 1236 2056 1286 ἥρως

1096 1296 1262 1346 ἁγαθός.

1167 1359 1312 1405 Hermu]
1346 1360 1401 1393 Ab
1430 1361 1591 1393 Hebraica
1626 1361 1841 1405 etymologia,
1879 1362 1920 1394 ad
1959 1374 2053 1406 quam

1093 1423 1189 1454 ctiam
1224 1423 1415 1456 Germanica
1447 1430 1549 1455 terrae
1578 1424 1749 1468 appellatio
1778 1436 1881 1469 prope
1920 1426 2053 1458 accedit.

1093 1486 1240 1520 Vama.
1263 1505 1312 1511 -—-
1347 1487 1439 1518 Bene
1470 1486 1542 1519 MS.
1572 1488 1682 1519 Eram.
1709 1487 1848 1520 Veteres
1876 1494 1981 1520 autem
2006 1489 2052 1520 in-

1094 1550 1203 1592 tellige
1231 1550 1384 1583 Graecos.
1423 1550 1492 1582 Illis
1526 1551 1610 1582 enim
1640 1551 1707 1597 ἔρα
1731 1555 1816 1583 terra
1844 1557 1903 1583 est.
1943 1552 2050 1584 Vetus

1092 1618 1199 1644 tamen
1230 1613 1347 1644 Isidori
1380 1613 1586 1655 glossarium:
1619 1613 1725 1654 Hera,
1761 1620 1854 1646 terra.
1871 1614 1974 1647 Gne-r.
2003 1633 2050 1640 -

1092 1674 1226 1706 Grotius
1262 1675 1402 1718 praefert
1433 1675 1557 1715 Eram,
1600 1674 1696 1718 idque
1732 1675 1835 1706 firmat
1867 1676 2049 1708 vossianus

1090 1737 1202 1768 codex.
1223 1735 1348 1768 ΑΒΜ-Ζ.
1371 1736 1481 1781 (misc.
1504 1749 1535 1780 p.
1553 1736 1647 1781 211)
1670 1754 1717 1760 —·—
1752 1736 1892 1768 Codices
1921 1738 2051 1781 quidem

1088 1799 1381 1840 Reiehenauensis‚
1413 1800 1596 1842 Borgianus
1628 1806 1660 1831 et
1693 1805 1776 1832 teste
1808 1799 1921 1833 Cortio
1949 1801 2048 1833 Guel-

1087 1864 1272 1907 ferbytanus
1291 1864 1394 1896 Eram
1412 1862 1548 1904 babent3
1583 1875 1694 1895 verum
1720 1875 1786 1895 non
1814 1862 1854 1895 ab
1885 1864 2048 1897 Hebraico

1087 1935 1166 1971 γπκ,
1190 1930 1226 1956 ut
1248 1923 1428 1957 Vulcanius
1457 1924 1543 1965 vult,
1570 1925 1627 1956 sed
1652 1936 1668 1955 a
1694 1923 1828 1968 Syriaco
1854 1934 1917 1967 pm
1946 1925 2047 1962 Grae-

1086 1999 1158 2019 cam
1172 1987 1239 2033 ἔρα
1254 1985 1485 2018 deducendum.
1507 1985 1626 2018 Suidas
1644 1985 1739 2017 etiam
1755 1986 1797 2030 (p.
1813 1986 1916 2030 849):
1939 1984 2046 2033 ι”Ερα

1085 2046 1109 2095 ἦ
1135 2049 1224 2095 ,ιῆκι
1241 2049 1426 2093 Hesychius
1445 2055 1550 2081 autem
1573 2050 1617 2093 (p.
1637 2050 1747 2092 1648)
1773 2046 1901 2096 »Ἠραα
1925 2050 2046 2091 scribit,

1087 2111 1141 2142 ubi
1167 2116 1290 2142 mutato
1321 2111 1435 2155 spiritu
1464 2110 1554 2143 Juno
1583 2110 1718 2152 intelligi
1748 2111 1885 2155 poterit,
1927 2112 2045 2156 quippe

1084 2187 1166 2218 quae
1189 2187 1249 2220 pro
1275 2180 1362 2207 terra
1387 2174 1549 2206 interdum
1576 2174 1750 2218 accipiatur
1779 2174 1904 2219 (Eurip.
1931 2176 2043 2217 fragm.

1083 2250 1101 2270 e
1126 2237 1229 2270 Sexto
1252 2237 1416 2281 Empirieo
1442 2237 1564 2269 advers.
1587 2239 1734 2269 mathem.
1759 2239 1822 2278 10,
1847 2239 1932 2272 515.
1954 2238 2042 2280 Virg.

1082 2311 1190 2342 georg.
1220 2299 1262 2339 2,
1294 2299 1377 2331 525.
1409 2299 1493 2331 526.
1517 2299 1660 2332 Macrob.
1686 2299 1816 2331 Saturn.
1839 2301 1880 2340 5,
1910 2299 1958 2342 4).
1988 2299 2040 2331 In-

1083 2361 1182 2403 signis
1206 2366 1372 2405 praeterea
1394 2359 1486 2393 locus
1506 2359 1590 2404 apud
1611 2360 1771 2392 Isidorum
1791 2360 1902 2405 (etym.
1924 2361 1958 2399 8,
1981 2358 2038 2397 11,

1082 2427 1140 2458 98.
1168 2437 1198 2469 p.
1221 2425 1294 2457 595
1327 2422 1440 2467 Arev.)
1467 2424 1563 2465 hujus
1591 2429 1642 2455 est
1671 2423 1862 2465 argumenti:
1895 2421 2038 2452 »Heroas

1081 2489 1192 2521 dicunt
1211 2500 1228 2520 a
1245 2488 1377 2520 Junone
1397 2487 1533 2520 traxisse
1549 2499 1683 2528 nomen3
1711 2486 1834 2519 Graece
1850 2484 1933 2515 enim
1946 2483 2036 2516 June

1079 2548 1154 2597 ἤρη
1170 2549 1242 2594 (sic)
1262 2549 1451 2594 appellatur,
1481 2555 1514 2581 et
1536 2549 1610 2581 ideo
1634 2547 1742 2580 neseio
1767 2546 1838 2590 quis
1861 2544 1946 2576 filius
1966 2545 2035 2587 ejus

1079 2614 1254 2648 secundum
1289 2613 1488 2647 Graecorum
1516 2611 1656 2645 fabulam
1689 2607 1795 2655 ἥρως
1827 2607 1887 2640 ruit
1914 2620 2034 2642 nuncu-

2100 293 2185 334 160
