2310 2860
105 348 196 394 569

106 680 193 721 :570

104 838 158 878 :57
166 837 185 878 l

227 162 319 207 484

795 156 996 199 Martiani
1034 155 1233 212 Capellae
1268 154 1341 198 lib.
1363 154 1440 199 VI.
1478 158 1511 209 ᾗ.
1535 157 1634 198 568.

432 268 515 311 Vel
550 267 621 309 tibi
655 264 771 321 quod
802 264 934 320 fulget
962 263 1217 319 rapiturque
1246 264 1483 319 triangulus
1513 263 1640 319 ignis3

426 350 536 391 Hinc
566 348 641 389 tibi
671 347 773 388 dant
806 346 1030 401 clypeum,
1070 346 1272 401 sapientia
1303 345 1421 400 quod
1460 354 1576 400 regat
1605 346 1751 388 orbem
1770 378 1781 397 ,

428 433 511 474 Vel
544 431 714 473 rationis
746 445 871 486 opem
904 427 1022 484 quod
1052 443 1232 484 spumea
1261 427 1423 483 proelia
1453 437 1645 484 poseant,

426 515 558 557 Hasta
589 514 714 554 etiam
747 512 918 553 vibrans
952 508 1212 566 penetrabile
1247 518 1451 550 monstrat
1481 524 1686 560 acumen,

424 592 753 649 Lymphaseum
788 591 922 646 magis
954 600 1013 631 est
1044 599 1083 630 et
1112 597 1279 629 scutum
1313 588 1498 630 circulus
1532 589 1684 642 ambit3

422 673 532 715 Hinc
561 673 648 727 jam
681 672 951 713 vernicomae
982 669 1180 711 frondent
1212 669 1286 710 tibi
1318 684 1500 712 munera
1531 670 1693 721 olivae,

425 755 548 798 Artes
580 769 681 796 cura
714 754 813 810 vigil
845 769 922 810 per
960 763 1000 794 te
1032 751 1149 808 quod
1180 751 1309 792 discat
1340 752 1476 804 olivo3

425 835 636 877 Glaucam
675 834 775 876 dant
805 834 1050 885 volucrem,
1089 830 1206 887 quod
1237 831 1399 872 lumine
1432 830 1629 872 concolor
1657 831 1743 887 igni
1774 840 1854 882 cst,

225 980 353 1013 quoqne
385 966 493 1011 (Ouid.
518 968 599 999 trist.
625 969 665 1007 5,
694 968 734 1008 9,
766 966 802 1010 7)
836 972 868 999 et
895 966 1045 1000 tubarum
1063 971 1177 1010 potens

225 1030 405 1072 (Claudian.
430 1034 508 1073 rapt.
534 1030 629 1062 Pros.
653 1029 693 1069 2,
726 1028 820 1070 141).

298 1093 481 1135 triangulus
507 1090 604 1135 iqnis]
639 1090 709 1131 Igni
740 1090 834 1121 etiam
863 1087 1089 1132 pyramidalem
1114 1087 1177 1118 for-

223 1165 305 1184 mam
322 1153 485 1194 assignant
508 1151 698 1195 philosophi.
710 1150 871 1182 Gnor.—
893 1149 978 1181 Vide
1004 1148 1175 1179 Platonem

220 1217 254 1248 in
278 1215 408 1247 Timaeo
439 1215 484 1258 (p.
502 1216 548 1246 56
574 1213 711 1256 steph).
750 1213 860 1257 Ipsum
890 1211 1082 1253 triangulum
1109 1211 1175 1254 Py-

220 1278 391 1318 thagoreos
419 1276 581 1309 Minervae
611 1274 739 1306 nomine
765 1273 944 1318 appellasse
976 1271 1072 1303 tradit
1096 1271 1173 1303 Plu-

218 1342 347 1373 tarchus
370 1339 422 1383 (de
451 1340 526 1371 Isid.
545 1352 574 1382 p.
593 1340 690 1381 581).

290 1413 420 1444 spumea
445 1398 584 1443 proelia]
612 1399 761 1429 l'nabiosa.
795 1397 932 1428 Rabiem
961 1396 1045 1427 enim
1078 1407 1172 1439 saepe

219 1476 332 1509 spuma
364 1464 522 1507 sequitur:
557 1467 589 1494 et
612 1462 687 1493 talia
718 1466 793 1492 sunt
822 1459 975 1504 Capellae
1014 1459 1168 1504 epitheta!

216 1529 342 1561 Bmm.
359 1528 413 1572 (ad
428 1526 509 1560 Stat.
528 1526 627 1558 Theb.
642 1525 690 1566 II,
705 1538 735 1569 p.
750 1523 906 1567 405).-
921 1523 1018 1556 Certe
1034 1534 1100 1555 non
1122 1534 1171 1555 re-

215 1591 442 1636 prehendisset
464 1590 497 1621 in
519 1589 676 1621 Martiano
706 1589 768 1619 hoc
793 1587 958 1631 epitheton
982 1586 1031 1617 vir
1044 1587 1169 1625 doctus,

215 1653 243 1684 si
267 1652 452 1685 recordatus
474 1650 588 1682 fuisset
603 1649 689 1681 illius
715 1648 800 1692 apud
820 1648 985 1679 Lucanum
1003 1648 1056 1691 (5,
1084 1646 1170 1689 190)

215 1725 343 1745 versus:

273 1776 432 1820 »Spumea
461 1780 538 1806 tunc
559 1774 665 1805 rabies
687 1784 808 1804 vesana
823 1784 881 1816 per·
905 1783 962 1803 ora
984 1772 1111 1814 effluitm

293 1835 398 1880 hasta]
426 1836 562 1868 Vibrare
582 1836 704 1866 hastam
729 1834 906 1875 fingebatur
930 1833 1090 1872 Minerva,
1113 1843 1167 1876 pa-

213 1905 282 1931 rata
303 1898 450 1930 nimirum
476 1908 602 1941 pugnae
624 1907 756 1938 semper.
784 1895 877 1926 Unde
896 1906 965 1926 eam
983 1893 1167 1925 describens

214 1961 269 1992 lib.
292 1960 326 1991 Π
346 1960 384 1990 de
413 1964 505 2002 raptu
527 1959 624 1991 Pros.
650 1956 847 1989 Claudianus
872 1957 1012 1987 »hastam
1034 1954 1168 1986 terribili

214 2035 292 2067 gyro
327 2022 428 2054 nubes
454 2020 714 2054 transscendere«
738 2019 824 2052 dicit.
843 2019 968 2051 BAn‘ru.
1004 2017 1065 2062 (ad
1087 2016 1170 2050 Stat.

211 2086 262 2128 Π,
288 2099 318 2130 p.
334 2085 430 2128 405).

287 2145 501 2193 penetrabile]
543 2145 816 2177 Reiehenauensis
852 2143 954 2176 codex
987 2144 1168 2187 penetrale,

214 2213 369 2253 absurde3
398 2210 602 2255 penetrabilis
624 2208 718 2239 etiam
740 2208 840 2240 active
867 2206 1014 2251 usurpari
1037 2206 1168 2238 Ouden-

215 2274 346 2319 dorpius
377 2272 435 2316 (ad
456 2269 577 2314 Appul.
594 2269 642 2309 II,
671 2282 700 2312 p.
717 2267 809 2311 521)
832 2269 908 2299 satis
932 2267 1169 2299 demonstravit.

215 2336 369 2369 Ceterum
403 2332 515 2364 similis
547 2336 596 2363 cst
626 2330 787 2371 Fulgentii
816 2329 1000 2372 explicatio:
1023 2329 1169 2370 »longam

216 2398 311 2430 etiam
350 2396 473 2426 hastam
510 2392 588 2432 fert,
627 2390 714 2434 quod
752 2391 904 2434 sapientia
939 2391 1034 2434 longe
1070 2391 1168 2422 verbo

216 2459 398 2506 percutiat«

292 2516 519 2565 lymplmseum]
544 2517 618 2550 Hoc
636 2521 686 2548 cst
703 2516 934 2559 crystallinum,
956 2522 991 2548 ut
1011 2517 1113 2561 liquet
1129 2528 1169 2548 ex

218 2581 367 2620 Auarico.
393 2581 447 2627 qui
469 2579 597 2613 omnino
619 2577 729 2612 cadem
747 2576 909 2614 minervae
934 2577 1058 2619 tribuit,
1087 2589 1167 2625 quae

1228 961 1380 1005 Capella3
1407 961 1546 1005 itemque
1567 972 1607 992 cx
1629 961 1799 992 scholiaste
1821 958 2004 993 Germanici
2023 959 2058 992 in
2075 959 2182 992 fabula

1227 1025 1377 1056 Perseos.
1390 1025 1550 1057 GnoT.——
1575 1024 1685 1057 Verba
1708 1024 1923 1067 lymplzaseum
1938 1029 1970 1055 et
1987 1025 2089 1068 mafis
2111 1035 2180 1056 cor-

1226 1088 1384 1131 ruptionis
1409 1099 1473 1118 non
1496 1087 1645 1126 absolvo,
1671 1087 1748 1118 licet
1770 1088 1990 1129 crystallinum
2007 1092 2093 1119 recte
2115 1098 2181 1118 non

1227 1160 1340 1189 negem
1371 1148 1562 1191 explicatum
1597 1160 1614 1178 a
1642 1159 1766 1178 summo
1794 1148 1862 1178 viro
1891 1147 2031 1188 Hugone
2055 1147 2180 1179 Grotio.

1225 1211 1443 1254 Manuseripta
1476 1199 1539 1242 duo
1572 1211 1781 1255 exemplaria,
1825 1223 1905 1254 quac
1943 1210 2179 1251 consuluimus,

1224 1275 1345 1307 nullam
1368 1275 1491 1306 literam
1515 1280 1647 1305 mutant.
1674 1274 1787 1305 Dicam
1809 1274 1909 1305 latere
1932 1273 2052 1317 aliquid
2073 1274 2114 1306 de
2131 1274 2179 1306 iu-

1225 1336 1319 1377 genio
1340 1335 1478 1366 Palladii
1502 1335 1600 1375 scuti,
1621 1335 1708 1377 quod
1735 1335 1869 1366 vitreum
1893 1335 1966 1365 ideo
1990 1335 2179 1377 fingebatur,

1224 1402 1261 1427 ut
1289 1396 1459 1439 transspici
1475 1401 1604 1439 posset,
1629 1407 1694 1427 non
1722 1407 1756 1428 se
1777 1396 1923 1427 hostibus
1940 1402 2051 1429 eontra
2073 1402 2178 1429 osten-

1224 1457 1310 1490 dere.
1338 1458 1595 1490 Commentarius
1613 1457 1796 1490 Germanici
1812 1457 1961 1490 Caesaris
1979 1457 2012 1489 in
2027 1457 2178 1490 Aratum:

1229 1519 1389 1562 „Quidam
1410 1520 1567 1551 Perseum
1593 1530 1611 1550 a
1627 1519 1772 1552 Minerva
1792 1519 1926 1551 missum
1951 1519 2061 1551 dicunt
2083 1525 2116 1552 et
2138 1520 2178 1551 ab

1222 1592 1260 1613 ea
1290 1580 1437 1624 clypeum
1470 1580 1606 1612 vitreum
1634 1580 1812 1624 accepisse,
1844 1592 1904 1625 per
1931 1592 2026 1624 quem
2056 1580 2176 1621 videre,

1220 1654 1280 1673 nec
1301 1640 1401 1673 videri
1423 1653 1441 1672 a
1462 1640 1669 1683 Gorgonibus
1693 1646 1834 1685 possen«
1855 1641 1981 1674 Bam-11.
2009 1640 2063 1685 (ad
2091 1640 2173 1674 Stat.

1219 1702 1268 1743 Π,
1295 1715 1327 1746 p.
1343 1702 1442 1745 405).

1293 1766 1369 1797 hinc
1387 1763 1476 1810 jam]
1511 1764 1632 1798 Scitins
1662 1765 1696 1797 in
1721 1764 1822 1799 MSS.
1847 1765 1939 1797 »hinc
1968 1772 2042 1797 tuae
2071 1765 2174 1797 verni-

1219 1840 1357 1861 eomac.«
1395 1829 1539 1860 Minerva
1566 1829 1651 1860 enim
1670 1829 1829 1861 inventrix
1854 1829 1944 1861 oleae
1969 1828 2022 1861 vel
2039 1828 2174 1862 Marone

1219 1895 1428 1922 contestante.
1459 1891 1688 1930 Vernicomae,
1718 1891 1805 1934 quod
1830 1901 1957 1935 semper
1976 1902 2109 1924 vernare
2128 1890 2173 1922 vi-

1219 1953 1340 1984 deatur.
1374 1952 1412 1984 ln
1438 1952 1539 1985 altero
1565 1953 1697 1984 meliore
1721 1953 1803 1985 libro
1828 1953 1943 1985 deinde
1968 1953 2087 1995 legitur
2105 1959 2173 1986 »tu-

1219 2027 1281 2058 que
1295 2014 1407 2055 hujus«
1428 2014 1509 2056 ignis
1527 2014 1791 2046 scilicetlhmrn.
1805 2014 1858 2058 (ad
1876 2014 1960 2047 Stat.
1974 2014 2018 2055 Π,
2034 2027 2066 2059 p.
2074 2014 2172 2055 404).

1220 2093 1269 2099 -—
1293 2076 1360 2107 Pro
1385 2076 1457 2119 jam
1487 2081 1520 2107 et
1549 2075 1684 2107 Grotius
1715 2075 1748 2107 in
1771 2076 1911 2117 margine
1940 2075 2033 2107 aliam
2059 2074 2170 2107 lectio-

1218 2151 1292 2171 nem
1318 2138 1440 2170 notavit
1465 2150 1559 2179 nam5
1585 2139 1643 2170 sed
1668 2138 1810 2170 mutandi
1832 2149 1959 2169 causam
1979 2148 2046 2168 non
2067 2136 2170 2170 video.

1294 2200 1388 2246 oliuo]
1415 2201 1454 2233 Id
1471 2207 1521 2233 est
1536 2203 1688 2240 lucernis,
1706 2201 1895 2244 quibuscum
1915 2211 2041 2244 semper
2057 2201 2170 2233 artium

1219 2262 1324 2296 studia
1340 2262 1517 2294 Martianus
1536 2261 1709 2303 conjungit.
1736 2260 1820 2292 Vide
1841 2272 1937 2304 snpra
1952 2261 2006 2305 (ad
2023 2260 2052 2305 §.
2073 2261 2120 2305 2),

1291 2322 1456 2368 qlaucam]
1488 2323 1527 2355 Id
1550 2327 1600 2354 est
1625 2328 1787 2361 noctuam,
1811 2321 1981 2367 γλαῦκα,
2005 2334 2100 2366 quam
2122 2328 2168 2356 ta-

1218 2397 1292 2418 men
1317 2384 1434 2416 Latino
1463 2394 1609 2415 sermone
1636 2382 1675 2414 ad
1701 2383 1834 2426 primam
1857 2383 2103 2417 declinationem
2118 2395 2169 2417 re·

1218 2446 1307 2487 tulit,
1337 2451 1372 2477 ut
1409 2456 1506 2489 supra
1537 2443 1584 2488 (ξ’.
1605 2443 1673 2487 51)
1703 2445 1858 2488 bupedam
1890 2444 1971 2477 dixit
1994 2456 2054 2490 pro
2079 2441 2166 2485 βού-

1218 2511 1348 2546 παιὸα.
1387 2509 1466 2542 Mox
1497 2518 1557 2552 pro
1594 2508 1663 2551 iqui
1695 2519 1749 2546 es,
1777 2507 1864 2551 quod
1894 2507 1928 2540 in
1961 2508 2056 2540 editis
2083 2513 2166 2549 erat,

1219 2573 1332 2621 scripsi
1350 2578 1398 2607 est
1420 2583 1438 2605 c
1462 2570 1601 2616 margine
1624 2569 1697 2604 libri
1721 2570 2009 2614 Norimbergensis.
2035 2569 2164 2618 Optime
