2310 2860
799 113 999 158 Martiani
1038 113 1238 173 Capellae
1275 115 1346 158 lib.
1363 115 1394 157 Ι.
1431 118 1462 169 §.
1490 115 1560 159 58.

190 222 379 280 quadam
425 223 714 265 obsecratione
750 222 1054 280 compelleret?

2091 121 2150 164 85

1120 223 1235 265 Tam
1275 238 1378 266 vero
1417 223 1555 274 abest,
1612 233 1659 266 ut
1697 225 1780 267 sub
1810 226 1891 268 hac
1922 227 2049 283 possit
2080 227 2146 284 pi·
2174 237 2234 279 58

188 318 381 359 grescere
419 304 695 360 intricarique
735 303 976 359 Cyllenius,
1029 313 1077 345 ut
1123 305 1345 345 commotis
1392 305 1444 345 ab
1485 303 1635 345 cadem
1675 306 1969 362 suscitatisque
2000 308 2147 362 pennis

188 385 552 428 extramundanas
583 396 725 443 petere
750 377 989 428 latitudines
1012 396 1228 442 urgeatur.
1289 385 1379 427 Cur
1410 386 1550 442 igitur,
1583 401 1659 427 rex
1691 389 1862 443 optime,
1894 387 2148 430 differantur

187 467 383 522 nuptiae,
438 482 578 523 quum
626 483 704 524 pro
747 467 836 509 sola
884 467 1151 510 Atlantiadae
1195 468 1363 510 solertia
1406 467 1513 508 duos
1557 467 1782 524 pervigiles
1820 469 2149 525 repromittam?

189 546 306 588 Haec
338 562 478 603 quum
509 548 621 591 Juno
653 548 803 600 affixa,
834 557 882 589 ut
912 548 1173 591 adhaerebat
1203 549 1364 591 elatiori
1395 549 1636 605 plurimum
1667 549 1784 601 Jovi,
1817 551 2026 592 acclinatis
2058 551 2148 606 ejus
2177 560 2237 601 59

189 626 365 669 auribus
405 629 641 682 intimaret,
679 629 732 671 do
763 628 955 686 quodam
996 630 1248 686 purgatioris
1291 630 1618 685 vibratiorisque
1650 630 1823 672 luminis
1861 632 1954 673 loco
1991 632 2149 688 allapsa

261 736 491 784 obsecratione]
517 737 672 770 Barthius
687 736 824 783 (advers.
841 749 870 782 p.
891 737 1001 781 1242)
1022 738 1062 769 de
1080 749 1144 768 ma-

187 798 239 841 gia
263 799 429 842 intelligit,
465 800 523 832 scd
553 800 688 832 diversis
722 800 826 832 modis
854 799 1059 843 interpretari
1085 800 1146 831 hoe

187 863 320 895 verbum
340 875 521 908 possumus.
547 865 668 898 Poetas
684 865 792 897 forsan
806 870 918 896 noster
937 863 1058 904 innuit,
1090 863 1145 907 qui

188 924 267 957 deos
289 926 465 970 Musasque
490 938 585 971 saepe
609 926 784 967 advocant,
813 932 848 958 ut
874 925 934 957 sibi
959 926 1072 957 adesse
1094 936 1145 956 ve-

186 985 256 1021 lint.

187 1049 340 1082 auxilium
366 1060 502 1081 vocasse
533 1048 626 1080 testis
656 1048 750 1081 nohis
771 1048 878 1080 Varro
903 1054 954 1081 est
974 1048 1026 1093 (de
1045 1049 1085 1080 R.
1105 1049 1146 1080 R.

296 986 345 1020 At
375 988 500 1019 solutae
530 985 982 1020 etiam-eratbessjmetores
1012 987 1090 1018 deos
1113 986 1147 1018 in

188 1112 222 1152 1,
235 1111 300 1152 1,4
317 1117 349 1143 et
365 1113 396 1143 7.
406 1124 437 1156 p.
449 1111 520 1143 144
536 1109 662 1153 Gesn.).
678 1111 851 1142 Praeterea
870 1110 925 1154 qui
940 1111 1067 1154 mythos
1084 1116 1146 1142 tra-

187 1175 274 1206 ctant
288 1173 447 1219 philologi
465 1183 592 1217 semper
615 1172 695 1204 deos
716 1172 749 1204 in
767 1183 895 1204 scenam
915 1173 1108 1217 producunt.

261 1236 342 1283 tam]
367 1238 462 1270 Unus
478 1242 603 1269 tantum
619 1236 721 1270 codex
734 1237 941 1269 Monacensis
961 1236 1019 1281 (D)
1039 1243 1147 1269 lamen

190 1301 338 1345 praebet,
383 1301 555 1343 Hugianus
583 1302 675 1346 jam,
719 1301 828 1332 nullus
867 1306 973 1333 autem
1010 1307 1146 1334 tantum.

188 1365 276 1397 Nihil
299 1370 406 1396 tamen
429 1370 552 1396 mutare
578 1375 675 1394 ausus
704 1374 785 1395 sum.

265 1426 427 1472 intricari]
454 1426 635 1459 Retardari.
674 1427 787 1459 Tricae
812 1426 896 1458 enim
918 1415 1068 1458 dicuntur
1090 1427 1146 1459 im·

187 1491 369 1536 pedimenta
391 1501 569 1533 gressuum.
589 1490 737 1521 Vtrum.
753 1509 800 1514 ——
826 1490 911 1521 Vide
936 1490 1087 1521 Nouium.
1114 1488 1148 1521 Α

188 1556 346 1590 Cicerone
364 1554 427 1599 (ap.
446 1552 533 1585 Gcll.
554 1554 595 1592 G,
621 1552 644 1582 2
670 1551 704 1595 f.)
735 1551 896 1583 »intricari
919 1551 1140 1595 Chrysippus-a

188 1620 321 1660 dieitur,
354 1618 388 1650 id
412 1622 478 1658 est,
504 1615 628 1660 laqueis
652 1626 723 1646 sese
746 1614 921 1658 implicare.

263 1680 392 1728 pennis]
418 1679 616 1726 Respexisse
638 1679 765 1711 videtur
788 1677 949 1710 Graecum
977 1675 1147 1723 πτεροῦν

190 1752 222 1779 ct
235 1741 494 1790 ἀναπτεροῦν,
511 1742 616 1787 quod,
635 1746 671 1773 ut
683 1739 825 1772 Beckius
848 1739 892 1771 ait
911 1738 966 1784 (ad
979 1737 1146 1783 Aristoph.

191 1809 280 1842 Aves
308 1807 438 1851 1444),
465 1806 593 1851 proprie
618 1810 668 1837 est
689 1805 759 1836 alas
775 1804 916 1843 addere,
941 1802 999 1835 scd
1027 1802 1147 1846 tropice

192 1874 330 1906 excitare
355 1872 494 1916 aliquem
515 1870 555 1902 ad
575 1869 751 1911 agendum,
776 1868 816 1898 ad
832 1867 1070 1910 suscipiendum
1092 1865 1146 1897 ali-

192 1937 279 1982 quid.
325 1934 484 1980 Respexit
508 1932 602 1966 etiam
630 1931 764 1963 forsitan
795 1931 966 1962 Platonem
997 1929 1149 1973 (Pliaedr.

191 2014 221 2045 p.
246 2002 315 2033 231
343 1996 480 2042 steph).

268 2056 562 2103 extramundanus]
587 2058 661 2089 Uno
692 2057 801 2089 verbo.
840 2055 898 2089 Sie
927 2060 960 2087 et
990 2054 1082 2094 alibi,
1117 2059 1150 2085 et

191 2124 475 2158 ultr-mmmdanus.
496 2120 624 2152 Usitata
640 2120 719 2152 hace
735 2117 835 2150 Afris.
848 2117 953 2150 Gnor.
966 2135 1012 2140 —-
1029 2116 1151 2149 Confer

193 2190 343 2223 inferiora
378 2187 532 2233 (§.185.
561 2184 649 2228 910)
677 2189 710 2216 et
733 2183 932 2228 Appulejum
958 2182 996 2226 (l.
1022 2194 1053 2226 p.
1076 2181 1150 2213 204

184 2241 305 2296 Ὀιιᾶ.)
349 2251 379 2282 Ε
415 2246 757 2282 Neo-Platonicorum
782 2245 926 2278 doctriua
944 2246 1023 2277 haee
1050 2242 1151 2288 expli-

196 2316 296 2351 canda
319 2320 412 2354 sunt,
448 2313 530 2345 sieut
555 2317 588 2343 et
609 2311 692 2342 insi-a
715 2309 756 2355 (ξ.
775 2309 862 2353 202)
890 2309 969 2341 deus
992 2308 1048 2341 ille
1072 2319 1151 2339 nem·

195 2379 303 2422 pyt-ico
326 2375 447 2408 mundo
479 2374 630 2416 gaudens.
672 2372 786 2404 Latine
815 2371 899 2403 cuim
921 2371 1026 2403 reddit
1052 2370 1152 2402 Grae-

198 2451 270 2473 cum
291 2432 569 2484 ὐπέρκόόμιον,
599 2447 663 2480 quo
692 2434 894 2466 Jamhiichus
919 2439 951 2464 et
977 2432 1153 2466 Sallustius

198 2501 409 2546 philosophus
426 2502 559 2530 utuntur
581 2497 644 2529 duo
669 2497 801 2528 deorum
822 2507 939 2537 genera
959 2494 1154 2536 distinguen-

1198 738 1245 781 (6,
1269 749 1300 781 p.
1319 737 1366 769 25
1387 736 1492 780 Cat),
1520 737 1587 769 slve
1608 743 1644 769 ut
1663 737 1864 771 «lamblichus
1883 741 1931 785 (8,
1959 743 1994 782 8,
2011 755 2042 786 p.
2066 742 2149 785 165)

1198 798 1483 846 περικοόμὶους.

1272 861 1466 905 differantur
1484 859 1629 907 nuptiae]
1647 861 1696 893 Ita
1714 862 1816 894 codex
1830 861 2034 895 Dresdensis.
2054 864 2154 908 Apud

1198 923 1349 957 Grotium
1384 935 1446 956 vox
1476 925 1608 967 nuptiae
1648 923 1848 965 negligenter
1881 925 2016 966 omissa,
2056 936 2154 970 quum

1198 993 1304 1018 tamen
1328 986 1360 1017 in
1380 985 1592 1018 anterioribus
1617 985 1812 1017 editionibus
1838 992 1988 1019 exstaret.

1270 1047 1494 1094 Atlantiadae]
1523 1049 1657 1082 Grotius
1681 1049 1781 1081 edidit
1803 1050 2036 1089 Allilantidnc,
2067 1051 2153 1093 quod

1198 1114 1421 1155 corrigendum
1440 1119 1507 1145 crat
1526 1125 1542 1144 e
1560 1113 1718 1145 Martiano
1736 1113 1808 1157 ipso
1830 1112 1872 1157 (§.
1893 1114 1989 1156 726).

1271 1173 1455 1220 pcrviyiles]
1489 1175 1539 1206 Ita
1571 1174 1702 1218 reposui
1736 1174 1978 1206 Monacensium
2009 1174 2154 1206 codicum

1197 1237 1250 1282 (B.
1268 1238 1309 1269 D.
1326 1236 1379 1281 Ε.)
1407 1236 1595 1269 auctoritate
1614 1247 1673 1280 pro
1698 1235 1857 1268 Grotiano
1881 1237 2003 1280 viyiles.
2044 1235 2153 1267 Philo-

1197 1301 1283 1343 logia
1309 1301 1405 1333 ctiam
1427 1312 1522 1345 supra
1545 1298 1587 1344 (§.
1608 1298 1670 1342 22)
1691 1300 1847 1345 ”pervigil
1867 1300 2038 1332 immodico
2058 1310 2153 1343 peuc-

1197 1372 1285 1397 trans
1310 1377 1425 1397 arcana
1447 1365 1577 1397 laboreu
1601 1363 1774 1395 dicebatur.

1271 1428 1411 1474 elatiori]
1446 1429 1533 1461 Male
1567 1429 1601 1460 iu
1635 1428 1798 1460 Vossiano
1833 1427 1943 1460 codice
1985 1426 2154 1472 (Arntzen.

1198 1489 1286 1521 misc.
1319 1502 1350 1534 p.
1373 1487 1465 1534 206)
1501 1494 1533 1520 et
1561 1487 1595 1520 in
1627 1487 1709 1520 libro
1741 1487 2004 1529 Norimhergcnsi
2038 1488 2156 1530 legitur

1198 1554 1357 1584 alacriori.
1403 1552 1534 1583 Junone
1566 1551 1650 1582 enim
1683 1550 1797 1582 elatior
1826 1551 1972 1595 Jupiter,
2007 1550 2040 1581 id
2068 1550 2155 1594 quod

1197 1616 1294 1660 paulo
1316 1621 1391 1659 post
1408 1615 1533 1658 repetit.
1560 1614 1697 1646 Ovidius
1721 1613 1808 1657 (met.
1831 1616 1862 1654 1,
1886 1614 1971 1656 178)
1997 1613 2038 1645 (le
2052 1613 2155 1645 Jove:

1257 1678 1406 1711 »Celsior
1424 1680 1490 1721 ipse
1516 1678 1603 1716 loco,
1627 1683 1815 1724 sceptroque
1841 1678 1978 1708 innixus
1998 1678 2148 1709 eburno.-

1198 1741 1401 1785 Augustinus
1419 1742 1472 1785 (de
1503 1741 1561 1773 civ.
1581 1740 1634 1772 dci
1655 1741 1691 1781 4,
1718 1739 1777 1783 10)
1802 1739 1936 1772 »Jovcm
1955 1752 2027 1772 csse
2051 1742 2155 1772 aethe-

1198 1818 1277 1847 rem,
1298 1805 1463 1838 Junonem
1486 1810 1608 1845 aerem,
1625 1804 1757 1846 junctos
1778 1804 1924 1847 quIdcm,
1947 1804 2004 1835 sed
2025 1803 2158 1834 alterum

1199 1871 1366 1914 super-iris,
1397 1868 1531 1900 alterum
1557 1867 1718 1901 inst-riusa
1753 1867 1861 1912 (Conf.
1885 1865 1912 1911 ξ.
1933 1868 1981 1899 66
2000 1867 2091 1910 not).

1275 1931 1454 1978 intimaret]
1466 1933 1542 1965 Vox
1554 1937 1604 1963 est
1617 1931 1834 1976 posteriorum
1851 1930 2040 1962 seculorum.
2053 1930 2155 1962 Gnor.

1202 2002 1249 2019 *—
1267 1995 1342 2028 Non
1358 2000 1470 2027 noster
1490 1999 1614 2026 tantum
1633 1992 1818 2037 saepissime
1837 2004 1874 2024 ea
1895 1992 1995 2024 utitur
2016 1991 2057 2036 (ξ.
2075 1992 2155 2023 519.

1202 2059 1284 2089 587.
1311 2057 1393 2088 724.
1418 2057 1499 2087 727.
1526 2056 1597 2087 '745
1625 2055 1645 2086 f.
1675 2055 1757 2086 887.
1783 2052 1872 2097 965)
1896 2053 1952 2085 scd
1968 2051 2156 2084 Ammianus

1201 2119 1312 2159 ctiam,
1347 2108 1497 2158 Solinus,
1529 2116 1744 2156 Prudentius,
1770 2114 1952 2154 Arnobius,
1987 2103 2155 2146 Tertullia-

1202 2193 1283 2221 nus,
1317 2180 1370 2211 alii
1393 2179 1489 2225 (cons.
1511 2178 1729 2210 Elmenhorst.
1756 2177 1795 2209 ad
1816 2176 1940 2208 Arnob.
1966 2188 1996 2220 p.
2017 2175 2096 2206 172.
2125 2179 2155 2204 el

1203 2243 1288 2275 doct.
1319 2242 1448 2285 interpr.
1478 2239 1642 2285 Spartiani
1677 2239 1716 2270 ad
1745 2238 1839 2270 Pesc.
1867 2237 1956 2280 Nigr.
1990 2238 2023 2277 7,
2054 2241 2085 2266 et
2117 2234 2155 2265 ad

1203 2304 1342 2348 Capitol.
1362 2304 1440 2336 Ver.
1465 2304 1509 2346 1).

1278 2365 1473 2412 purqatiori]
1499 2366 1528 2397 Ε
1554 2364 1701 2397 Diodoro
1734 2363 1814 2396 haee
1844 2361 1989 2394 hausisse
2022 2357 2155 2390 videtur.
2195 2368 2198 2370 ·

1203 2429 1264 2462 Ille
1287 2429 1370 2461 enim
1397 2429 1451 2473 (1,
1486 2427 1545 2471 12)
1573 2432 1679 2458 aerem
1703 2424 1831 2470 (melius
1858 2417 2028 2465 aetherem)
2055 2418 2155 2450 Athe-

1206 2503 1279 2523 nam
1306 2491 1498 2536 appellatam
1521 2489 1680 2533 Jovisque
1706 2486 1803 2518 filiam
1824 2482 1861 2516 vet
1881 2484 2041 2527 vir-qinein
2066 2486 2156 2525 puta-

200 2570 264 2596 tes:
284 2557 572 2607 ὑπερκοόμίοΰς
589 2564 619 2590 ct
638 2557 887 2603 ἑγκοῦμίους,
923 2563 956 2589 ut
982 2556 1157 2590 Sallustius
1209 2561 1272 2588 tam
1297 2567 1367 2588 esse
1391 2554 1504 2595 tradit,
1534 2553 1606 2586 ideo
1633 2550 1721 2595 quod
1748 2554 1801 2580 aer
1828 2552 1939 2591 suapte
1961 2551 2073 2578 natura
2093 2556 2158 2578 cer—

1681 2606 1762 2652 1125
