2310 2860
726 168 925 212 Martiani
956 167 1156 225 Capellae
1184 167 1256 210 lib.
1286 167 1360 209 VI.
1392 169 1422 219 ᾗ.
1448 167 1549 208 675.

2027 169 2123 211 549

794 327 873 368 DE
912 327 973 367 IN
977 324 1222 367 TERIORI
1256 325 1482 366 AFRICA.

326 436 504 477 Interior
529 444 670 476 autem
697 433 841 474 Africa
868 431 921 472 ad
954 432 1176 472 meridiem
1204 448 1351 473 versus
1384 432 1764 474 intervenientibus
1796 432 1965 474 desertis
1990 433 2120 474 habet
2155 430 2243 471 675

157 517 514 572 Leueaethiopas,
547 516 753 570 Nigritas,
788 523 827 554 et
856 523 1015 553 ceteros
1039 523 1332 554 monstruosae
1364 514 1578 565 novitatis,
1617 524 1707 569 post
1730 529 1836 567 quos
1868 514 2117 554 solitudines

157 598 403 653 fugiendae;

465 598 518 639 ad
557 598 762 638 orientem
810 609 959 636 versus
1006 595 1164 635 fluvius
1207 596 1359 651 Niger,
1415 597 1504 651 ejus
1536 597 1656 647 cujus
1692 596 1815 636 Nilus
1848 606 2025 636 naturae
2059 604 2120 635 est

158 694 347 735 prorsus.
402 679 517 720 Inter
555 678 798 719 solitudines
835 676 995 732 degunt
1029 677 1240 729 Atlantes,
1289 678 1363 733 qui
1402 693 1544 732 neque
1584 677 1670 718 ulla
1710 678 1816 718 inter
1858 692 1901 716 se
1944 676 2119 717 nomina

155 761 336 812 habent,
387 772 426 802 et
467 762 553 802 Soli
591 762 903 816 imprecantur,
948 759 1064 814 quod
1105 774 1174 799 eos
1219 774 1317 800 eum
1354 759 1561 800 messibus
1594 773 1762 813 semper
1795 758 2003 798 amburat.

2063 756 2121 798 Hi

156 855 384 896 nunquam
417 842 630 882 somniare
663 841 873 882 videntur.
934 840 1223 895 Troglodytae
1254 840 1295 879 in
1327 839 1539 894 specubus
1573 848 1764 888 manent,
1798 847 2118 891 vescunturque
2150 831 2237 872 674

155 923 445 977 serpentibus,
494 922 764 977 striduntque
805 922 944 977 potius
976 936 1107 975 quani
1148 922 1400 976 loquuntur.

152 1003 241 1042 sine
282 1003 554 1043 matrimonio
597 1004 822 1045 sociantur.

151 1081 343 1122 imbelles
378 1082 560 1122 externis
598 1096 824 1135 nunquam
859 1081 1103 1122 miscentur.

149 1226 226 1259 mill.
241 1239 342 1271 pass„
371 1228 410 1259 ab
431 1240 468 1259 ea
485 1228 684 1271 Canopicum
705 1228 772 1259 Nili
796 1228 976 1272 proximum
993 1225 1110 1258 ostium

151 1290 335 1334 quindecies
353 1295 488 1321 centena
503 1295 534 1320 et
554 1291 672 1332 viginti
687 1296 755 1321 octo
772 1290 817 1321 M.
834 1301 919 1333 pass.
939 1290 1108 1319 fecerunta«

149 1351 230 1384 Inde
256 1351 312 1395 qui
332 1351 419 1383 volet
441 1357 586 1383 nostrum
610 1352 775 1392 emendet,
809 1353 936 1384 codices
959 1351 1036 1382 nihil
1058 1362 1110 1381 va-

149 1411 246 1453 riant,
271 1413 333 1444 nisi
358 1414 445 1457 quod
460 1413 727 1444 Darmstattensis
754 1415 860 1445 tricies
881 1413 962 1444 male
983 1411 1109 1443 omittit.

226 1473 411 1519 Canopum]
447 1475 685 1518 Quinctilianus
714 1474 775 1518 (1,
806 1476 845 1514 5,
877 1475 942 1515 5713
972 1486 1042 1518 pag.
1061 1475 1108 1505 95

148 1535 290 1581 Spald.):
318 1538 452 1570 »Cicero
471 1538 704 1582 Canopitarum
723 1538 897 1569 exercitum
923 1537 1015 1577 dicit,
1047 1536 1109 1580 ipsi

147 1601 301 1633 Canobon
320 1606 464 1633 vocant«
498 1601 567 1634 Sed
586 1607 787 1634 constantem
807 1602 953 1634 codicum
974 1600 1108 1645 scriptu-

146 1673 213 1693 ram
236 1668 268 1694 et
290 1663 341 1695 hic
366 1669 399 1694 et
422 1669 536 1706 postea
560 1663 687 1696 retinui.

221 1723 492 1769 Leucaethiopas]
525 1725 576 1756 lta
603 1725 880 1757 Reiclienauensis
913 1723 1025 1757 codex.
1067 1721 1107 1753 In

146 1786 239 1818 editis
274 1788 355 1819 male
391 1788 517 1820 Leucas
544 1789 727 1832 Aethiopes.
776 1788 986 1820 Ptolemaeus
1012 1786 1106 1817 etiam

145 1849 453 1893 Λευκαιθὶοπες,
481 1851 608 1882 Plinius
630 1852 683 1894 (5,
708 1853 749 1891 8,
775 1851 813 1894 8)
837 1851 1107 1892 Leucaethiopes,

143 1913 344 1957 Pomponius
362 1913 449 1946 Mela
467 1914 499 1957 (1
511 1937 520 1954 ,
546 1915 586 1954 4,
614 1926 644 1957 p.
661 1916 683 1945 G
696 1912 809 1956 Voss.)
826 1914 1105 1955 Leucoaethiopes

219 1975 452 2022 'notasti-nosue]
481 1977 575 2020 Quae
599 1979 660 2009 hoe
683 1977 786 2020 capite
807 1982 951 2008 monstra
975 1987 1104 2007 narran-

142 2044 210 2079 tur,
236 2039 355 2082 pariter
388 2044 420 2069 et
449 2038 576 2069 Plinius
609 2039 669 2086 (5ἐ
692 2040 733 2078 8,
759 2037 796 2080 8)
824 2044 856 2069 ct
877 2038 964 2071 Mela
986 2038 1039 2081 (1,
1068 2036 1104 2079 8)

142 2101 288 2143 tradunt,
312 2107 349 2133 nt
370 2100 519 2134 Solinum
542 2101 618 2146 (51)
642 2106 783 2140 taceam,
808 2101 863 2144 qui
884 2113 984 2145 aeque
1008 2106 1104 2143 atque

142 2168 252 2194 noster
278 2163 421 2195 Plinium
444 2169 567 2195 tantum
589 2162 776 2207 exscripsit,
804 2163 860 2193 sed
882 2162 1010 2194 Plinius
1034 2162 1103 2205 ipse

143 2237 201 2257 sua
225 2237 243 2257 e
261 2226 349 2258 Mela
377 2228 495 2259 habere
520 2227 664 2267 videtur,
689 2227 780 2268 eujus
804 2232 951 2259 auctores
976 2227 1102 2268 ignora-

143 2299 230 2327 mus3
257 2289 340 2331 apud
357 2289 559 2322 Herodotum
577 2291 662 2322 enim
682 2291 735 2334 (4,
759 2291 829 2322 168
849 2289 954 2334 sequ.)
973 2290 1102 2321 minima

142 2356 265 2382 tantum
289 2362 399 2382 eorum
426 2362 498 2393 pars
521 2353 645 2393 legitur.

212 2414 282 2447 Soli
299 2413 528 2460 imprecantur]
550 2415 642 2447 Hace
666 2422 700 2448 ut
718 2422 824 2449 cetera
849 2417 888 2449 de
907 2416 1097 2449 Atlantibus

141 2488 181 2509 ex
202 2475 363 2508 Herodoti
392 2476 534 2507 sontibus
557 2477 698 2509 derivata
727 2484 802 2511 sunt
827 2480 879 2524 (4,
912 2479 1012 2523 184),
1043 2479 1098 2510 ubi

142 2538 230 2581 quod
250 2543 334 2570 nune
357 2537 473 2579 legitur
483 2534 721 2584 Ἀτάραντες,
741 2552 781 2571 ex
799 2540 950 2573 Salmasii
969 2541 1096 2572 demum

143 2600 325 2643 conjectura
345 2598 398 2643 (ad
417 2600 520 2632 Solia.
534 2602 665 2644 9291)
681 2602 843 2637 invectum
869 2610 936 2646 (εει,
968 2604 1097 2637 codices

903 1003 939 1044 A
948 1003 1083 1057 ugilae
1124 1001 1280 1042 inferos
1327 1001 1482 1042 colunt.

1460 922 1741 962 Garamantes
1781 920 1910 975 vulgo
1951 918 2118 959 seminis

1559 1000 1898 1056 Gamphasantes
1940 998 2043 1039 nudi
2083 1006 2122 1039 et

1166 1080 1418 1137 Bleinmyae
1452 1082 1540 1122 sine
1579 1081 1712 1136 eapite
1742 1090 1860 1132 sunt,
1907 1089 2034 1135 atque
2068 1093 2114 1120 os

1162 1226 1246 1257 euim
1277 1226 1454 1258 inveterato
1485 1225 1601 1257 mendo
1630 1226 1749 1257 habent
1777 1223 1995 1265 Ἄτλαντες,
2033 1224 2119 1256 unde

1161 1289 1266 1321 Melae
1289 1295 1320 1320 et
1344 1289 1442 1320 Plinii
1465 1300 1553 1320 error
1572 1288 1764 1331 explicatur,
1792 1287 1846 1331 qui
1867 1288 1899 1318 in
1924 1299 2018 1318 unam
2044 1298 2119 1328 gen-

1162 1356 1226 1382 tem
1248 1351 1435 1388 conferunt,
1466 1362 1547 1393 quae
1578 1351 1617 1380 de
1650 1350 1774 1381 duabus
1797 1350 1985 1380 Herodotus
2012 1360 2117 1380 narra-

1161 1414 1206 1445 vit
1231 1414 1325 1457 (adde
1360 1413 1502 1445 Saalium
1533 1413 1570 1443 ad
1604 1413 1721 1443 Rlniani
1749 1412 1870 1443 Benaei
1896 1424 1976 1455 quae
2009 1423 2117 1455 super-

1162 1483 1251 1517 sunt,
1277 1478 1412 1508 Bonnae
1441 1477 1552 1515 1851,
1581 1489 1610 1519 p.
1626 1476 1697 1518 50).
1732 1475 1884 1508 Ceterum
1914 1475 2024 1506 eadem
2049 1475 2118 1506 siue

1161 1541 1264 1583 gentis
1284 1541 1411 1571 nomine
1435 1545 1541 1571 narrat
1561 1539 1678 1570 Strabo
1703 1540 1776 1582 (17,
1802 1552 1832 1582 p.
1851 1539 1953 1582 822):
1972 1538 2051 1572 τῶν
2076 1537 2117 1572 δὲ

1159 1600 1259 1648 πρὸς
1282 1600 1328 1647 τῇ
1353 1599 1634 1645 διακεκαυμένη
1658 1598 1760 1639 τινὲς
1784 1598 1847 1634 καὶ
1874 1597 1991 1634 ἄθεοι
2017 1599 2119 1643 νομί-

1161 1665 1313 1706 ζονται·
1342 1665 1384 1699 οἷ
1410 1677 1454 1710 γε
1485 1661 1549 1697 καὶ
1581 1660 1650 1697 τὸν
1674 1660 1785 1708 ἥλιον
1808 1663 2024 1708 ἐχθαίρειν,
2054 1661 2117 1696 καὶ

1158 1726 1287 1766 κακῶς
1304 1726 1431 1771 λέγειν
1458 1722 1614 1760 ἐπειδὰν
1632 1723 1868 1770 προςὶὃωόιν
1883 1721 2116 1768 ἀνίσχοντα,

1160 1786 1215 1828 ὠς
1247 1787 1410 1822 παίοντα
1442 1784 1506 1820 καὶ
1538 1785 1786 1829 πολεμοῦντα
1809 1782 1961 1825 αὐτοῖςε
1979 1786 2062 1816 sieut
2087 1791 2120 1816 et

1158 1853 1260 1885 Silius
1285 1852 1339 1896 (2,
1363 1851 1425 1894 60)
1454 1850 1658 1893 Cyrenenses
1686 1851 1819 1896 „iniquo
1846 1849 1921 1882 Sole
1949 1849 2110 1881 calentes«

1158 1913 1341 1958 appellavit.

1234 1971 1509 2018 Gamphasantes]
1545 1973 1684 2005 Restitui
1711 1973 1906 2004 anteriorum
1940 1969 2117 2001 editionum

1155 2037 1345 2077 lectionem,
1377 2047 1513 2080 quacum
1535 2040 1566 2066 et
1587 2035 1692 2075 Mela,
1715 2033 1857 2072 Plinius,
1885 2031 2019 2064 Solinus
2040 2043 2113 2063 con-

1156 2102 1304 2141 veniunt3
1340 2101 1425 2144 apud
1452 2099 1533 2130 alios
1565 2099 1644 2130 haee
1675 2108 1754 2139 gens
1783 2096 1912 2128 omniuo
1938 2107 2003 2126 non
2030 2107 2113 2127 com-

1155 2170 1358 2197 memoratur.
1391 2162 1526 2195 Grotius
1552 2161 1652 2193 edidit
1676 2161 1951 2204 Gamphasantes,
1980 2158 2111 2199 margini

1155 2226 1303 2270 apposuit
1322 2226 1571 2268 Campasantes,
1593 2223 1680 2267 quod
1702 2228 1734 2254 et
1753 2222 1881 2254 codices
1898 2221 2109 2252 Manat-enses

1152 2288 1209 2333 (A.
1233 2288 1275 2331 C)
1293 2288 1426 2326 habent,
1451 2284 1727 2317 Reiehenauensis
1755 2283 1961 2324 Capasantes.

1225 2347 1422 2394 Blemmyae]
1455 2348 1513 2380 Sic
1538 2347 1651 2391 scripsi
1682 2358 1722 2377 ex
1745 2344 1832 2377 Mela
1859 2350 1891 2375 et
1916 2342 2022 2374 Plinio
2047 2353 2107 2387 pro

1148 2414 1310 2451 Blemiae,
1337 2411 1424 2454 quod
1446 2409 1688 2453 orthographiae
1710 2412 1832 2438 tantum
1854 2404 2003 2436 luendum
2026 2410 2105 2435 erat.

1149 2475 1274 2507 Graece
1292 2473 1375 2504 enim
1393 2471 1599 2516 Βλέμμυες
1623 2471 1689 2501 sive
1708 2463 1892 2511 Βλεμύαι,
1917 2466 2004 2509 quod
2020 2467 2104 2497 hand

1147 2539 1214 2571 seio
1236 2550 1276 2569 an
1294 2549 1335 2569 ex
1354 2536 1459 2569 verbis
1480 2534 1638 2576 βλέπ’τω
1658 2538 1688 2567 ct
1710 2526 1794 2575 μύω
1822 2529 2027 2563 derivandum
2053 2530 2101 2561 sit-

1145 2601 1322 2644 Dionysius
1346 2600 1477 2645 (pericg.
1495 2598 1581 2641 220)
1588 2612 1597 2628 z
