2310 2860
209 161 267 202 58

211 264 375 320 cupari.
448 262 557 304 Item
603 275 703 302 eum
744 261 787 302 in
832 259 1061 309 Helicona,

211 348 355 390 lauros
400 345 608 401 primores
666 352 918 398 arentesque
956 339 1159 390 hederas,

210 456 363 487 suturas«
402 451 486 496 (Cic.
505 451 544 483 de
575 453 705 495 harusp.
719 451 777 483 25.
797 451 888 493 Virg.
914 449 997 483 Aen.
1017 450 1058 488 8,
1083 447 1167 479 556.

210 528 316 560 georg.
344 516 376 556 1,
401 516 484 548 555.
508 515 626 546 Tibull.
653 516 684 555 1,
708 516 742 555 6,
771 514 842 558 50).
881 514 973 546 Voce
999 518 1168 545 cantamen

210 585 337 625 praeter
359 578 552 612 martianum
574 590 686 619 nemo,
725 578 813 622 quod
837 577 951 617 seiam,
982 576 1044 607 nisi
1065 585 1167 619 popu-

210 642 287 673 laris
312 641 400 682 ejus,
440 640 658 672 Tertullianus
684 639 731 683 (in
753 651 847 671 carm.
870 651 895 670 c.
909 638 1063 671 Marcion.
1085 638 1116 676 1,
1137 637 1169 668 1.

210 706 246 744 lt,
270 705 301 736 4.
326 710 357 735 et
378 705 412 744 5,
433 703 467 747 1)
485 703 593 734 utitur.
620 702 790 744 Hugianus
808 702 936 745 quidem
954 701 1056 733 codex
1074 700 1171 731 habet

211 768 414 800 cunctamine
422 780 434 807 ,-
462 767 519 799 sed
540 773 708 798 cotztamen
730 778 747 797 e
768 766 866 797 verbo
888 766 1107 797 contaminare
1125 764 1169 794 sa-

211 829 271 861 cile
305 827 514 870 intelligitur,
550 828 589 859 de
622 840 685 871 quo
722 827 815 859 docte
852 839 956 871 nuper
986 825 1169 870 disputavit,

212 905 271 925 nec
293 898 404 924 nostro
426 891 591 933 neglecto,
615 891 793 923 Grauertus
811 890 844 922 in
861 890 1028 922 Analectis
1051 902 1082 934 p.
1098 890 1170 921 118

212 968 283 1000 sqq.
308 956 399 987 Dixit
419 955 515 996 igitur
539 960 649 986 noster
669 954 815 985 »deserta
840 954 945 985 onmia
968 953 1067 984 fuisse
1088 953 1170 992 loca,

212 1018 327 1061 quibus
355 1016 475 1059 Apollo
512 1016 627 1047 solitus
662 1021 749 1047 esset
789 1015 918 1047 oracula
947 1015 1058 1054 edere,
1098 1014 1171 1057 quia

212 1080 352 1109 offensus
374 1077 469 1108 fuerit
487 1077 632 1120 turpibus
656 1082 688 1108 et
711 1077 890 1108 inhonestis
917 1076 1170 1120 quaestionibus,

212 1140 252 1171 ad
273 1151 353 1183 quas
374 1145 410 1170 ut
429 1139 639 1181 responderet
663 1144 694 1170 et
719 1144 871 1170 eventura
898 1138 1096 1182 praediceret
1114 1149 1169 1181 po-

213 1202 332 1233 stulare
359 1201 428 1233 ausi
455 1207 564 1232 esseut
596 1201 741 1244 improbi.
795 1201 911 1233 Nonne
937 1200 1103 1232 Plutarchi
1131 1200 1170 1230 de

214 1265 415 1297 oraculorum
450 1265 576 1296 dcl'ectu
607 1265 723 1296 librum
756 1265 932 1297 Martianus
964 1265 1082 1306 legisse
1114 1262 1173 1295 tibi

213 1327 391 1367 videbitur,
426 1326 453 1357 si
480 1338 562 1369 quae
591 1326 797 1358 Planetiades
819 1327 864 1358 ibi
888 1326 932 1370 (p.
955 1326 1043 1369 415)
1071 1326 1171 1358 disse-

213 1389 265 1428 rit,
290 1389 324 1420 in
346 1388 530 1420 memoriam
554 1388 777 1420 revocaveris?
812 1389 903 1419 »IIoc
924 1388 1024 1429 enim,
1057 1388 1172 1432 inquit,

214 1450 440 1494 disputandum
464 1449 555 1481 vobis
582 1461 746 1493 propono,
778 1462 835 1481 cur
864 1461 930 1481 non
957 1450 1025 1491 jam
1051 1449 1173 1480 dudum

214 1513 254 1544 ab
276 1513 408 1544 edendis
433 1513 570 1544 oraculis
598 1512 737 1544 animum
758 1512 880 1557 Apollo
911 1513 1080 1553 averterit,
1119 1518 1174 1544 aut

213 1576 244 1608 ci
266 1576 426 1608 Hercules
459 1576 511 1608 vel
542 1576 676 1608 deorum
703 1577 784 1607 alius
813 1577 971 1620 tripodem
994 1576 1171 1615 sustulerit,

215 1638 380 1681 oppletum
419 1637 567 1668 obscenis
603 1642 635 1667 et
662 1637 766 1680 impiis
798 1637 1058 1681 quaestionibus,
1092 1648 1171 1680 quas

216 1698 276 1729 deo
306 1703 509 1741 proponunt,
550 1698 603 1729 alii
630 1710 702 1729 eum
729 1704 878 1741 tanquam
905 1699 1081 1742 sophistam
1104 1705 1170 1729 ten-

215 1765 337 1792 tantos.
372 1759 425 1789 alii
448 1759 487 1789 de
516 1760 694 1797 thesauris,
724 1760 973 1800 hereditatibus,
1000 1760 1171 1791 inccstisve

216 1820 335 1864 nuptiis
365 1819 592 1851 sciscitantes.=‹
642 1820 737 1851 Adde
770 1821 960 1852 Ciceronem
993 1821 1052 1865 (de
1075 1821 1171 1852 divin.

217 1882 257 1920 2,
287 1882 347 1924 57)
374 1886 405 1912 et
428 1880 620 1912 «Iuvenalem
645 1881 700 1924 (G,
736 1883 840 1925 5:2¹5),
874 1882 908 1913 in
931 1882 1040 1927 primis
1066 1888 1172 1914 autem

217 1943 336 1975 Lucan.
359 1944 389 1974 ὅ.
416 1943 503 1974 111:

268 2025 315 2030 —
336 2024 383 2029 -—
408 2007 502 2037 »IVon
527 2007 592 2037 ullo
619 2007 727 2038 secula
753 2007 836 2039 dono

268 2068 390 2099 lVostra
404 2074 514 2099 carent
536 2069 655 2112 majore
674 2069 780 2103 deam,
800 2081 897 2116 quam
908 2069 1067 2112 Delphica
1082 2069 1172 2101 sedes

268 2130 362 2174 Quod
379 2132 489 2170 siluit,
515 2138 685 2179 postquam
708 2145 799 2176 reyes
821 2135 955 2164 timuere
971 2133 1089 2176 futura

269 2194 313 2226 Et
337 2206 468 2237 superos
491 2201 621 2228 vetuere
644 2197 749 2243 loqui«
784 2202 845 2228 cet.

221 2256 310 2290 Olim
338 2257 469 2290 Christo
510 2265 661 2291 nascente
699 2260 891 2292 conticuisse
918 2260 1045 2292 oracula
1072 2260 1173 2302 jacta-

221 2321 313 2359 bant,
341 2320 398 2352 sed
421 2321 458 2352 ct'.
481 2320 637 2352 Dalaeum
665 2322 704 2353 de
731 2334 813 2354 orac.
842 2322 884 2354 Π.
910 2334 941 2365 p.
963 2322 1036 2354 423
1059 2334 1149 2366 seqq.

295 2381 542 2426 dedignabatur]
570 2383 662 2413 [nus
681 2383 885 2415 Britannicus
906 2384 1069 2415 meliorem
1092 2386 1174 2417 hanc

221 2442 392 2475 lectionem
412 2454 469 2486 pro
491 2443 685 2487 dcdiynatur
703 2445 916 2488 suppa-ditarit
941 2451 1022 2476 teste
1048 2446 1173 2478 Feilero

223 2510 343 2536 nostro.

296 2566 412 2613 Delon]
442 2567 574 2602 Servius
599 2568 652 2614 (ad
677 2568 760 2602 Aen.
779 2571 818 2602 G.
853 2571 915 2614 58)
941 2571 1034 2604 docet
1055 2570 1175 2618 ”Apol-

1117 256 1281 308 Delon,
1326 256 1603 311 Lyciamque
1641 265 1869 297 sectantur.

814 152 1013 194 Martiam
1045 150 1244 206 Capellae
1273 150 1355 192 lib.
1382 150 1413 190 Ι.
1445 151 1477 201 §.
1507 150 1572 190 10.

1951 254 2035 297 Sed
2073 254 2173 296 alibi

1217 337 1319 379 alibi
1359 337 1588 378 cariantem
1628 338 1839 394 tripodem
1893 337 2173 393 crepidasque

1217 445 1316 477 linem
1352 456 1410 476 sex
1439 445 1602 476 mensibus
1639 447 1722 489 apud
1755 447 1891 490 Lycios,
1934 451 1965 477 et
1998 458 2055 477 sex
2091 446 2175 490 apud

1218 508 1327 541 Delon
1350 519 1505 552 responsa
1529 508 1685 540 dedissem

1295 582 1506 632 Lyciamque]
1540 584 1629 625 Lege
1653 584 1865 628 Lyciamque,
1910 591 1946 616 ut
1977 585 2045 626 jam
2072 583 2175 615 visum

1219 648 1280 680 suit
1308 648 1354 681 ill.
1369 649 1437 680 viro
1461 648 1533 680 Nic.
1551 647 1705 688 Heinsio,
1739 648 1795 691 qui
1818 644 1858 679 ad
1883 649 2002 680 calcem
2024 648 2098 680 libri
2127 648 2176 679 sui

1222 710 1267 741 sic
1295 710 1528 741 emendandum
1557 714 1734 741 monuerat.
1772 709 1911 749 Firmat,
1946 723 2040 753 quem
2070 715 2176 741 tamen

1220 771 1377 804 Heinsius
1400 783 1465 803 non
1492 771 1679 815 adscripsit,
1705 771 1797 803 Maro
1822 770 1921 813 (Aen.
1942 772 1976 811 4,
2010 771 2114 815 145)=

1279 845 1413 888 »Qualis
1435 845 1492 876 ubi
1507 845 1682 887 hybernum
1700 844 1832 887 Lyciam
1849 845 2039 891 Xanthique
2051 844 2177 888 fluenta

1273 910 1403 941 Deserit
1428 920 1466 941 ac
1485 909 1606 940 Delum
1630 912 1810 941 maternam
1832 909 1943 940 invisit
1964 908 2090 952 Apollo.

1222 982 1285 1013 rbi
1299 982 1330 1013 id
1346 994 1385 1013 ex
1396 981 1573 1025 Apollonio
1593 981 1836 1013 transsunisisse
1851 987 1964 1013 notant
1978 981 2177 1026 interpretes.

1224 1045 1350 1076 Vos-(2³.
1374 1045 1473 1088 (spec.
1499 1056 1543 1076 er.
1564 1057 1597 1088 p.
1624 1044 1710 1088 144)
1728 1064 1775 1069 -—
1814 1044 2010 1086 Coujectura
2034 1043 2177 1088 profecto

1222 1109 1307 1140 haud
1331 1109 1564 1140 contemnenda
1589 1108 1691 1148 soret,
1720 1108 1782 1140 nisi
1805 1108 1834 1139 ei
1860 1108 2000 1139 omnium
2024 1107 2178 1139 librorum

1222 1169 1317 1201 lectio
1352 1174 1556 1212 repugnaret.
1612 1169 1656 1199 Et
1686 1175 1771 1201 certe
1809 1176 1881 1201 ante
1913 1182 2009 1213 quam
2037 1170 2178 1211 corrigas

1222 1234 1310 1275 legas
1340 1233 1435 1264 velim
1469 1234 1566 1265 hosce
1596 1232 1724 1278 Papinii
1753 1233 1849 1265 Statii
1880 1234 1995 1277 (Theb.
2023 1235 2058 1274 1,
2091 1233 2178 1276 696)

1222 1309 1350 1330 versus:

1282 1361 1427 1392 »Phoebe
1450 1371 1590 1403 parens,
1615 1370 1673 1392 seu
1699 1365 1730 1392 te
1750 1359 1866 1402 Lyciae
1884 1360 2027 1391 Patarea
2057 1359 2176 1391 nivosis

1276 1425 1440 1455 Exercent
1462 1424 1591 1455 dmm-Ia
1608 1423 1714 1465 jugis«
1746 1441 1793 1446 ——
1817 1442 1863 1446 —

1225 1492 1320 1529 atque
1352 1486 1414 1517 alio
1442 1485 1474 1517 in
1498 1485 1570 1517 loeo
1598 1485 1693 1528 (sylv.
1712 1486 1751 1524 1,
1778 1485 1818 1524 2,
1843 1485 1951 1528 222),
1985 1497 2049 1528 quo
2075 1485 2178 1517 Latoo

1223 1554 1331 1578 vatum
1353 1547 1434 1589 patri
1457 1546 1631 1589 (Apollini)
1655 1545 1796 1586 assignat

1273 1622 1619 1635 ——————
1626 1607 1740 1649 Lycios
1765 1614 1917 1639 inontes.«

1224 1670 1377 1715 Suppleri
1393 1670 1490 1712 igitur
1503 1682 1541 1702 eo
1556 1670 1657 1712 magis
1675 1675 1750 1715 pos‘t
1763 1672 1897 1713 Lycium
1915 1671 2024 1703 licebit
2041 1678 2179 1705 tuentem

1224 1733 1308 1776 apud
1335 1737 1498 1772 nostrum,
1524 1744 1588 1775 qno
1607 1732 1724 1763 certius
1750 1744 1840 1764 mons
1859 1733 1953 1764 etiam
1979 1733 2178 1778 supplendus

1224 1794 1308 1838 apud
1340 1794 1513 1834 Virgilium
1547 1793 1676 1836 (georg.
1705 1795 1748 1834 5,
1791 1794 1886 1837 514)
1922 1799 1972 1826 cst
2004 1795 2038 1826 in
2072 1796 2178 1827 verbis

1230 1867 1370 1886 »summa
1394 1855 1523 1898 Lycch«
1577 1854 1684 1898 Ipsius
1709 1853 1874 1898 Apollinis
1908 1867 2086 1897 cognomen
2114 1857 2178 1900 Ly-

1222 1917 1305 1948 cium
1321 1916 1419 1947 fuisse
1439 1927 1533 1948 nemo
1550 1915 1676 1957 ignorat
1693 1916 1851 1960 (Macrob.
1863 1916 2028 1950 Satin-nal.
2047 1919 2079 1959 1,
2106 1919 2178 1962 17).

1295 1989 1465 2036 primores]
1492 1991 1630 2023 Veteres
1657 1997 1689 2022 ct
1716 1997 1929 2035 pervetustaS.
1953 1993 2101 2026 VchAN.

1299 2073 1492 2113 arentesque
1508 2064 1655 2111 hederas]
1676 2066 1750 2099 MS.
1762 2074 1902 2107 erantes,
1924 2073 2003 2111 puto
2021 2073 2175 2109 errantes,

1225 2128 1414 2166 ἐπίθετον
1433 2137 1633 2163 consuetum.
1651 2131 1754 2163 Gnor.
1777 2150 1824 2154 —
1866 2130 2021 2173 Quamvis
2046 2143 2110 2163 vox
2129 2144 2178 2164 er-

1223 2199 1334 2226 rantes
1366 2193 1398 2224 in
1421 2192 1511 2224 nullo
1540 2193 1649 2225 codice
1677 2192 1821 2234 legatur,
1857 2192 1891 2224 in
1921 2198 2044 2225 textum
2071 2199 2177 2227 tamen

1224 2269 1293 2290 eam
1310 2256 1432 2300 recepit
1449 2256 1611 2296 Goezius,
1632 2255 1821 2297 Virgilium,
1842 2262 1938 2300 puto,
1957 2263 2086 2290 secutus
2103 2256 2178 2302 (ecl.

1223 2321 1256 2353 4.
1275 2319 1345 2362 19).
1361 2319 1432 2349 Euo
1448 2331 1524 2350 vero
1535 2331 1552 2349 a
1563 2317 1751 2359 corrigendo
1767 2317 1920 2361 scriptore
1936 2319 2177 2360 abhorreo„ma-

1223 2384 1318 2424 xime,
1337 2395 1435 2426 quum
1449 2382 1555 2426 aliquo
1574 2382 1668 2414 modo
1682 2381 1778 2413 lectio
1790 2382 1917 2414 defendi
1931 2388 2048 2426 potest.
2064 2384 2179 2417 Potest

1224 2451 1330 2478 autem
1353 2450 1388 2476 ut
1420 2456 1530 2488 supra,
1567 2443 1621 2475 ubi
1646 2449 1678 2475 et
1698 2443 1796 2474 »lam-i
1822 2446 1962 2476 arentis«
1983 2445 2179 2479 meminerat.

1224 2507 1370 2550 Namque
1400 2506 1533 2537 hederas
1558 2504 1722 2548 Apollinis
1742 2505 1875 2547 vestigia
1899 2506 2052 2549 prodere,
2083 2520 2177 2540 nemo

1226 2572 1369 2614 ignorat,
1404 2581 1499 2614 quum
1525 2574 1638 2614 poetae
1663 2568 1704 2600 iis
1729 2575 1956 2602 coronarentur
1973 2570 2067 2614 (Ποῖ.
2083 2583 2177 2603 carm.
