2310 2860
210 150 298 193 356

748 146 946 188 Martiaui
986 146 1185 202 Capellae
1222 145 1294 186 lib.
1318 145 1394 187 VI.
1433 147 1463 199 §.
1487 145 1586 188 686.

213 268 251 298 et
280 256 454 297 Pisidiae
492 253 748 308 Mygdoniae
787 252 961 293 confinis
1002 262 1082 303 est,
1129 253 1183 293 ab
1218 253 1377 293 oriente
1408 254 1588 308 Lyciae,
1632 269 1656 296 a
1689 257 1968 310 septentrione
1998 257 2163 312 Mysiae

213 348 253 378 et
283 335 445 376 Cariae.

213 433 257 459 ca
263 425 349 472 put.

501 335 670 375 Dehinc
700 335 883 376 Tmolus
921 350 1043 376 croco
1074 334 1252 384 florens,
1299 333 1523 388 amnisque
1554 334 1760 374 Pactolus.

425 415 489 454 Ibi
539 416 664 455 etiam
712 414 954 469 Colophon,
1009 415 1183 455 oraculo
1229 414 1359 456 Clarii
1403 415 1610 470 Apollinis
1655 415 1879 455 celebrata.

1829 335 1970 375 Ioniae
1999 336 2164 376 Miletos

1945 415 2164 457 Maeoniae

210 496 467 551 principium
499 495 692 550 Sipylus3
724 497 911 549 Smyrna
943 496 1066 536 etiam
1100 496 1291 536 Homero
1323 495 1558 546 notissima,
1590 510 1721 549 quani
1755 496 2013 536 circumfluit
2034 496 2164 538 Meles

211 574 395 627 fluvius3
427 591 526 616 nam
557 577 816 630 Smyrnaeos
849 590 1021 630 campos
1053 577 1241 616 Hermus
1275 577 1516 627 intersecat,
1552 577 1773 631 quitortus
1809 577 1996 632 Dorylae
2028 577 2165 633 Phry-

208 656 319 711 giam
360 655 621 712 Cariamque
664 656 871 712 dispescit.

211 736 427 778 Troadem
465 740 506 778 in
544 736 855 778 mediterraneo
890 737 1125 777 Teutrania
1158 736 1301 791 Cayco
1333 736 1511 777 flumine
1543 737 1728 777 alluitur.

937 658 1062 697 Juxta
1104 656 1231 696 Ilium
1282 656 1530 711 sepulcrum
1577 656 1818 696 Memnonis
1849 656 1967 709 jacet.

2026 658 2167 712 Supra

1788 737 1852 777 Ibi
1881 737 1989 778 inter
2020 751 2166 778 omnes

88 812 175 853 637
207 819 332 859 Asiae
364 819 548 860 civitates
573 819 830 873 Pergamum
864 819 1030 859 elarius.
1091 820 1203 859 Nam
1233 818 1428 872 Bithynia
1455 818 1620 858 initium
1654 818 1774 858 Ponti
1805 827 1884 869 est,
1918 827 1957 858 et
1985 818 2036 859 ab
2068 828 2164 859 ortu

206 899 419 939 Thraciae
458 899 656 949 adversa,
703 914 726 940 a
769 899 914 953 Sagari
963 899 1142 940 flumine
1180 900 1340 955 primos
1381 899 1637 940 habitatores
1677 899 1827 950 habet,
1881 900 1956 954 qui
2001 899 2162 940 fluvius

281 1012 461 1058 Lycaonia]
501 1014 589 1055 Lege
621 1015 808 1055 Lycaoniae.
834 1014 937 1045 Gnor.
958 1032 1004 1036 —
1038 1014 1159 1053 Recte,

208 1074 263 1104 sed
290 1075 316 1105 si
346 1081 445 1106 totum
472 1077 555 1106 hunc
579 1075 684 1105 locum
711 1075 881 1115 integritati
912 1075 1080 1105 restituere
1107 1088 1158 1106 co-

205 1147 332 1176 nemur,
370 1148 482 1167 vercor
515 1148 553 1166 ne
583 1137 773 1167 Martianum
799 1136 902 1178 ipsum
928 1136 1035 1178 potius
1064 1148 1158 1178 quam

203 1198 304 1229 libros
337 1199 407 1239 ejus
431 1199 633 1239 corrigamus.
675 1199 762 1240 Quid
785 1199 871 1240 quod
904 1198 971 1241 ipse
993 1199 1059 1239 jam
1088 1198 1158 1239 ejus

203 1262 276 1292 fons
299 1267 466 1304 corruptus
485 1261 584 1292 fuisse
607 1261 732 1292 videtur
751 1261 883 1292 Solinus
898 1261 970 1303 (40,
994 1261 1041 1302 9),
1064 1260 1155 1301 eujus

202 1322 298 1353 verba
320 1322 352 1353 in
380 1321 478 1353 MSS.
508 1321 666 1353 salmasio
692 1327 773 1352 teste
803 1321 949 1352 omnihus
975 1322 1020 1351 sic
1044 1322 1154 1361 legun-

201 1390 267 1415 turz
290 1385 380 1427 »Ipsa
403 1384 541 1427 Phrygia
558 1384 677 1415 Troadi
695 1383 873 1427 superjecta
902 1389 965 1422 est,
995 1384 1155 1426 aquilonia

200 1451 290 1488 parte
325 1445 470 1477 Galatiae
503 1445 731 1484 collimitanea,
767 1444 942 1476 meridiana
960 1445 1152 1487 Lycaoniae,

198 1505 358 1545 Pisidiae,
383 1506 641 1549 Mygdoniaeque
663 1506 876 1545 contermina;
899 1506 1009 1537 eadem
1031 1506 1070 1536 ab
1093 1505 1153 1537 ori-

198 1573 272 1598 ente
293 1567 394 1598 vicina
419 1568 557 1610 Lydiae,
587 1579 605 1598 a
633 1568 849 1610 septentrione
869 1567 1008 1609 Mysiae,
1038 1567 1152 1598 Cariae

199 1640 216 1659 n
236 1633 324 1670 parte
343 1640 404 1671 qua
422 1628 490 1659 dies
510 1628 632 1658 medius
651 1633 736 1667 cst«,
765 1627 913 1659 salmasii
932 1628 1058 1658 demum
1077 1639 1151 1658 eon·

190 1690 318 1730 jeetura
345 1690 387 1732 (p.
407 1690 493 1731 857)
519 1689 700 1719 restitutum
724 1694 787 1719 est:
814 1688 933 1719 »eidem
963 1689 1002 1719 ab
1029 1688 1151 1719 oriente

198 1751 302 1783 xicina
318 1751 524 1794 Lydia‹=cet.3
550 1753 605 1783 scd
617 1751 683 1792 jam
694 1751 885 1783 Martianum
902 1751 955 1782 illa
972 1752 1054 1795 apud
1066 1751 1151 1783 Soli-

194 1827 272 1845 111111]
295 1814 412 1855 legisse
437 1820 583 1857 apparet,
610 1826 691 1858 quae
716 1814 830 1845 deinde
856 1814 1029 1872 majoribus
1056 1815 1150 1846 etiam

198 1875 358 1906 erroribus
386 1875 579 1918 inquinavit,
614 1877 713 1918 Lycia
740 1887 798 1918 pro
826 1876 929 1918 Lydia
961 1876 1149 1916 substituta,

198 1941 232 1967 et
261 1935 359 1966 Caria
379 1947 437 1978 pro
457 1938 589 1968 meridie
617 1937 656 1967 ad
683 1939 929 1979 septentrionem
953 1937 1061 1968 relata.
1098 1938 1149 1969 De

199 1998 318 2039 Lydiae
353 1998 436 2029 enim
468 1999 584 2030 finibus
618 2011 796 2030 sermonem
826 2012 897 2031 esse
927 2006 958 2031 et
985 2001 1152 2044 sequeutia

199 2060 315 2089 docent
344 2063 377 2088 et
403 2059 501 2090 Plinii
530 2061 582 2102 (5,
616 2061 681 2099 29,
712 2061 773 2102 50)
798 2062 1007 2104 comparatio:
1031 2062 1151 2105 »Lydia

198 2125 303 2150 autem
333 2119 491 2162 Phrygiae
521 2121 560 2150 ab
594 2125 707 2151 exortu
735 2120 822 2153 Solis
856 2122 974 2163 vicina,
1012 2122 1051 2153 ad
1079 2135 1150 2166 sep.

198 2182 387 2213 tenti-ionem
421 2182 566 2225 Mysiae,
601 2183 773 2214 meridiana
804 2190 893 2227 parte
928 2185 1054 2216 Cariam
1087 2198 1150 2217 am-

197 2243 342 2287 plectens
361 2259 409 2264 --—
428 2242 606 2274 celebratur
640 2244 774 2275 maxime
807 2245 963 2276 Sardibus
991 2245 1023 2276 in
1050 2246 1148 2278 latere

198 2303 305 2335 Tmoli
326 2302 462 2334 montisu
483 2307 563 2343 cet,
589 2315 670 2346 quae
689 2309 793 2335 autem
812 2306 850 2337 de
874 2307 1013 2349 Phrygia
1033 2308 1150 2339 habent:

197 2364 331 2398 Solinus
352 2369 384 2395 et
407 2368 532 2404 noster,
560 2375 669 2395 eorum
688 2365 760 2396 sons
782 2367 864 2410 apud
883 2368 1024 2399 Plinium
1048 2374 1152 2400 exstat

197 2427 327 2462 inferius
356 2427 408 2469 (5,
435 2427 500 2466 52,
529 2426 606 2469 41);
633 2427 791 2470 „Phrygia
826 2430 943 2461 Troadi
970 2432 1151 2475 superjecta

199 2507 245 2513 ——-
270 2486 511 2530 septentrionali
547 2499 603 2519 sua
635 2494 725 2532 parte
761 2489 905 2522 Galatiae
941 2493 1146 2534 contermina,

198 2549 368 2580 meridiana
391 2547 586 2591 Lycaoniae,
616 2549 773 2590 Pisidiae,
806 2550 1077 2598 Mygdoniaequc,
1107 2554 1145 2585 ab

1211 1014 1332 1045 oriente
1356 1014 1592 1057 Cappadociam
1611 1014 1773 1055 attingit«,
1799 1014 1884 1045 unde
1901 1013 2004 1044 facilis
2025 1012 2163 1058 suspicio

1211 1076 1268 1115 sit,
1297 1075 1380 1118 apud
1405 1075 1552 1106 Solinum
1580 1082 1701 1106 mature
1724 1075 1843 1118 aliquid
1872 1075 2039 1106 excidisse.

1282 1149 1372 1169 croco
1394 1136 1529 1181 florens]
1558 1138 1729 1178 Virgilius:

1256 1218 1304 1223 —
1323 1211 1489 1230 ——nonne
1511 1200 1600 1229 vides
1623 1210 1753 1230 croceos
1776 1205 1811 1229 ut
1833 1199 1967 1230 Tmolus
1986 1198 2113 1236 odores,

1255 1262 1351 1292 India
1375 1264 1471 1292 ηιίΗὶἰ
1495 1263 1592 1300 ebur,
1619 1263 1727 1292 molles
1753 1274 1812 1292 sua
1838 1268 1912 1292 tura
1937 1261 2079 1292 Sabaei«

1208 1320 1312 1352 Gnor.
1335 1340 1381 1345 ——
1416 1322 1502 1352 Male
1533 1322 1564 1352 in
1592 1322 1686 1353 editis
1716 1323 1782 1353 Ioco
1802 1322 2040 1365 florens3·sed
2072 1333 2161 1352 croco

1207 1382 1363 1424 praebent
1385 1383 1512 1414 codices
1530 1384 1741 1414 Monacenses
1768 1382 1822 1425 (Α.
1840 1383 1898 1425 C),
1929 1383 2161 1413 Dan-mstaucn-

1206 1445 1266 1485 sis,
1304 1451 1336 1476 et
1359 1446 1651 1485 Reiehenauensis3
1682 1447 1766 1477 idem
1799 1452 1904 1477 tamen
1930 1451 2064 1489 excepto
2091 1446 2160 1477 Mo-

1204 1506 1335 1538 nacensi
1368 1507 1467 1538 altero
1498 1507 1554 1551 (C)
1583 1507 1664 1538 male
1699 1509 1807 1539 lilolns
1835 1519 1893 1551 pro
1933 1508 2069 1539 Tmolus.
2109 1506 2160 1538 De

1203 1579 1297 1600 croco
1322 1567 1392 1599 vide
1413 1568 1445 1599 J.
1469 1568 1512 1599 Η.
1535 1568 1690 1600 Vossium
1713 1569 1765 1612 (ad
1781 1569 1870 1610 Virg.
1889 1568 2008 1610 Georg.
2029 1570 2060 1608 l,
2088 1569 2159 1610 56),

1277 1627 1440 1673 Dorylae]
1476 1630 1612 1660 Correxi
1642 1642 1682 1661 ex
1712 1630 1827 1661 Solino
1854 1630 1932 1672 (40,
1959 1630 2034 1672 15),
2061 1629 2157 1670 vulgo

1201 1692 1353 1730 Dorilao5
1378 1692 1504 1723 Plinius
1527 1693 1581 1735 (5,
1607 1693 1673 1732 29,
1693 1692 1755 1735 51)
1779 1693 1985 1735 Dorylaeum.

1275 1753 1441 1798 dispescit]
1484 1754 1539 1786 Sic
1574 1755 1700 1787 codices
1739 1755 1951 1798 antiquissimi
1979 1755 2156 1786 Leidenses=

1201 1820 1267 1847 tres
1289 1816 1513 1858 (Oudendorp.
1535 1816 1573 1846 ad
1600 1816 1721 1859 Appul.
1740 1816 1772 1856 Ι,
1796 1829 1827 1859 p.
1842 1817 1933 1855 2985,
1958 1816 2008 1855 Π,
2040 1829 2070 1859 p.
2095 1817 2155 1856 50)

1201 1882 1233 1907 et
1246 1889 1353 1918 margo
1369 1877 1441 1908 libri
1456 1877 1756 1919 Norimbergensis3
1777 1877 1873 1919 vulgo
1892 1878 2054 1920 dispartit,
2072 1877 2154 1910 Gro-

1201 1938 1265 1968 tius
1290 1939 1322 1969 in
1346 1938 1487 1979 margine
1509 1939 1655 1970 dissecat.

1278 1998 1446 2043 Bithynia]
1474 2000 1564 2033 llaec
1585 2011 1712 2044 qnoque
1740 2011 1780 2031 ex
1804 1999 1919 2032 Selino
1943 1999 2030 2043 (112),
2055 2009 2151 2040 quan-

1203 2072 1297 2103 quam
1326 2066 1466 2092 assumta
1501 2073 1541 2091 ex
1572 2061 1679 2092 Plinio
1715 2062 1768 2104 (5,
1796 2062 1861 2101 52,
1896 2061 1958 2103 45)
1985 2060 2152 2091 Gallorum

1200 2121 1338 2152 nominis
1360 2121 1580 2162 originatione,
1601 2134 1695 2166 quam
1718 2122 1882 2154 confirmat
1900 2127 1932 2152 et
1946 2120 2150 2152 Herodianus

1201 2183 1249 2226 (l,
1280 2183 1341 2221 113
1368 2195 1399 2226 p.
1415 2184 1464 2214 55
1484 2183 1619 2224 Boecl.).

1275 2242 1405 2287 SagJari]
1433 2243 1497 2276 llic
1520 2243 1603 2287 apud
1626 2248 1773 2274 auctores
1795 2254 1880 2274 nunc
1900 2242 2047 2287 Sagaris,
2067 2255 2150 2275 nunc

1198 2305 1399 2350 Sangarius,
1425 2319 1511 2338 nunc
1534 2306 1709 2349 Seque-ius,
1738 2317 1822 2336 1111110
1846 2306 2005 2349 San-qam}-
2027 2316 2148 2336 nuncu-

1201 2374 1305 2412 patur,
1324 2368 1483 2411 hodieque
1498 2370 1621 2411 Zayari
1640 2368 1825 2411 appellatur.
1854 2368 2060 2400 Ptolemaeus
2076 2365 2147 2403 Σεὲ·

1199 2443 1322 2478 γαρον
1342 2431 1491 2463 nominat.
1518 2431 1583 2462 Pro
1605 2431 1738 2474 Capella
1758 2437 1808 2462 est
1832 2431 1983 2462 Ovidius:

1256 2495 1350 2527 »11110
1371 2495 1493 2537 Lycus,
1515 2495 1578 2527 huc
1600 2494 1750 2536 Sagaris,
1777 2495 1970 2542 Penelisque
1986 2496 2145 2540 Ilypam‘s-

1599 2568 1660 2601 que
1683 2556 1858 2602 Cratesque
