2310 2860
213 144 306 187 526

792 142 990 184 Martiani
1029 141 1228 199 Capellae
1263 140 1334 182 lib.
1364 140 1440 183 VI.
1477 143 1509 194 §-
1534 141 1638 183 645.

212 261 411 301 vocatur,
462 258 501 290 et
536 258 618 290 tres
653 248 928 300 Stoechades,
973 263 1161 304 quarum
1193 249 1300 299 haee
1343 257 1440 290 sunt
1479 248 1654 289 nomina
1694 247 1980 304 singularum:
2020 251 2160 306 prima

212 332 450 382 Themista,
480 330 667 371 secunda
701 331 1010 386 Pomponiana,
1048 331 1168 372 tertia
1198 332 1400 387 Hypaea3
1442 340 1689 385 ceterasque
1725 329 1898 385 exiguas
1930 330 2158 373 adversum

217 410 460 466 Antipolim.

524 411 573 452 In
613 411 822 466 Ligustico
864 421 1005 452 autem
1046 412 1157 453 mari
1187 421 1247 452 est
1277 412 1469 463 Corsica,
1526 426 1661 467 quam
1695 410 1850 452 Graeci
1881 409 2055 465 Cyrnon
2086 427 2162 468 ap-

212 491 445 547 pellavere,
490 491 613 546 longa
653 501 821 533 centum
863 494 1170 549 quinquaginta
1211 495 1399 535 millibus
1444 509 1671 549 passuum,
1721 493 1804 534 lata
1839 493 2160 548 quinquaginta.

214 571 423 612 Circuitus
455 572 544 625 ejus
582 572 717 612 omnis
758 572 1007 614 distenditur
1039 575 1225 615 millibus
1256 574 1449 615 trecentis
1483 574 1625 629 viginti
1657 573 1871 628 quinque3

1940 572 2070 614 habet
2106 574 2164 613 ci-

215 651 358 691 vitates
389 651 552 706 triginta
577 661 670 692 tres.
699 653 811 708 Stipa
841 663 982 694 autem
1014 655 1116 695 citra
1149 663 1228 705 est,
1261 655 1415 710 Oglasa
1438 654 1570 706 infra,
1610 655 1650 695 in
1682 654 1943 709 sexagesimo
1968 652 2164 694 Corsicae

212 731 402 772 Planasia
433 731 560 772 fallax
585 734 871 788 navigantium
899 735 1190 789 mentiensque
1227 735 1541 790 propinquita53
1582 735 1700 790 Urgo
1729 736 1853 786 item,
1885 744 1924 775 et
1947 734 2166 790 Capraria,

215 827 345 868 quam
386 813 576 868 Aegilion
610 814 760 855 Graeci
795 814 1017 868 dixerunt3
1069 816 1168 857 item
1201 815 1391 871 Igilium,
1438 816 1666 869 Dianium3

214 946 317 990 ipsum
337 952 480 978 n¹›st1·un1
504 948 583 979 alios
600 948 794 980 Evasiorum
811 949 917 991 legere
935 950 1017 981 idem
1035 950 1067 981 in
1085 961 1164 981 mar-

213 1008 286 1051 gine
312 1009 449 1049 notavit,
477 1010 509 1041 in
534 1011 779 1042 Dar-instatteusi
804 1017 853 1043 est
884 1012 1072 1044 Vascorum.

286 1071 490 1116 Stoechades]
519 1073 642 1105 Graece
671 1070 894 1118 στοιχῑξὸες,
919 1075 1002 1105 unde
1027 1073 1165 1116 vulgaris

216 1132 370 1176 scriptura
394 1133 564 1166 Stoecades
588 1135 773 1176 corrigenda
797 1142 873 1167 erat.
899 1136 1042 1167 Plinius:
1066 1137 1165 1167 »Tres

216 1193 413 1226 Stoechades
443 1208 461 1226 a
491 1195 601 1227 vicinis
626 1197 881 1228 Massiliensibus
906 1198 1008 1229 dictae
1037 1203 1167 1241 propter

219 1257 376 1298 ordinem,
411 1270 490 1301 quas
525 1259 600 1290 item
636 1260 800 1292 nominant
837 1261 971 1302 singulis
1003 1261 1166 1292 vocabulis

217 1321 355 1361 Proten,
385 1328 415 1353 et
446 1323 576 1363 Mesen,
612 1335 693 1366 quae
721 1329 752 1354 et
777 1325 998 1367 Pomponiana
1025 1330 1166 1364 vocatur,

220 1384 310 1414 tertia
330 1384 492 1427 Hypaea«
524 1383 618 1415 Adde
640 1384 831 1416 Strabonem
852 1387 904 1428 (st,
931 1398 961 1428 p.
979 1386 1079 1428 184),
1113 1386 1168 1428 qui

219 1450 322 1476 tamen
349 1445 542 1486 singularum
576 1447 704 1477 nomina
729 1459 794 1478 non
819 1454 934 1479 narrat.
977 1449 1168 1479 Themistum

218 1508 302 1539 unde
337 1508 482 1539 habuerit
524 1515 648 1549 noster,
687 1521 818 1553 prorsus
857 1510 1036 1551 ignoratur,
1071 1522 1168 1553 qnare

221 1572 463 1613 xi'csselingius
483 1574 534 1616 (ad
551 1573 657 1605 Itiner.
670 1573 790 1605 Anton.
806 1587 836 1617 p.
853 1575 953 1615 515)=
977 1587 1053 1615 »ego
1068 1587 1163 1606 vero«

222 1634 323 1677 inquit
352 1635 550 1666 »deseruisse
575 1636 715 1666 Plinium
742 1641 835 1678 atque
859 1636 900 1666 ita
921 1636 1086 1678 scripsisse
1113 1637 1167 1667 du-

222 1695 306 1734 bito,
336 1696 437 1728 codex
455 1697 538 1728 enim
561 1697 696 1740 scriptus
717 1697 929 1730 Prolhemz'slo
953 1700 1059 1739 offert,
1083 1699 1167 1730 unde

223 1759 362 1798 Prolen,
388 1766 418 1791 et
443 1773 481 1791 ex
503 1761 600 1792 Misto
625 1762 739 1793 Blesen
759 1762 934 1794 formavere
944 1775 972 1804 «3
998 1763 1100 1795 nostri
1122 1769 1168 1795 ta-

224 1833 296 1853 men
320 1822 444 1853 codices
464 1823 542 1854 nibil
566 1823 695 1855 variant.

298 1882 448 1928 Ilypaea]
482 1884 519 1916 In
545 1885 732 1928 quibusdam
757 1887 853 1918 Plinii
880 1887 1043 1920 codicibus
1067 1889 1169 1931 Hype.

226 1942 386 1977 Gn0T.—-
406 1946 676 1978 Reichenauensis
698 1949 816 1991 spera,
836 1949 1047 1982 Monacenses
1063 1950 1170 1994 (A.C)

227 2009 337 2051 Ilypc3
355 2009 618 2042 Darmstattcnsis
633 2013 723 2055 Ipea,
737 2013 820 2043 unde
837 2014 993 2056 conjicere
1012 2015 1082 2057 quis
1099 2026 1171 2058 pos-

228 2069 280 2109 sit,
298 2070 421 2102 Latinis
441 2071 541 2104 literis
560 2085 616 2116 pro
635 2074 768 2105 Graccis
785 2076 922 2118 acceptis
944 2077 1046 2107 Hiera
1066 2077 1173 2117 legen-

229 2132 303 2163 dum
325 2144 412 2173 esse,
441 2145 504 2176 quo
525 2135 651 2166 nomine
672 2148 754 2167 nune
775 2136 845 2167 illas
873 2138 992 2168 insulas
1021 2138 1173 2181 appellari

229 2196 306 2226 satis
334 2201 459 2227 constat
491 2197 571 2239 (vid.
601 2198 709 2229 Ulzcrt.
736 2200 773 2230 T.
796 2199 843 2240 Π,
873 2201 912 2234 Ρ.
941 2201 982 2242 2,
1015 2213 1046 2245 p.
1068 2201 1173 2244 462),

230 2263 350 2288 mutare
375 2263 480 2288 tamen
499 2258 576 2289 nibil
601 2259 712 2291 audeo.

303 2318 408 2364 Stipa]
429 2319 525 2351 Forte
546 2326 581 2351 ut
598 2320 738 2351 Plinium
757 2332 940 2366 sequamur:
961 2323 1048 2356 »Sita
1070 2329 1175 2355 autem

230 2382 308 2414 eitra
327 2388 375 2413 cst
397 2383 534 2425 Oglasa,
560 2384 641 2415 intra
659 2384 690 2415 in
711 2370 905 2426 sexagesimo
927 2386 1078 2418 Corsicae
1101 2387 1174 2418 Pla-

232 2444 353 2484 naria«,
389 2444 449 2475 nisi
476 2457 533 2488 pro
565 2445 657 2488 Slipa
689 2446 777 2486 legas
807 2446 896 2477 Slim
923 2449 1013 2489 cnjus
1036 2448 1178 2480 meminit

232 2508 324 2538 Mela.
359 2508 547 2539 Planariam
578 2509 631 2539 alii
664 2510 850 2540 Planasiam
882 2511 1005 2550 dicunt,
1032 2517 1067 2542 ut
1089 2511 1176 2542 Ptol.

234 2569 277 2599 Et
301 2568 343 2600 ita
369 2569 469 2602 codex
496 2569 661 2611 Vulcanii,
688 2582 782 2615 quem
807 2583 866 2603 nos
894 2571 1177 2615 sequimmanor.

1725 817 1826 857 item
1876 815 2167 867 Columbaria,

1216 967 1263 972 —
1290 948 1404 980 Codex
1428 949 1634 981 Monacensis
1656 947 1716 992 (Α)
1733 948 1851 992 8Ιῃρα5
1875 955 2039 993 praeterea
2060 948 2094 980 in
2115 958 2165 979 co-

1216 1009 1340 1041 dicibus
1362 1009 1438 1041 nihil
1466 1010 1609 1041 subsidii.
1643 1010 1770 1042 Vereor
1789 1022 1829 1042 ne
1857 1011 1908 1043 hie
1941 1022 2070 1054 quoque
2099 1020 2167 1042 cor-

1216 1079 1310 1116 rupto
1327 1073 1425 1104 Plinii
1443 1074 1616 1116 exemplari
1629 1086 1705 1104 usus
1724 1074 1776 1113 sit,
1795 1080 1826 1105 et
1848 1086 1957 1106 vocem
1969 1074 2072 1115 Sylla,
2088 1084 2169 1117 quae

1217 1137 1299 1179 apud
1334 1137 1423 1167 illum
1451 1136 1625 1176 antecedit,
1665 1141 1845 1179 corruptam
1871 1137 1932 1168 huc
1959 1135 2167 1169 transtulerit.

1217 1199 1314 1231 Plinii
1343 1199 1439 1230 verba
1472 1200 1550 1230 haec
1582 1204 1670 1230 sunt:
1702 1187 1809 1231 »Citra
1840 1204 1889 1230 est
1917 1198 2055 1240 Oglasa3
2087 1198 2169 1230 intra

1217 1274 1293 1294 vero
1325 1262 1489 1302 sexaginta
1515 1262 1612 1292 millia
1641 1274 1792 1305 passuum
1820 1274 1836 1293 a
1865 1261 1998 1293 Corsica
2020 1262 2171 1293 Planaria

1219 1338 1236 1356 a
1251 1325 1359 1368 specie
1379 1324 1472 1363 dicta,
1491 1324 1633 1367 aequalis
1647 1325 1728 1355 freto
1748 1325 1885 1367 ideoque
1902 1323 2035 1365 navigiis
2049 1324 2172 1357 fallam«

1294 1384 1470 1429 Planasia]
1505 1385 1684 1417 Salmasius
1709 1386 1761 1429 (ad
1786 1385 1888 1418 Solin.
1910 1398 1941 1429 p.
1966 1386 2027 1428 96)
2049 1398 2173 1418 errasse

1217 1448 1287 1480 vult
1309 1449 1517 1488 Martialium,
1553 1448 1638 1492 quod
1664 1449 1852 1480 Planasiam
1873 1449 2006 1480 eandem
2029 1449 2175 1481 habuerit

1220 1523 1292 1542 eum
1320 1510 1417 1542 Plinii
1441 1511 1620 1549 Planam'a,
1651 1522 1748 1553 quum
1772 1511 1868 1552 liujus
1891 1522 2007 1542 nomeu
2024 1511 2172 1543 Latinum

1220 1574 1261 1605 sit
1287 1585 1304 1604 a
1328 1575 1461 1616 planitie
1481 1573 1629 1609 ductum,
1664 1573 1750 1604 illius
1781 1573 1940 1604 Graecum
1963 1587 1980 1605 a
2005 1573 2171 1621 Jt'Zathv,

1220 1636 1307 1679 qnod
1331 1641 1381 1667 cst
1402 1636 1433 1666 in
1458 1648 1599 1667 errorem
1627 1636 1760 1673 ducere,
1782 1635 1916 1679 fauere,-
1942 1641 1974 1666 et
1998 1642 2082 1667 certe
2106 1636 2172 1668 Pli-

1219 1700 1292 1730 nius
1332 1699 1400 1742 ipse
1432 1711 1507 1729 mox
1545 1699 1673 1729 alteram
1707 1699 1896 1730 Planasiam
1933 1705 2174 1739 commemorat,

1221 1774 1302 1806 quae
1323 1762 1500 1793 xxxvm
1518 1762 1656 1792 millibus
1676 1762 1714 1793 al)
1736 1762 1802 1792 Ilva
1819 1762 1931 1802 distet,
1958 1763 2015 1793 sed
2034 1762 2175 1794 Plinium

1220 1826 1327 1870 potius
1355 1825 1487 1856 dixerim
1516 1825 1594 1856 duas
1620 1826 1733 1857 secisse
1758 1837 1838 1868 quae
1864 1838 1926 1857 una
1949 1831 2052 1867 esset,
2079 1838 2177 1870 quum

1223 1887 1307 1931 apud
1334 1886 1475 1930 reliquos
1501 1899 1563 1918 una
1580 1892 1701 1918 tantum
1724 1887 1899 1918 Planasiae
1920 1888 2047 1919 nomine
2069 1899 2176 1920 occur-

1222 1956 1286 1990 rat,
1312 1961 1417 1993 neque
1442 1950 1633 1980 Planariam
1656 1950 1757 1993 ipsam
1777 1962 1793 1981 e
1815 1951 1931 1982 Latino
1954 1952 2060 1995 potius
2083 1962 2177 1995 quam

1223 2013 1350 2046 Gracco
1370 2025 1515 2043 sermone
1539 2013 1742 2043 derivandam
1769 2014 1799 2044 ei
1821 2014 1920 2045 visam
1940 2026 2011 2046 esse
2029 2013 2102 2044 inde
2124 2025 2175 2056 ap-

1223 2079 1329 2119 paret,
1367 2074 1452 2117 quod
1479 2074 1630 2117 fallacem
1661 2074 1816 2117 appellat,
1848 2074 1934 2117 quod
1970 2074 2094 2106 Graece
2128 2080 2176 2105 est

1223 2136 1451 2172 πλανῶὔαν.

1298 2199 1441 2244 [filium]
1469 2201 1558 2230 Duas
1581 2200 1692 2231 eodem
1714 2199 1841 2230 nomine
1863 2198 1984 2229 insulas
2004 2210 2177 2241 agnoscere

1225 2263 1366 2296 Plinium
1398 2269 1485 2307 patet
1513 2275 1553 2294 cx
1586 2263 1655 2303 ejus
1689 2262 1811 2300 verbis,
1841 2261 1867 2292 si
1892 2267 1977 2293 recte
1997 2262 2177 2307 capiantur:

1232 2326 1419 2370 nssapraria,
1451 2325 1570 2369 inquit,
1603 2337 1697 2368 quam
1729 2324 1845 2356 Graeci
1872 2325 2025 2366 Aegilion
2052 2325 2177 2363 dixere3

1225 2390 1302 2421 item
1320 2388 1482 2430 Aegilium
1498 2393 1530 2419 et
1552 2387 1737 2424 Dianium«,
1767 2388 1858 2431 quasi
1880 2387 1962 2419 (licat
1982 2388 2074 2420 »item
2093 2389 2177 2420 aliud

1227 2450 1389 2492 Acgilium
1412 2455 1523 2482 contra
1544 2449 1707 2482 Cosanum
1729 2449 1819 2480 littus
1843 2449 2002 2480 diversum
2020 2450 2059 2481 ab
2080 2449 2177 2491 Aegi-

1227 2512 1272 2544 lio
1294 2524 1374 2555 quae
1395 2511 1583 2553 Capraria«3
1612 2511 1668 2542 sed
1692 2516 1768 2554 puto
1795 2522 1866 2542 eum
1897 2523 2001 2542 errare
2027 2516 2057 2542 ct
2082 2521 2177 2542 unum

1228 2585 1300 2606 esse
1332 2572 1503 2614 Argilium.
1543 2572 1599 2605 Sic
1626 2568 1805 2615 Affldhsr
1834 2576 1865 2603 ct
1894 2567 2041 2605 ‘Istovfiav
2069 2571 2176 2604 Ptole-
