2310 2860
249 136 341 180 550
824 135 1022 178 Martiani
1061 133 1260 193 Capellae
1295 135 1366 176 lib.
1396 135 1472 178 IV.
1510 139 1542 190 ᾗ.
1566 139 1670 181 565.

247 254 307 286 est
329 243 491 300 primae
514 241 791 295 substantiae,
821 242 1007 284 secunda
1036 242 1267 284 substantia
1298 258 1386 285 esse
1416 244 1675 300 intelligitur.
1733 245 1795 287 Ita
1825 261 1922 302 ergo
1951 246 2196 288 substantiis

246 324 444 366 omnibus
474 338 703 365 commune
738 334 796 366 est
825 340 910 365 non
941 339 1030 365 esse
1060 324 1103 365 in
1133 324 1322 379 subjecto
1333 340 1346 378 3
1404 326 1545 382 primo
1577 341 1680 367 vero
1723 341 1801 367 nec
1832 325 1885 368 de
1914 328 2104 383 subjecto
2137 335 2197 368 est

246 406 498 463 substantia,
538 420 615 446 nec
652 405 810 446 intendi
855 421 934 446 1100
970 405 1126 446 remitti
1178 415 1333 461 potest,
1388 407 1432 448 id
1463 419 1543 459 est,
1580 409 1776 465 *recipere
1806 409 1939 464 magis
1971 419 2010 450 et
2038 410 2194 451 minus.

244 487 467 543 Siquidem
491 502 617 528 nemo
641 487 812 528 homine
837 487 916 528 alio
939 489 1072 543 magis
1097 488 1228 529 homo
1260 499 1337 541 est,
1370 498 1409 530 et
1433 505 1510 530 nec
1538 491 1626 546 ipse
1655 505 1768 531 unus
1791 490 1923 531 homo
1950 490 2082 545 magis
2105 504 2196 532 cras

246 567 324 608 erit
348 566 500 620 homo,
532 584 666 625 quam
692 569 817 610 hodie
848 569 948 621 fuit,
975 579 1014 611 et
1043 569 1085 610 in
1115 569 1314 622 diversis,
1345 585 1429 611 non
1462 571 1592 625 magis
1620 585 1758 627 equus
1789 585 1927 627 equus
1960 579 2197 624 est‚vquam

245 646 377 688 homo
410 648 554 690 homo.
615 650 707 691 Hoc
741 660 881 692 autem
914 650 1233 693 observandum
1267 661 1327 693 est
1359 652 1402 694 in
1434 653 1672 694 substantiis
1703 654 1811 695 inter
1845 661 2056 694 consortes
2088 665 2199 704 suas,

245 728 288 771 id
322 739 402 782 est,
433 741 480 772 ut
509 732 695 788 primam
730 733 893 789 primae
923 748 1172 789 compares,
1209 732 1440 774 secundam
1473 733 1696 775 secundae.
1752 734 1868 775 Nam
1898 733 1932 774 'si
1961 731 2198 774 secundam

243 811 410 867 primae
449 828 690 869 comparOS,
733 815 865 870 magis
910 814 1142 856 substantia
1181 823 1241 855 est
1284 814 1422 870 prima
1459 829 1590 869 quam
1636 813 1838 855 secunda.
1907 813 2053 855 Prima
2085 812 2201 854 enim

243 907 338 934 rem
361 894 494 949 magis
519 893 724 947 declarat3
755 896 940 937 secunda
961 912 1063 939 vero
1086 896 1215 938 habet
1240 896 1459 952 quandam
1485 897 1843 938 communionum
1865 895 2200 952 ambiguitatem.

242 972 358 1014 Nam
390 989 529 1029 quum
560 975 653 1016 dico
679 975 846 1027 Cicero,
875 977 963 1032 jam
996 977 1202 1034 quiddam
1230 978 1504 1020 individuum
1535 989 1791 1034 certumque
1821 977 2028 1034 signifi003
2061 990 2201 1034 quum

244 1052 337 1095 dico
377 1054 529 1107 homo,
580 1059 784 1112 quoniam
830 1062 968 1102 cuncti
1007 1076 1156 1102 sumus
1201 1061 1303 1102 huic
1350 1060 1620 1115 appellationi
1662 1059 1840 1110 subditi,
1893 1059 2105 1100 incertum
2141 1065 2201 1098 est

243 1147 376 1187 quem
414 1135 657 1189 significem.
715 1138 777 1179 Ita
812 1154 910 1195 ergo
950 1140 1014 1192 fit,
1062 1150 1108 1181 ut
1149 1140 1281 1195 magis
1315 1140 1366 1180 sit
1394 1140 1627 1181 substantia
1663 1140 1803 1196 prima
1833 1154 1966 1195 quam
1997 1137 2199 1190 secunda,

122 1210 214 1256 566
244 1215 346 1269 quia
382 1230 475 1257 rem
514 1217 667 1258 certius
708 1220 896 1261 ostendit.
960 1221 1092 1277 Magis
1133 1235 1232 1276 ergo
1273 1228 1312 1260 et
1349 1218 1492 1259 minus
1532 1219 1764 1260 substantia
1793 1234 1879 1260 non
1913 1219 2063 1274 recipit
2091 1218 2200 1259 inter

672 1299 780 1340 Item
818 1301 1049 1342 substantia
1088 1301 1349 1343 contrarium
1386 1300 1492 1341 nihil
1531 1300 1672 1342 habet.
1736 1301 1852 1342 Nam
1891 1299 1998 1340 nihil
2036 1298 2202 1340 homini

243 1304 455 1336 consortes
495 1311 606 1337 suas.

244 1385 316 1417 aut
351 1391 462 1431 equo
495 1379 778 1432 contrarium3
818 1381 891 1421 sed
922 1382 954 1422 si
983 1383 1076 1437 quis
1109 1382 1284 1433 dixerit,
1316 1381 1514 1423 Clodium
1541 1382 1734 1424 Ciceroni
1768 1382 1896 1423 fuisse
1926 1381 2202 1433 contrarium,

241 1455 431 1510 intelligit
463 1471 549 1498 11011
589 1458 699 1513 ipsas
737 1460 988 1502 substantias
1028 1462 1157 1503 fuisse
1197 1463 1276 1504 sibi
1315 1463 1566 1514 contrarias,
1617 1463 1693 1505 sed
1731 1463 1975 1519 qualitates,
2015 1462 2201 1518 quaein

240 1535 338 1591 ipsis
369 1547 505 1588 erant,
552 1548 600 1579 ut
629 1540 835 1582 malitiam
866 1542 1061 1592 bonitati,
1109 1553 1181 1584 aut
1221 1545 1375 1585 vitium
1415 1545 1581 1595 virtuti,
1624 1555 1696 1586 aut
1732 1545 1975 1598 injustitiam
2007 1545 2201 1599 justitiae.

241 1615 426 1656 Videtur
466 1627 608 1658 autem
647 1620 904 1659 substantiae
946 1622 1194 1677 proprium,
1239 1624 1358 1677 quod
1388 1639 1475 1665 una
1510 1625 1749 1679 eademque
1780 1638 1914 1677 capax
1945 1632 2005 1664 est
2036 1633 2201 1666 contra-

243 1696 406 1737 riorum
441 1697 632 1752 quadam
662 1700 728 1739 sui
756 1702 1090 1756 permutatione,
1121 1713 1168 1744 ut
1197 1703 1325 1759 lapis,
1358 1719 1496 1759 quum
1528 1705 1641 1745 idem
1666 1705 1737 1755 sit,
1769 1714 1904 1760 potest
1933 1719 2049 1745 nunc
2079 1704 2202 1745 albus

245 1791 333 1817 esse
362 1791 477 1818 nunc
512 1779 650 1833 niger,
688 1779 802 1820 idem
840 1790 983 1822 tamen
1014 1783 1119 1839 lapis
1155 1798 1243 1824 esse
1274 1798 1359 1824 uon
1389 1784 1564 1838 desinit3
1607 1793 1647 1826 et
1688 1784 1837 1826 Cicero
1867 1784 2007 1841 primo
2036 1784 2202 1837 stultus,

244 1866 390 1913 postea
423 1859 608 1914 sapiens,
647 1860 760 1902 idem
792 1871 934 1905 tamen
970 1863 1118 1907 Cicero
1150 1880 1238 1907 esse
1267 1881 1353 1907 non
1384 1864 1544 1906 desinit.

316 2007 418 2049 mayis
446 2012 477 2038 et
507 2006 631 2052 minus]
660 2008 733 2040 Hoc
765 2021 893 2054 quoque
928 2023 969 2043 ex
1001 2011 1197 2053 Aristotele,

247 2068 301 2111 qui
327 2070 439 2113 (eateg.
464 2071 503 2110 5,
529 2072 581 2113 8):
604 2068 648 2105 τὸ
670 2068 771 2113 εἶδος
791 2073 860 2109 τοῦ
881 2072 1025 2121 γένους
1049 2076 1198 2120 μᾶλλον

247 2129 378 2174 οὐσία,
411 2131 529 2175 inquit,
568 2130 701 2168 αὐτῶν
736 2134 777 2170 ὃὲ
814 2136 895 2171 τῶν
934 2137 1046 2173 εἰδῶν
1084 2137 1198 2173 οὐδὲν

246 2193 396 2236 μᾶλλον
419 2193 550 2241 ἕτερον
577 2197 710 2243 ἑτέρου
735 2196 848 2235 ool-6205
872 2199 969 2237 ἐστὶι
990 2208 1021 2234 et
1039 2204 1134 2247 paulo
1151 2203 1197 2234 in-

245 2257 292 2289 fra
319 2258 372 2301 (5,
398 2258 475 2300 20):
495 2261 599 2294 δοκεῖ
623 2260 662 2295 δὲ
685 2258 708 2306 ἡ
734 2259 846 2298 οὐσία
867 2263 918 2311 μὴ
944 2266 1201 2311 ἐπιδέχεσθαι

247 2317 291 2354 τὸ
322 2320 471 2363 μᾶλλον
497 2320 561 2357 καὶ,
593 2321 637 2357 τὸ
666 2317 803 2369 ἦττον·
832 2327 934 2374 λέγω
964 2328 1005 2364 δὲ
1035 2327 1117 2375 οὐχ
1142 2328 1202 2365 ὅτι

247 2378 385 2422 οὐόἱας
411 2380 481 2418 οὐκ
510 2385 589 2419 ἔστι
616 2386 766 2428 μᾶλλον
788 2386 850 2422 καὶ
874 2383 995 2435 ἧττον
1019 2388 1133 2427 οὐσία
1151 2413 1199 2418 —

247 2443 367 2478 τοῦτο
393 2443 462 2487 μὲν
488 2443 562 2493 γὰρ
592 2447 736 2492 εἴρηται
766 2446 825 2483 ὅτι
849 2451 952 2486 ἔστιν
969 2471 1016 2477 —
1037 2451 1121 2488 ἀλλ’
1142 2451 1201 2489 ὅτι

248 2503 386 2552 ἑκάστη
415 2504 528 2543 οὐσία
560 2509 674 2544 τοῦθ’
706 2507 800 2558 ὅπερ
832 2512 936 2549 ἐστὶν
971 2513 1018 2551 οὐ
1049 2516 1202 2563 λέγεται

248 2567 398 2610 μᾶλλον
420 2568 483 2605 καὶ
506 2563 626 2616 ἦττον
643 2585 675 2607 κ.
697 2583 728 2608 τ.
750 2573 783 2608 λ.

1322 2012 1384 2044 sibi
1401 2008 1593 2055 contrarias]
1613 2009 1740 2042 lusci-ui
1762 2011 1825 2043 sibi
1842 2022 1860 2043 e
1883 2009 1993 2043 codice
2014 2010 2202 2045 monacensi

1251 2076 1315 2121 (F).
1346 2076 1397 2106 De
1416 2086 1450 2105 1-0
1476 2074 1546 2118 ipsa
1570 2074 1642 2106 1-1(Ιο
1665 2074 1874 2106 Aristotelem
1897 2075 1949 2117 (5,
1977 2073 2046 2116 18).

1323 2137 1462 2184 quadam
1487 2135 1550 2180 sui]
1577 2137 1674 2167 Forte
1701 2136 1788 2167 „sine
1814 2122 2022 2178 quadam‘sui
2043 2141 2200 2178 permuta-

1250 2201 1373 2236 tionem,
1399 2206 1434 2230 ut
1453 2202 1512 2230 hoc
1537 2200 1621 2230 dicat
1637 2199 1722 2242 quod
1745 2203 1855 2229 auctor
1877 2197 1951 2228 libri
1973 2196 2063 2244 περὶ
2089 2209 2201 2244 κατη-

1249 2248 1412 2311 γοριῶνι
1439 2259 1603 2306 μάλιστα
1635 2260 1675 2296 ὃὲ
1705 2261 1803 2295 ἴδιον
1834 2259 1906 2305 τῆς
1933 2256 2071 2301 οὐσίας
2098 2263 2203 2297 δοκεῖ

1252 2322 1349 2361 εἶναι
1374 2323 1419 2359 τὸ
1437 2321 1583 2358 ταύτὸν
1604 2320 1668 2357 καὶ
1687 2323 1728 2357 ἓν
1753 2319 1908 2368 ἀριθμῷ
1932 2318 1979 2356 ὃν
1997 2321 2079 2357 τῶν
2096 2321 2202 2358 ἐναν-

1251 2388 1346 2424 τίων
1375 2384 1472 2422 εἶναι
1501 2382 1682 2422 δεκτικόν.
1723 2385 1761 2418 Si
1782 2381 1914 2426 ταύτὸ,
1943 2387 2004 2419 hoc
2026 2392 2076 2418 est
2097 2387 2202 2426 idern,

1252 2463 1327 2493 ergo
1345 2450 1412 2481 sine
1435 2449 1571 2494 quadam
1595 2448 1644 2479 sui
1667 2447 1908 2492 permutatione.
1925 2448 2091 2481 Gnor.—
2118 2448 2202 2482 Cau-

1253 2528 1318 2548 sam
1353 2512 1558 2546 correctionis
1588 2524 1653 2543 non
1687 2511 1799 2551 video-3.
1837 2511 1915 2543 satis
1948 2511 2033 2544 enim
2066 2511 2203 2544 servavit

1253 2575 1438 2612 Aristotelis
1473 2574 1661 2608 sententiam
1691 2573 1724 2606 in
1750 2572 1856 2606 verbis
1887 2584 1967 2605 »una
1990 2572 2201 2618 eademquen3
