2310 2860
772 146 971 189 Martiani
1004 146 1202 202 Capellae
1232 146 1303 187 lib.
1334 146 1407 187 VI.
1439 147 1469 198 ὑ.
1496 146 1595 187 (397.

2071 148 2162 189 565

202 268 471 305 mensuram,
517 254 653 295 rutilis
685 255 836 305 comis,
880 254 1082 296 caeruleis
1116 253 1270 303 oculis,
1302 253 1495 294 trucioris
1530 253 1640 304 soni,
1685 254 1803 294 nullo
1838 254 2006 308 linguae
2039 267 2156 293 com-

202 334 362 375 mercio
394 334 511 390 genti
542 334 660 376 alteri
692 335 928 387 sociantur3
969 350 1066 375 cum
1099 334 1430 389 negotiatoribus
1464 334 1550 374 aliis
1582 335 1621 375 iu
1655 335 1744 390 ripa
1777 330 1963 376 fluminis
1997 349 2156 375 merces

200 427 442 471 apponunt,
482 433 529 459 ac
570 416 641 459 vix
681 418 953 474 complacitas
991 426 1170 458 mutant.

1228 418 1352 457 Aetas
1391 415 1449 455 illi
1482 416 1591 457 ultra
1623 416 1858 457 humanam
1892 417 2155 472 fragilitatem

201 498 388 554 prolixa,
430 510 477 540 ut
507 501 736 542 immature
772 510 937 556 pereat,
984 501 1059 555 qui
1100 498 1364 540 centenarius
1405 497 1608 549 moritur3
1652 498 1755 538 nulli
1790 513 1865 554 per
1897 498 2006 539 diem
2041 512 2156 538 som-

199 594 301 633 nus3

361 595 528 622 annona
584 582 732 623 eodem
787 596 957 637 semper
1004 590 1170 632 tenore3

1231 578 1420 620 aedilicia
1467 579 1645 620 humilia
1702 594 1936 634 parvaque.
2010 579 2154 620 Vitem

197 663 410 715 nesciunt3
460 664 701 705 redundant
732 664 882 720 pomis.
930 664 1162 705 Herculem
1195 661 1361 713 colunt3
1392 676 1534 717 regem
1570 676 1692 711 eum,
1724 661 1799 716 qui
1826 661 1965 701 mitior
1988 659 2157 715 gravior

200 758 246 785 ac
284 745 372 786 sine
413 746 529 801 prole
570 746 718 796 fuerit,
772 746 951 802 eligunt3
998 755 1037 787 et
1085 746 1117 786 si
1158 746 1198 785 in
1244 759 1373 799 reguo
1416 743 1578 799 prolem
1618 742 1868 798 susceperit,
1914 750 2155 791 removent,

200 825 507 868 hereditarium
554 826 828 868 formidantes
867 827 1120 882 imperium3
1169 841 1268 867 eum
1303 840 1389 880 quo
1421 834 1562 865 tamen
1596 824 1664 864 alii
1695 824 1859 879 triginta
1891 832 2157 880 cognoscunt,

200 916 240 948 ct
269 908 301 948 si
326 908 452 949 fuerit
486 918 763 963 provocatum
796 909 1060 964 septuaginta
1091 909 1251 963 judices
1285 906 1401 949 liunt.
1434 907 1527 945 Rex
1558 905 1703 946 Liberi
1736 904 1862 960 patris
1895 905 2011 945 cultu
2039 918 2157 945 com-

200 991 393 1044 ponitur,
432 1000 470 1030 et
500 990 532 1030 si
567 990 823 1045 peccaverit,
855 989 1073 1031 interdicto
1108 990 1225 1030 omni
1258 1004 1339 1033 usu
1368 998 1407 1029 et
1438 988 1650 1043 colloquio
1685 987 1917 1042 jugulatur.
1958 986 2157 1026 (fulturas

202 1079 242 1110 ct
273 1079 450 1111 venatus
483 1080 640 1119 amant,
672 1084 824 1110 verum
851 1070 1049 1124 tigridum
1084 1080 1158 1112 aut
1180 1071 1528 1126 elephantorum3
1562 1069 1859 1124 piseationibus
1884 1067 2160 1116 delectantur,

200 1152 447 1207 pracsertim
481 1150 764 1202 testudinui'n,
796 1167 984 1206 quarum
1017 1151 1242 1208 superficie
1272 1151 1422 1192 domos
1453 1150 1714 1190 familiarum
1748 1163 1921 1203 capaces
1953 1147 2160 1202 operiunt.

2187 657 2274 699 698

204 1231 368 1273 Dehine
392 1232 584 1273 habitant
606 1232 939 1289 Ichthyophagi,
984 1248 1092 1288 quos
1124 1230 1367 1274 Alexander
1401 1230 1510 1271 vesci
1543 1230 1725 1285 pise-ibus
1751 1229 1902 1280 vetuit,
1934 1243 2010 1269 11οο
2039 1228 2160 1283 longe
2194 1225 2281 1267 6922)

201 1312 339 1354 insula
370 1314 476 1354 Solis
509 1328 620 1369 quae
651 1313 823 1366 dicitur,
855 1323 895 1355 et
924 1314 1234 1369 Nympharum
1267 1313 1407 1353 cubile
1439 1312 1619 1363 rubens,
1651 1312 1693 1352 in
1726 1325 1814 1366 qua
1845 1324 1971 1350 omne
2005 1308 2162 1349 animal

274 1459 438 1492 hominum
454 1458 649 1505 mensuram]
677 1460 952 1492 Reichenaueusis
975 1460 1077 1492 codex
1099 1471 1157 1504 pro

200 1520 366 1553 hominum
388 1522 518 1554 exhibet
545 1524 704 1561 omnium,
733 1522 827 1553 solita
850 1522 1048 1553 confusione.

274 1582 437 1628 trucioris]
466 1584 608 1615 Plinius:
633 1583 717 1615 »oris
736 1595 816 1615 sono
839 1584 937 1623 truci,
962 1584 1052 1615 nullo
1073 1595 1157 1615 com-

200 1645 318 1677 mercio
336 1645 491 1687 linguae«
527 1645 583 1678 Sic
607 1646 795 1687 legendum,
819 1645 895 1677 item
923 1645 1007 1688 apud
1030 1645 1158 1677 Martia-

202 1721 293 1740 num:
322 1709 496 1741 »caeruleis
525 1709 642 1749 oculis,
676 1709 757 1741 truci
791 1709 856 1740 oris
888 1721 994 1741 soum«
1016 1709 1158 1742 sams.

200 1772 254 1816 (ad
273 1771 376 1805 Solin.
394 1787 426 1817 p.
445 1774 564 1816 1118).
578 1793 625 1797 —
646 1773 758 1806 Invitis
775 1773 939 1805 codicibus
958 1773 1035 1805 nihil
1058 1779 1158 1813 muto,

203 1848 262 1868 nce
287 1837 429 1869 mutandi
451 1850 578 1870 causam
601 1838 712 1875 video,
740 1849 837 1881 quum
864 1837 1041 1868 Martianus
1062 1848 1158 1881 saepe

203 1903 368 1930 auctorum
391 1910 521 1930 suorum
548 1899 645 1930 verba
668 1898 819 1929 aliorsum
842 1898 960 1930 flectat.

278 1960 543 2006 neqotialoribus]
570 1962 608 1993 ld
632 1966 682 1993 est
702 1973 773 1993 cum
792 1960 942 2000 Seribus‚
971 1965 1007 1991 ut
1030 1971 1070 1991 ex
1092 1959 1158 1990 Pli-

200 2023 254 2055 nio
288 2030 435 2068 apparet,
480 2035 617 2067 quorum
654 2023 919 2055 consuetudinem
958 2033 1053 2065 supra
1091 2021 1158 2063 jam

202 2087 230 2132 ξ.
245 2087 334 2131 895)
352 2093 544 2120 narraverat.
571 2088 621 2118 De
647 2086 943 2131 Taprobanensium
967 2085 1157 2117 commercio

202 2151 243 2184 in.
253 2151 437 2184 universum
455 2151 526 2183 vide
550 2151 704 2183 lleerenii
728 2151 805 2182 diss.
824 2150 863 2182 de
886 2150 1031 2194 Ceylone
1054 2149 1159 2181 insula

202 2226 260 2258 per
283 2215 394 2257 viginti
418 2216 483 2247 fere
515 2216 622 2248 secula
649 2215 810 2248 communi
834 2215 988 2246 terrarum
1013 2213 1159 2245 marium-

204 2287 266 2321 que
289 2277 475 2308 australium
498 2277 640 2321 emporio
664 2276 853 2321 (Gottingae
878 2278 984 2309 1851.
1009 2275 1058 2319 4).

280 2336 462 2382 immature]
489 2338 604 2370 Codex
631 2339 760 2382 quidem
783 2338 988 2371 Monacensis
1014 2336 1072 2382 (A)
1094 2349 1159 2368 mo-

204 2407 315 2441 turae,
343 2401 488 2445 alterque
515 2401 570 2444 (C)
602 2408 634 2433 ct
660 2403 928 2434 Darmstattensis
955 2407 1081 2434 malm-e
1105 2413 1158 2432 ex·

204 2465 329 2497 hibent:
351 2465 409 2496 sed
432 2465 590 2506 vulgatam
613 2466 745 2507 retinui,
772 2467 845 2512 quia
871 2466 1005 2499 Solinus
1024 2464 1116 2510 (55),
1145 2475 1163 2495 0

205 2540 269 2570 quo
294 2527 470 2559 Martianus
495 2526 683 2571 plerumque
706 2540 763 2560 sua
789 2529 900 2568 habet,
925 2529 964 2560 de
993 2530 1163 2560 inimatum

206 2594 307 2621 »vorle
332 2589 412 2620 illud
436 2588 542 2622 tradit.
568 2590 747 2634 Utrumque
771 2590 898 2622 defendi
923 2601 1020 2635 posse
1039 2588 1163 2623 Salma-

1209 1460 1276 1491 sius
1294 1458 1346 1503 (ad
1365 1457 1469 1490 Solin.
1490 1470 1519 1501 p.
1540 1456 1651 1500 1118)
1669 1456 1771 1488 evicit.
1797 1454 1967 1486 Lucretius
1986 1454 2038 1498 (5,
2060 1451 2162 1495 222):

1260 1541 1308 1546 --
1326 1541 1374 1545 —
1395 1534 1500 1568 »quur
1521 1522 1602 1551 αηηὶ
1627 1525 1768 1563 tempora
1788 1519 1912 1550 morbos
1930 1566 1932 1569 Ι

1258 1586 1466 1629 Adportanl?
1493 1596 1557 1631 qua
1576 1596 1611 1615 re
1639 1595 1724 1614 mors
1752 1583 1918 1613 immatura
1942 1579 2113 1624 vaqatur2'«

1209 1650 1259 1681 De
1285 1649 1403 1692 duplici
1431 1649 1459 1679 vi
1484 1648 1632 1679 vocabuli
1657 1653 1781 1678 »tualure
1812 1647 1883 1678 vide
1915 1645 2056 1677 Gellium
2084 1643 2164 1686 (10,

1212 1711 1280 1751 11).
1323 1711 1476 1743 Ceterum
1505 1711 1564 1753 pro
1595 1710 1643 1740 illi
1668 1708 1719 1741 vel
1749 1709 1811 1739 illis
1838 1707 1889 1739 vel
1910 1708 1974 1739 illic
1995 1705 2166 1747 legendum

1209 1775 1349 1813 videtur,
1376 1774 1437 1805 nisi
1463 1775 1502 1805 ad
1526 1779 1654 1817 flentem
1674 1773 1857 1804 reseramus.

1284 1840 1319 1868 in
1336 1835 1447 1881 reque]
1474 1837 1500 1867 E
1517 1837 1626 1868 codice
1648 1833 1925 1874 Reiclienauensi3
1950 1831 2084 1869 Grotius
2101 1831 2166 1862 edi-

1210 1901 1256 1933 dit
1286 1901 1335 1931 nin
1360 1912 1529 1943 requam«.
1557 1900 1692 1931 Solinus
1719 1897 1793 1943 (55)
1821 1898 1914 1929 »dum
1938 1900 2086 1937 regnat«,
2116 1893 2167 1925 eui

1209 1963 1290 1994 adde
1314 1961 1456 1993 Plinium
1484 1962 1541 2006 (6,
1567 1962 1616 1992 22
1637 1960 1688 2004 R),
1721 1961 1807 1992 uude
1834 1961 1913 1992 haec
1941 1957 2046 1990 omnia
2068 1956 2166 2001 petita

1210 2030 1294 2057 sunt.

1285 2083 1450 2130 tiqridnm]
1478 2083 1613 2117 Solinus
1637 2083 1678 2129 (c.
1693 2083 1770 2127 55):
1790 2082 2045 2116 »Venationibus
2063 2078 2166 2111 indul-

1210 2155 1302 2192 gent,
1340 2162 1398 2181 nec
1431 2149 1570 2193 plebejas
1602 2153 1700 2190 agunt
1730 2147 1883 2191 praedas,
1917 2145 2035 2189 quippe
2070 2153 2166 2186 quum

1209 2214 1307 2255 tigres
1332 2218 1386 2244 aut
1407 2212 1570 2256 elephanti
1591 2217 1713 2243 tantum
1731 2211 1945 2254 requirantur.
1971 2207 2071 2240 Maria
2087 2216 2165 2248 quo-

1209 2289 1272 2322 que
1311 2277 1532 2321 expiscanturg,
1572 2275 1709 2308 marinas
1740 2273 1917 2306 testudines
1951 2281 2063 2314 capere
2090 2280 2166 2310 gau-

1210 2340 1313 2372 dent.«
1349 2338 1484 2371 Grotius
1511 2337 1678 2380 »tigridum
1710 2341 1764 2368 aut
1792 2335 2033 2378 elephantorum
2064 2330 2165 2374 pisca-

1210 2401 1368 2433 tionibus«
1389 2400 1551 2442 junxerat.

1290 2462 1539 2509 Ieltihyoplmyi]
1567 2463 1690 2496 Confer
1713 2459 1885 2493 Arrianum
1914 2456 1959 2501 (iu
1987 2455 2085 2487 101110.
2106 2457 2165 2491 51,

1215 2542 1245 2575 p.
1261 2528 1350 2572 612)
1368 2534 1400 2559 et
1420 2527 1613 2560 Strabonem
1631 2527 1683 2570 (2,
1706 2538 1737 2568 p.
1751 2525 1817 2562 963
1847 2522 1909 2561 15,
1930 2533 1961 2564 p.
1982 2520 2054 2551 720
2068 2518 2166 2560 Cas).

1289 2591 1396 2624 insula
1409 2589 1506 2636 Solis]
1529 2586 1728 2633 Pomponius
1747 2588 1819 2627 post
1837 2582 2030 2615 mentionem
2046 2581 2166 2626 Tapro-

1687 2647 1730 2679 71
1748 2642 1771 2669 ss
