2310 2860
110 728 194 772 818

105 970 191 1011 819

104 1131 192 1173 820

225 219 319 262 644

224 326 332 367 dicta
368 323 495 364 fuisse
537 328 868 370 commemorat,
914 318 1205 372 fabulosisque
1246 318 1494 358 commentis
1536 317 1658 370 Graji
1689 317 1959 372 complevere
1994 318 2175 359 coelum.

778 212 977 254 Martiani
1008 211 1207 268 Capellae
1236 209 1308 251 lib.
1336 209 1454 252 VIII.
1485 211 1514 261 ᾗ.
1540 210 1634 250 817.

224 407 313 460 Ego
347 412 571 459 praecepta
602 402 738 458 potius
771 401 1000 441 edisseram
1032 399 1297 453 disciplinae,
1346 413 1392 438 ac
1427 398 1573 438 decem
1606 398 1687 438 dici
1719 397 1871 438 mundi
1905 399 2082 439 circulos
2112 413 2179 439 as-

226 500 398 537 severo;
430 498 619 539 quorum
654 483 720 523 alii
746 481 957 537 paralleli,
989 495 1095 534 quos
1128 478 1452 533 aequidistantes
1482 480 1632 520 Latine
1662 489 1891 534 possumus
1925 492 2179 529 memorare,

225 565 396 606 eosdem
449 565 567 620 polos
609 563 786 613 habent,
834 575 941 615 quos
989 561 1077 616 ipse
1123 561 1325 603 mundus.
1394 561 1483 601 Poli
1529 561 1640 600 enim
1687 570 1805 610 sunt,
1858 560 1932 613 qui
1968 574 1992 600 a
2038 569 2179 601 centro

225 648 371 689 circuli
401 647 510 687 linea
542 645 749 700 usquein
779 642 1141 704 circumferentias
1173 641 1299 681 ducta
1331 640 1563 681 medietatis
1595 649 1729 680 sectae
1761 655 2005 681 mensuram
2044 655 2181 695 aequa

223 730 384 772 ratione
426 728 727 770 discriminant.
787 725 956 766 Verum
996 739 1046 763 cx
1080 722 1289 777 parallelis
1327 722 1490 777 primus
1532 721 1564 761 is
1601 731 1679 771 est,
1725 722 1800 774 qui
1831 731 1870 761 et
1903 737 2072 777 semper
2103 736 2180 777 ap-

224 825 376 867 parens
421 819 459 850 et
506 808 745 862 contingens
796 804 976 845 confinia
1015 802 1188 844 finitoris
1237 816 1462 855 nunquam
1503 816 1667 841 mersus
1709 802 1906 856 assurgit3
1968 803 2043 856 qui
2086 817 2180 858 sep-

225 888 482 930 tentrionalis
532 886 714 927 circulus
760 885 1009 940 perhibetur
1054 898 1106 924 ex
1147 897 1217 933 eo,
1272 880 1386 935 quod
1421 895 1517 920 cum
1552 882 1718 932 ceteris,
1767 897 1876 936 quae
1908 892 2180 938 promentur,

224 970 347 1010 etiam
395 967 563 1022 gemina
609 966 745 1006 sidera
790 964 1090 1019 Septentrionis
1140 960 1326 1001 includit.
1400 961 1620 1002 Secundus
1670 971 1812 1002 autem
1863 977 1915 1002 ex
1969 961 2180 1017 parallelis

225 1051 440 1093 maximus
475 1047 694 1089 solstitialis
733 1055 812 1096 est,
858 1045 910 1085 ad
948 1059 1077 1097 quem
1119 1043 1189 1085 Sol
1225 1042 1407 1083 aestivus
1440 1042 1642 1083 accedens
1680 1042 1837 1082 solstitii
1870 1041 1951 1082 fine
1984 1041 2180 1097 repulsus

223 1130 419 1173 abscedit.
483 1129 654 1169 Tertius
700 1126 1013 1181 aequinoctialis
1057 1123 1223 1165 medius
1264 1124 1568 1177 maximusque
1613 1132 1886 1173 cunctorum,
1941 1138 2015 1177 per
2048 1136 2181 1177 quem

227 1213 297 1254 Sol
327 1209 535 1260 secundo,
566 1209 634 1249 vel
667 1221 804 1261 quum
838 1207 880 1246 in
923 1206 1124 1245 aestivam
1158 1203 1422 1257 flagrantiam
1458 1204 1615 1258 surgit,
1661 1203 1728 1243 vel
1761 1217 1895 1255 quum
1929 1203 1971 1242 in
2003 1202 2181 1242 hiberna

224 1290 460 1340 descendit,
504 1286 691 1342 quadam
732 1285 881 1325 mundi
920 1285 1142 1325 medietate
1174 1291 1400 1337 pervectus
1431 1296 1677 1322 mensuram
1719 1281 1847 1320 noctis
1881 1281 1986 1321 lucis
2019 1296 2180 1336 aequa—

105 1372 187 1414 821
219 1374 331 1415 litate
362 1378 619 1425 compensat.
677 1367 789 1407 Huic
820 1367 1088 1421 propinquus
1121 1361 1352 1410 brumalis,
1384 1360 1425 1399 in
1458 1374 1589 1413 quem
1619 1359 1794 1399 hiemali
1818 1358 1900 1398 fine
1930 1361 2182 1414 perveniens

109 1455 195 1496 822
225 1457 269 1493 in
301 1450 543 1505 aquilonem
591 1446 732 1486 denuo
771 1445 968 1500 repulsus
1009 1443 1199 1497 assurgit.
1261 1442 1447 1491 Quintus
1483 1450 1624 1481 autem
1658 1441 1862 1496 idemque
1894 1441 2069 1482 ultimus
2101 1456 2179 1483 au-

226 1594 297 1616 eum
323 1581 448 1612 Isidoro
470 1578 577 1621 (etym.
601 1577 643 1615 5,
669 1575 732 1613 71,
758 1573 811 1615 4),
840 1572 894 1616 qui
921 1577 952 1603 et
974 1571 1043 1615 ipse
1068 1571 1178 1603 stellas

226 1646 327 1678 dictas
356 1644 397 1674 ait
426 1654 444 1672 a
476 1641 609 1678 stando,
643 1650 682 1669 eo
714 1636 915 1680 qu0d,fixae
942 1640 1027 1666 stent
1053 1646 1180 1678 semper

225 1709 258 1740 in
283 1706 373 1740 coelo
404 1716 463 1736 nec
499 1702 632 1740 cadant3
657 1700 764 1730 sidera
789 1703 895 1728 tamen
922 1697 1006 1727 idem
1034 1708 1051 1726 a
1077 1697 1178 1727 consi-

226 1769 368 1801 derando
391 1765 498 1809 potius
520 1762 650 1793 derivat.
677 1759 822 1804 Tertium
842 1759 1017 1790 Astraeum
1034 1756 1178 1788 invenies

227 1831 311 1877 apud
335 1828 472 1861 Aratum
498 1826 678 1869 (phaenom.
703 1823 780 1864 87)=

376 1911 423 1916 —
440 1909 488 1915 -—
513 1886 576 1923 »ὅν
601 1885 650 1934 ῥα
679 1886 720 1920 τὲ
747 1887 866 1934 φασιν

270 1957 433 2003 ’Άὸτρων
457 1951 628 1999 ἀρχαῖον
655 1946 788 1995 πατέρ’
815 1950 989 1991 &grumam
1005 1966 1052 1971 —-

226 2024 399 2066 praeeunte
423 2016 542 2047 scilicet
558 2013 704 2044 Hesiodo
723 2013 887 2055 (theogon.
900 2009 996 2052 582).
1024 2008 1070 2040 At
1084 2009 1180 2050 louge

227 2083 320 2115 aliam
351 2078 504 2119 originem
544 2073 693 2118 proponit
726 2073 939 2103 Nicomachus
968 2072 1013 2114 (in
1041 2071 1180 2102 manuali

226 2143 426 2178 harmouiees
454 2141 491 2179 l,
516 2139 555 2177 5,
574 2138 614 2176 li,
642 2150 670 2179 p.
687 2137 709 2167 6
729 2135 910 2177 Memora),
941 2135 988 2165 ab·
1003 2131 1181 2174 &minag

227 2218 345 2241 nomen
369 2203 450 2235 astri
467 2201 602 2238 ducens,
631 2193 715 2231 οἷον
733 2192 901 2234 ὄτοὲὄεως
930 2195 1182 2241 ἐστερημένος

228 2266 293 2304 καὶ
323 2262 382 2300 ἀεὶ
419 2261 544 2303 θέων,
585 2257 674 2303 παρ’
702 2253 722 2290 ὃ
755 2254 819 2291 καὶ
846 2254 941 2296 θεὸς
966 2255 1030 2291 καὶ
1060 2256 1180 2303 αἰθὴρ

230 2322 636 2373 ώνομιετοπεποίηται.

305 2396 473 2438 praecepta
501 2385 620 2432 potius]
647 2384 779 2417 luvel-so
805 2386 913 2417 ordine
944 2386 1046 2418 codex
1067 2385 1179 2417 Etleu-

227 2450 568 2491 heimmnnsteriensis,
592 2447 694 2487 male,
721 2452 756 2477 ut
773 2452 804 2478 et
825 2447 856 2477 in
876 2447 1083 2491 sequentibus
1100 2459 1180 2479 conz-

229 2527 406 2551 memm-m·e
428 2524 486 2556 pro
509 2520 707 2548 memorare,
737 2513 769 2539 et
792 2514 887 2554 alque
907 2515 980 2552 post
1005 2511 1090 2541 linea
1112 2521 1181 2553 per-

230 2593 338 2629 peram
366 2577 527 2609 omissum.

307 2651 442 2688 qnorum
464 2634 533 2681 alii]
567 2633 789 2668 »Circulorum
817 2632 900 2665 enim
926 2634 1113 2678 sphaeraU’
1149 2640 1182 2666 ut

1227 1571 1338 1603 Procli
1358 1570 1464 1602 verbis
1480 1576 1560 1610 utar,
1591 1570 1661 1601 »alii
1681 1571 1825 1614 paralleli
1847 1571 1914 1603 sive
1932 1571 2182 1615 aequidistantcs

1230 1641 1319 1674 sunt,
1357 1634 1410 1665 alii
1447 1634 1584 1676 obliqui,
1612 1634 1663 1664 alii
1691 1646 1748 1678 per
1772 1635 1867 1677 polos
1894 1636 1989 1666 ducti.
2025 1635 2180 1678 AequidI·

1230 1702 1350 1727 stantes
1367 1700 1452 1734 sunt,
1470 1695 1586 1738 quibus
1603 1695 1697 1726 iidem
1716 1708 1787 1726 eum
1802 1697 1920 1727 mundo
1938 1696 2005 1739 poli
2024 1703 2113 1727 sunt«
2121 1703 2180 1729 cet.

1302 1756 1454 1801 finitor-is]
1481 1758 1519 1788 ld
1553 1763 1602 1788 est
1626 1759 1815 1797 horizontis,
1846 1758 1886 1789 de
1911 1771 1974 1802 quo
1996 1759 2063 1800 jam
2085 1772 2181 1803 supra

1229 1821 1274 1865 (ἓ.
1289 1822 1386 1863 605).
1415 1821 1567 1852 Ceterum
1584 1820 1828 1864 Septentriones
1849 1828 2052 1864 aequatorem
2070 1835 2180 1854 versus

1230 1883 1281 1915 vel
1307 1883 1388 1913 infra
1414 1882 1613 1913 horizontem
1635 1882 1734 1923 mergi
1753 1883 1822 1926 ipse
1848 1889 1959 1915 noster
1983 1884 2017 1915 in
2043 1884 2179 1916 Geome-

1230 1945 1289 1976 tria
1312 1943 1436 1975 monuit
1464 1942 1612 1986 (§.G{)l1.
1631 1944 1728 1986 696).

1304 2008 1362 2040 Sol
1385 2005 1537 2051 aestivus]
1570 2006 1715 2038 Isidorus
1739 2006 1846 2050 (etym.
1869 2009 1909 2048 5,
1933 2008 1999 2049 44,
2025 2008 2077 2052 2)=
2102 2009 2179 2042 »Se-

1232 2072 1354 2103 cundus
1378 2071 1514 2102 eii-culus
1539 2082 1579 2102 ex
1605 2082 1643 2102 eo
1668 2067 1824 2117 θερινὸς
1847 2068 2031 2117 τροπικὰς
2056 2073 2180 2113 dieitur,

1232 2135 1305 2177 quia
1335 2134 1366 2164 in
1396 2146 1434 2165 eo
1461 2134 1579 2166 circulo
1608 2134 1668 2165 Sol
1706 2135 1864 2178 aquilonis
1886 2136 2002 2166 finibus
2027 2141 2179 2168 aestatem

1231 2196 1350 2227 faciens
1376 2195 1458 2226 ultra
1482 2207 1553 2226 eum
1577 2195 1728 2227 circulum
1753 2208 1817 2227 non
1842 2196 1968 2236 transit,
1996 2196 2053 2228 sed
2073 2197 2180 2229 statim

1232 2259 1415 2298 revertitur,
1450 2263 1481 2289 et
1506 2259 1579 2290 inde
1602 2259 1742 2301 tropicus
1769 2258 1971 2301 appellatum«
2012 2259 2080 2292 Sed
2100 2262 2179 2294 haee

1233 2322 1337 2355 omnia
1363 2321 1417 2353 ille
1449 2321 1567 2364 pariter
1598 2327 1692 2365 atque
1719 2326 1829 2352 noster
1859 2334 1898 2353 ex
1924 2322 2056 2354 Graecis
2079 2330 2178 2356 astro-

1231 2384 1334 2417 nomis
1371 2384 1550 2422 transtulit,
1585 2394 1720 2426 quorum
1755 2383 1897 2426 ipsorum
1929 2398 2029 2428 paene
2059 2386 2092 2417 in
2115 2387 2178 2418 sin—

1233 2449 1315 2491 gulis
1337 2447 1442 2479 verbis
1466 2452 1640 2478 concentus
1661 2452 1727 2485 est,
1756 2459 1852 2489 quare
1876 2449 2092 2481 exscribendis
2114 2451 2178 2482 illis

1233 2523 1298 2543 non
1323 2513 1449 2552 praeter
1475 2507 1696 2539 necessitatem
1724 2507 1966 2540 immorabimur.

1305 2567 1464 2614 secundo]
1492 2569 1576 2601 Vide
1605 2581 1644 2600 ne
1669 2570 1716 2600 bis
1743 2570 1943 2602 scribendum
1972 2572 2027 2613 sit,
2056 2574 2178 2605 numeri

1233 2637 1308 2664 nota
1326 2644 1344 2664 a
1366 2630 1502 2663 librariis
1528 2631 1609 2661 male
1635 2630 1804 2662 intellecta.
