2310 2860
8 366 87 407 115

126 177 210 220 156

680 174 879 217 Martiani
917 172 1116 229 Capellae
1154 172 1226 214 lib.
1250 172 1303 214 II.
1341 176 1372 227 ᾗ.
1397 175 1492 216 115.

125 283 339 339 quaedam
396 284 648 337 obtectaque
686 282 857 324 vultum
907 281 1026 336 virgo
1067 280 1197 322 instar
1234 282 1383 322 secreti
1423 281 1600 336 Trojani
1641 283 1806 339 penitus
1844 284 1974 325 incisa
2013 298 2083 326 re·-

124 365 347 420 splenduit.

406 365 460 404 At
503 363 747 418 cingulum,
794 378 881 419 quo
920 373 1066 419 peetus
1108 372 1368 414 annecteret,
1406 363 1485 404 sibi
1515 364 1703 420 prudens
1734 375 1870 407 mater
1901 366 2085 408 exsolvit

124 455 178 498 et,
208 461 260 487 ne
291 445 525 500 Philologia
563 444 694 500 ipsius
736 445 959 487 Phronesis
1000 454 1161 485 careret
1191 445 1430 496 ornatibus,
1475 444 1567 499 ejus
1598 446 1776 500 pectori,
1818 461 1905 501 quo
1938 446 2082 488 verius

125 536 386 575 comeretur,
434 527 641 582 apposuit.

122 608 213 663 eJ'us
245 607 441 650 membra
472 608 681 662 pollueret
711 609 998 650 morticinum.

711 526 884 568 Calceos
915 536 1135 582 praeterea
1175 543 1228 568 ex
1258 541 1424 583 papyro
1455 526 1585 569 textili
1617 526 1862 580 subligavit,
1891 541 1946 567 ne
1979 525 2083 582 quid

1059 609 1221 651 Acerra
1252 616 1420 658 autem,
1465 605 1602 647 multo
1628 613 1818 647 aromate
1848 605 2081 661 gravidata,

122 687 363 743 eademque
394 687 609 740 candenti,
649 703 802 730 manus
835 688 1007 743 virginis
1039 697 1285 729 onerantur.

120 795 200 839 erat)
225 801 292 828 tero
323 795 523 840 trojciniscun
555 798 685 840 tbuqeni
713 796 863 840 (Ti-ojani
890 795 1069 839 mysterio«

119 858 214 900 (conf.
239 856 265 901 ξ.
291 857 386 901 567).
419 857 521 899 Virgo
546 858 659 889 secreti
683 858 816 899 Trojani
840 857 941 888 instar
966 858 1077 889 Pallas

118 927 184 962 est,
214 921 403 963 virgiiiitatis
431 922 627 964 symbolum,
653 933 758 965 neque
786 921 959 965 quidquam
986 933 1076 965 prae-

118 991 167 1018 ter
193 985 357 1018 doctrinae
383 986 629 1017 ostentationem
659 985 796 1028 stylique
814 985 1020 1016 variationem
1044 985 1077 1017 in

116 1054 222 1081 mente
250 1049 400 1080 habuisse
430 1049 555 1080 videtur
585 1049 777 1088 Martianus,
811 1061 908 1091 qumn
938 1049 1077 1080 Palladii

117 1111 249 1153 Trojani
278 1110 481 1155 potissimum
511 1111 704 1142 mentionem
736 1111 872 1150 faceret5
906 1110 968 1142 nisi
994 1111 1075 1142 sorte

115 1174 178 1205 hoe
202 1173 321 1213 votuit,
358 1172 577 1215 antiquissima
602 1172 657 1203 illa
688 1171 852 1215 rigidoque
880 1171 986 1215 specie
1014 1172 1075 1204 Μὶ-

116 1246 232 1266 nervae
254 1235 423 1276 imaginem
448 1233 639 1276 insculptam
664 1232 781 1273 fuisse,
810 1245 872 1276 qua
893 1233 1075 1264 Palladium

116 1299 149 1330 in
176 1299 308 1340 gemmis
331 1297 469 1340 antiquis
497 1296 710 1339 conspicimus
732 1297 784 1340 (cs.
809 1297 970 1329 chezow
996 1298 1075 1329 iiber

115 1362 178 1394 den
213 1362 307 1393 nauh
344 1362 399 1393 des
430 1360 629 1392 Palladiums
659 1361 717 1391 auf
736 1361 798 1391 den
830 1361 1074 1402 geselmittenen

117 1425 253 1458 Steinen
280 1425 335 1456 des
354 1423 573 1464 Mtertbums,
600 1423 855 1465 Braunscbweig
886 1425 992 1456 1801.
1025 1423 1072 1467 4).

113 1487 225 1530 Inepte
253 1497 328 1518 vero
354 1484 534 1517 Vulcanius
565 1496 604 1515 cx
639 1484 761 1525 glossa:
796 1484 962 1516 »solebant
988 1484 1072 1516 enim

112 1550 246 1592 Trojani
267 1561 359 1591 reges
381 1549 413 1580 in
437 1560 494 1579 suo
521 1548 697 1579 dizulematc
721 1548 889 1591 Jaspidem
915 1561 1071 1590 gemmam

112 1620 254 1656 gestare,
287 1613 337 1644 eui
360 1613 557 1656 insculptum
584 1617 652 1643 erat
673 1611 855 1643 Palladium
879 1612 898 1644 i.
919 1625 945 1644 e.
975 1613 1070 1644 simu·

111 1679 231 1710 lacrum
255 1677 438 1716 Palladis«,
468 1676 544 1708 lieet
566 1676 661 1717 lmjus
690 1675 912 1718 explicationis
937 1675 1070 1717 vestigia

107 1740 174 1782 jam
207 1739 291 1782 apud
323 1737 537 1769 Teutonicum
572 1737 776 1780 interpretem
810 1742 950 1768 exstent:
981 1737 1069 1769 »De‘s

112 1801 283 1833 kelihnisse
317 1803 453 1841 trzioyen
488 1799 538 1828 dfe
567 1798 765 1828 troitim'sltcn
791 1798 973 1841 cluztm'nflau
1008 1803 1069 1830 cet.

110 1863 160 1895 Dc
178 1861 324 1894 Palladio
353 1860 433 1891 conf.
451 1859 591 1890 diversas
613 1859 781 1903 opiniones
808 1859 892 1903 apud
915 1859 1068 1892 Meziriac

110 1925 178 1970 (sur
204 1925 252 1958 les
275 1923 393 1968 epItres
417 1921 553 1954 d'Ovide
575 1921 606 1961 Ι,
640 1933 670 1965 p.
691 1922 739 1952 60
763 1921 875 1965 sequ).
909 1921 975 1952 Pro
997 1923 1066 1954 vul-

111 1997 177 2022 tum
201 1988 318 2031 legitur
345 1986 473 2031 quidem
504 1985 537 2016 in
569 1984 838 2025 Darnnstattensi,
871 1985 1066 2027 Bodlejano,

109 2052 313 2092 Britannico,
352 2056 384 2083 ct
415 2048 673 2089 Cantabrigiensi
700 2049 810 2089 vultu,
846 2049 903 2080 sed
929 2049 1067 2092 praetuli

110 2117 279 2159 vulgatam.
305 2114 348 2146 V.
367 2126 462 2157 supra
488 2111 530 2156 (ξ
558 2113 605 2144 70
624 2112 713 2155 not).

185 2175 370 2221 εἱηφιῖιυη]
404 2175 478 2207 Hoc
512 2174 606 2206 etiam
635 2173 719 2204 inter
750 2173 899 2204 nubentis
934 2173 1066 2215 virginis

112 2246 242 2275 ornatus
266 2244 350 2270 recte
376 2243 567 2269 numeratur.
601 2235 738 2268 Ovidius
760 2236 845 2279 (met.
872 2235 933 2276 12.
964 2235 1065 2280 215)=

171 2305 272 2337 »Eece
295 2306 415 2333 cantent
444 2301 675 2343 IIymenaeon,
705 2305 736 2332 et
758 2300 885 2343 iynibus
907 2302 991 2332 atriu
1011 2300 1065 2346 fu-

513 2367 603 2392 mant

164 2427 342 2470 Cinctaque
356 2426 445 2456 adest
458 2426 548 2468 vir-qo
560 2430 697 2455 minirum
714 2437 895 2472 nurumque
906 2432 1061 2458 caterva.-

113 2487 167 2521 Atl
189 2487 324 2520 Homeri
351 2485 427 2530 (Od-
454 2487 514 2525 tt,
537 2484 624 2528 244)
651 2485 832 2530 exemplum
849 2486 997 2519 Catullus
1017 2488 1065 2531 (2,

118 2553 173 2583 15.
197 2557 228 2582 et
256 2552 316 2590 67,
349 2548 412 2591 28)
444 2560 556 2579 zonam
582 2554 613 2580 et
641 2560 712 2581 cum
733 2547 1003 2592 Ovidio(l=e1·0i‹l.
1030 2550 1065 2590 2,

117 2613 200 2656 116)
228 2612 373 2644 :ortulum
395 2615 500 2642 vocat:
525 2609 641 2642 Festus
669 2615 774 2643 autem
798 2610 840 2655 (p.
863 2610 1063 2654 78),Va1·r0

1130 796 1195 840 (ap.
1220 793 1395 838 Augustin.
1424 795 1464 836 4,
1500 793 1580 839 11),
1614 800 1645 827 et
1676 793 1876 827 Claudianus
1901 793 1937 838 (6
1961 794 2083 827 consul.

1128 860 1214 891 Hon.
1245 860 1331 903 523)
1360 871 1431 891 cum
1461 859 1620 891 Martiano
1659 860 1831 903 cinynlum.
1878 858 1972 890 Unde
2002 858 2083 890 infra

1130 922 1284 968 (§.149)
1306 923 1447 955 Junonis
1467 923 1632 967 pronubae
1660 935 1837 964 cognomen
1862 922 2008 955 Cinxiae.
2030 921 2082 954 In-

1129 992 1252 1031 terpres
1288 987 1486 1019 Teutonicus
1531 987 1676 1019 »fasciam
1708 987 1920 1031 pectoralem«
1957 985 2083 1030 scripsit

1127 1052 1186 1083 hae
1207 1050 1419 1095 explicatione
1445 1050 1567 1081 addita:
1602 1054 1676 1082 »mit
1701 1053 1769 1081 te'ro
1792 1051 1842 1081 sih
1869 1049 2017 1092 ᾒύιιιιιιη,
2048 1052 2082 1080 z'n

1127 1115 1262 1145 ziertmz.
1281 1117 1328 1144 tin
1352 1112 1514 1144 caritatem
1531 1112 1765 1144 bezeiehenet.«
1800 1112 1893 1143 Unde
1918 1113 2000 1143 bane
2017 1110 2081 1143 cin·

1126 1176 1193 1217 guli
1217 1176 1480 1216 significationem
1503 1175 1644 1205 hauserit
1667 1175 1789 1216 ignoro.
1830 1174 1921 1217 »Quo
1943 1180 2073 1218 pectus«

1124 1249 1185 1281 per
1218 1236 1409 1280 hypallagen
1444 1236 1564 1267 (lictum
1603 1241 1653 1267 est
1685 1247 1743 1280 pro
1776 1236 1889 1283 »quod
1923 1235 2074 1279 pcet01·i.«

1125 1298 1391 1330 Darmstattensis
1412 1298 1500 1328 addit
1523 1298 1599 1341 ejus.

1202 1358 1320 1404 ipsius]
1347 1361 1449 1391 Recte
1479 1358 1613 1390 Grotius
1640 1370 1657 1389 e
1681 1358 1755 1391 MS.
1781 1359 1902 1390 addidit
1927 1359 2081 1398 honestis,

1124 1424 1211 1467 quod
1246 1436 1286 1454 ex
1321 1423 1460 1464 vulgatis
1494 1421 1687 1453 editionibus
1726 1422 1859 1454 exsulat.
1903 1422 2005 1455 Gonz.
2033 1441 2080 1446 -

1123 1486 1319 1518 Dresdeusis
1346 1497 1474 1530 quoque
1493 1485 1596 1518 codex
1618 1485 1808 1528 adjectivum
1830 1487 1971 1518 honestis
1992 1486 2079 1518 exbi-

1121 1549 1184 1580 bet.
1216 1548 1343 1580 Nomen
1372 1548 1549 1579 Phronesis
1586 1552 1690 1578 autem
1724 1547 1866 1579 seeundo
1900 1559 1976 1580 casu
1998 1547 2077 1579 acci-

1122 1612 1290 1655 piendum,
1321 1623 1402 1654 quae
1428 1610 1557 1641 omnino
1580 1609 1720 1651 legitima
1740 1610 1840 1641 forma
1858 1622 1929 1642 esse
1951 1610 2077 1642 videtur

1121 1673 1217 1715 (conf.
1239 1672 1403 1704 Heinrich.
1427 1671 1466 1702 ad
1491 1671 1559 1703 Cic.
1577 1682 1635 1714 pro
1657 1671 1773 1703 Flacco
1801 1684 1832 1715 p.
1857 1671 1929 1716 95).

1195 1731 1420 1777 morticinum]
1457 1731 1578 1775 Impuri
1608 1732 1692 1763 enim
1723 1733 1841 1764 fiebant
1875 1733 2076 1765 morticinum

1120 1802 1287 1838 tangentes
1312 1796 1420 1840 (Diog.
1446 1796 1554 1827 Laert.
1578 1795 1612 1827 in
1633 1796 1769 1839 Pythag.
1787 1798 1819 1827 8.
1838 1809 1868 1840 p.
1886 1798 1968 1829 588.
1992 1798 2075 1829 The-

1119 1862 1208 1905 opbr.
1233 1862 1319 1894 char.
1350 1873 1376 1892 c.
1404 1861 1448 1891 16
1474 1859 1542 1890 aliis
1571 1861 1627 1891 17.
1662 1859 1833 1891 Jamblieb.
1859 1866 1952 1904 myst.
1976 1862 2016 1902 6,
2044 1863 2074 1894 1.

1118 1936 1150 1966 Ρ.
1174 1923 1245 1954 144
1275 1920 1371 1965 Gal.)
1413 1921 1506 1952 Unde
1532 1926 1693 1952 mortuum
1724 1933 1887 1965 nunqnam
1919 1922 2074 1965 attingere

1117 1984 1234 2017 licebat
1270 1982 1408 2015 Flamini
1439 1982 1514 2013 diali
1548 1982 1647 2026 (Gell.
1678 1983 1740 2023 10,
1777 1983 1853 2027 15);
1894 1996 1998 2028 neque
2029 1985 2075 2018 vi-

1117 2047 1193 2079 dere
1215 2046 1342 2090 quidem
1367 2046 1493 2077 censori
1511 2045 1661 2077 condenti
1684 2045 1821 2078 lustrmn
1843 2047 1919 2090 (Dio
1941 2048 2074 2081 Cassius

1119 2110 1181 2149 54,
1208 2108 1266 2140 28.
1286 2121 1316 2152 p.
1337 2108 1408 2139 759
1428 2106 1555 2150 Reim.).
1583 2107 1672 2150 Quid
1683 2108 1770 2151 quod
1785 2108 1824 2139 de
1842 2109 2008 2140 Diadoebo
2029 2109 2072 2140 sa-

1116 2172 1246 2204 bulatur
1271 2171 1485 2204 Marbodaeus
1508 2171 1560 2215 <de
1588 2182 1700 2212 gemm.
1720 2173 1766 2203 58
1792 2184 1822 2215 p.
1845 2172 1894 2203 24
1915 2171 2035 2215 Gorl.):

1175 2233 1258 2266 „Sed
1285 2234 1315 2265 si
1349 2232 1499 2276 ‹leficneto
1533 2234 1604 2279 quis
1634 2232 1776 2276 forsitan
1807 2233 1941 2276 applicet
1969 2234 2072 2272 illum,

1167 2298 1323 2330 Protinus
1347 2297 1504 2327 asseritur
1528 2296 1638 2327 solitas
1665 2297 1810 2327 amittere
1833 2297 1938 2327 vires:

1166 2361 1317 2408 Ianque
1340 2371 1432 2392 sacer
1454 2360 1534 2403 lapis
1565 2363 1635 2398 est,
1665 2364 1697 2391 et
1729 2370 1811 2407 qnae
1839 2371 1925 2392 mors
1953 2362 2070 2393 sternit

1524 2421 1698 2453 abliorreta«

1116 2485 1240 2518 Vocem
1258 2485 1360 2529 ipsam
1385 2483 1522 2528 explicat
1541 2483 1646 2516 Varro
1669 2483 1721 2527 (de
1745 2483 1782 2515 L.
1805 2483 1842 2515 L.
1862 2485 1902 2525 G,
1921 2482 1982 2531 48)
2001 2497 2069 2516 rer·

1116 2549 1181 2582 bis:
1213 2548 1363 2581 »dicimus
1388 2552 1512 2579 scortea
1539 2558 1590 2586 ea,
1613 2559 1695 2591 quae
1713 2559 1753 2579 ex
1770 2547 1857 2580 corio
1878 2554 1911 2580 et
1931 2549 2069 2592 pellibus

1117 2619 1191 2644 sunt
1219 2613 1310 2644 faeta.
1347 2611 1426 2643 Inde
1449 2610 1482 2642 in
1510 2609 1631 2653 aliquot
1654 2610 1751 2642 saeris
1782 2623 1818 2643 ac
1841 2611 1967 2644 sacellis
1992 2613 2067 2645 scri-
