2310 2860
718 186 916 228 Martiani
948 185 1146 242 Capellae
1177 184 1247 226 lib.
1277 185 1330 227 V.
1369 186 1401 236 §.
1427 185 1528 226 500.
2033 188 2119 230 '131

165 296 420 351 Pompejum
451 294 504 336 de
533 294 660 336 misso
690 293 905 335 frumento
939 292 1129 333 celeriter
1160 299 1306 331 testem
1340 290 1458 331 nobis
1490 299 1634 331 orator
1664 290 1836 335 inducit.
1882 291 2119 334 Auctoritas

165 375 290 429 igitur
337 384 408 416 aut
436 355 657 430 iudicantis
697 383 768 415 aut
810 372 922 415 testis
953 380 1024 412 est.
1083 370 1197 412 Huic
1228 372 1336 426 parti
1371 371 1661 428 adjunguntur
1692 372 1864 415 oracula
1894 381 2118 428 ceteraque

168 454 210 497 id
240 470 385 511 genus.

901 608 938 649 A
972 608 1383 651 NECESSITATE.

333 715 567 758 Necessitas
599 730 702 756 vero
732 714 804 756 dat
832 713 962 755 fidem
995 730 1047 755 ex
1091 716 1310 755 tormentis
1352 724 1424 755 aut
1462 728 1611 755 somno
1653 724 1723 755 aut
1758 715 1902 756 furore
1944 725 2016 756 aut
2055 718 2118 757 vi-
2152 715 2236 756 501

166 797 370 848 nolentia,
417 811 528 851 quae
567 811 719 839 vocem
757 796 936 851 alicujus
979 797 1040 838 rei
1080 805 1306 851 extorquet
1338 796 1488 836 invitis.
1558 796 1681 845 Quae
1715 797 1858 837 omnia
1893 812 2030 851 quum
2069 798 2122 839 ad

168 879 453 932 conjecturam
493 894 642 931 causa,
690 893 892 935 persona,
938 878 1046 920 facto
1079 878 1316 928 adduntur,
1367 877 1457 932 ipso
1492 877 1726 918 testimonio
1765 877 1831 918 vel
1864 879 2120 920 confessione

165 959 234 998 vel
273 959 426 1014 scripto
464 960 638 1015 capiunt
679 957 807 999 fidem
847 957 916 998 vel
956 959 1163 998 amittunt.
1229 957 1343 998 Nam
1376 967 1416 999 et
1454 972 1580 999 causa
1619 958 1791 999 dicentis
1824 958 2049 999 attenditur
2083 968 2122 1000 et

166 1053 346 1092 persona
372 1049 587 1093 tractatur,
617 1050 657 1081 et
679 1041 810 1096 ipsius
834 1040 1067 1096 scripturae
1091 1053 1235 1080 secum
1261 1048 1332 1080 aut
1354 1052 1453 1079 cum
1480 1052 1607 1079 causa
1631 1037 1810 1093 qualitas
1835 1047 2120 1094 comparatur.

662 1195 742 1236 DE
781 1193 1249 1236 CONCILIATIONE
1287 1195 1627 1253 ANIMORUM.

334 1300 550 1355 Sequitur,
584 1310 630 1341 ut
653 1300 706 1341 ad
732 1315 800 1351 ea,
834 1315 946 1355 quae
970 1299 1192 1340 conciliant
1216 1308 1288 1339 aut
1314 1308 1567 1354 permovent
1596 1298 1827 1351 auditores,
1858 1300 2130 1342 intentionem
2162 1299 2250 1340 502

164 1394 284 1420 suam
327 1379 465 1420 flectat
505 1390 704 1430 assertor,
748 1384 951 1435 quoniam
996 1380 1047 1420 ad
1094 1379 1218 1419 fidem
1262 1379 1499 1420 faciendam
1545 1380 1651 1422 haec
1691 1397 1866 1436 quoque
1913 1383 2126 1438 pertinere

162 1460 467 1514 praediximus.

230 1604 428 1651 jzulicantz's]
460 1605 509 1638 Ita
536 1605 714 1637 anteriores
742 1604 899 1636 editiones
928 1604 1118 1647 codicesque

163 1667 427 1699 Dariustattensis
446 1673 478 1699 ct
499 1666 785 1701 Reichenaueusis.
814 1666 948 1698 Grotius
968 1665 1053 1697 unde
1071 1667 1118 1696 ιἠ·

164 1728 299 1761 dicantis
325 1730 483 1768 hauserit,
513 1729 635 1770 ignoro.

238 1792 381 1838 oracula]
409 1793 532 1825 Confer
551 1793 806 1836 Quinctilianum
826 1793 873 1837 (5,
891 1793 925 1833 7,
941 1793 989 1825 55
1009 1797 1042 1824 et
1057 1790 1120 1835 56)

166 1859 197 1885 et
223 1854 411 1887 Ciceronem
433 1855 479 1897 (in
506 1855 611 1898 partit.
630 1855 670 1894 23
695 1855 790 1898 topic.
809 1854 880 1896 20).

240 1914 427 1959 necessitas]
455 1915 571 1947 Cicero
599 1916 710 1958 (topic.
725 1915 802 1957 20)=
830 1915 937 1946 »Facit
956 1915 1050 1947 etiam
1067 1927 1121 1947 ne-

165 1976 298 2008 cessitas
326 1976 437 2017 fidem,
473 1989 556 2020 quae
589 1989 687 2020 quum
717 1988 735 2007 a
763 1976 950 2019 corporibus
983 1982 1049 2007 tum
1080 1977 1119 2008 ab

164 2037 275 2069 animis
293 2038 444 2069 nascitur.
469 2038 550 2068 Nam
566 2043 598 2069 et
617 2037 816 2077 verberibus,
847 2037 1029 2077 tormentis,
1054 2037 1120 2079 igni

163 2101 284 2143 fatigati
308 2113 388 2144 quae
414 2101 538 2141 dicunt,
567 2113 604 2132 ea
625 2101 751 2132 videtur
772 2101 889 2132 veritas
910 2101 978 2144 ipsa
1001 2101 1119 2139 dicere,

165 2169 196 2194 ct
217 2175 297 2206 quae
320 2175 337 2194 a
360 2163 654 2206 perturbationibus
679 2162 775 2194 animi
795 2168 884 2203 sunt,
916 2163 1042 2202 dolore,
1068 2174 1119 2193 cu-

165 2225 312 2269 piditate,
338 2225 517 2265 iracundia,
547 2230 649 2263 metu,
676 2224 750 2267 quia
767 2224 967 2255 necessitatis
986 2224 1048 2256 vim
1064 2225 1118 2255 ha-

165 2286 256 2325 hent,
287 2288 421 2318 afferunt
438 2286 658 2318 auctoritatem
676 2291 707 2318 ct
731 2286 835 2317 fidem.
862 2286 966 2327 Cujus
992 2286 1117 2327 generis

166 2353 198 2379 ct
224 2346 279 2377 illa
295 2351 385 2386 sunt,
414 2358 454 2377 ex
473 2347 589 2390 quibus
609 2359 840 2390 nonnunquam
865 2359 976 2378 verum
999 2347 1119 2379 inveni·

166 2415 233 2448 tnr,
255 2407 406 2452 pueritia,
432 2418 578 2448 somnus,
603 2408 834 2452 imprudentia,
859 2408 1049 2449 rinolentia,
1070 2409 1116 2441 in-

167 2470 271 2502 sania«
294 2474 354 2501 cet.
388 2469 440 2500 De
463 2474 692 2501 tormentorum
717 2470 903 2502 auctoritate
925 2471 1009 2514 apud
1038 2471 1116 2502 anti-

165 2545 246 2578 quos
278 2532 350 2564 vide
381 2531 665 2567 Hudtwalckerum
690 2534 748 2579 (de
781 2534 906 2569 arbitris
935 2533 1112 2570 Athenien-

167 2595 248 2626 sium
269 2606 300 2638 Ρ.
319 2592 388 2636 51).

529 1459 817 1501 Conciliantur
847 1459 972 1514 igitur
1004 1458 1134 1499 animi
1164 1467 1255 1498 tum
1288 1473 1492 1513 personae
1531 1467 1624 1499 tuni
1654 1460 1717 1500 rei
1753 1460 1961 1515 dignitate.

2020 1463 2124 1510 Per-,

1245 1600 1430 1646 adduntur]
1464 1602 1502 1633 In
1537 1602 1628 1633 editis
1659 1603 1824 1644 legebatur
1848 1604 2065 1637 »adducuntur
2090 1605 2123 1637 id

1171 1670 1257 1704 cstu3
1285 1664 1341 1695 sed
1363 1663 1498 1706 praetuli
1514 1664 1779 1694 Bai-mstattcnsis
1802 1665 1919 1696 codicis
1943 1666 2123 1698 lectionem.

1241 1725 1354 1772 ipsius]
1382 1726 1438 1758 Sic
1458 1726 1571 1770 scripsi
1589 1739 1605 1758 e
1625 1727 1787 1759 codicibus
1809 1728 1984 1769 Grotiano,
2010 1729 2122 1760 Darni-

1171 1791 1329 1831 stattensi,
1359 1796 1391 1822 et
1410 1790 1599 1822 Monacensi
1620 1790 1678 1834 (C)
1699 1802 1757 1834 pro
1783 1793 1861 1834 ipsi,-
1883 1791 2025 1834 intellige
2047 1805 2123 1840 qua-

1171 1853 1255 1885 litas.
1292 1852 1361 1885 Sed
1389 1851 1515 1893 gravius
1542 1851 1691 1883 mendum
1723 1863 1818 1895 snpra
1843 1865 1882 1884 ex
1912 1854 2025 1885 eodem
2053 1854 2123 1886 Μο-

1170 1913 1301 1946 nacensi
1317 1913 1440 1945 correxi
1456 1919 1488 1944 et
1505 1924 1603 1944 causa
1624 1913 1793 1944 scribendo
1813 1925 1870 1957 pro
1891 1927 1948 1947 nee
1968 1915 2001 1946 in
2020 1915 2122 1947 editis.

1243 1972 1473 2018 conciliantur]
1500 1973 1604 2004 Paulo
1624 1974 1715 2005 aliter
1737 1974 1853 2006 Cicero
1876 1976 1928 2019 (de
1954 1976 2072 2009 invent.
2090 1978 2122 2016 1,

1173 2038 1247 2080 16)=
1271 2037 1520 2069 ”Benevolcntia
1543 2043 1679 2080 quatuor
1700 2049 1716 2068 e
1738 2037 1818 2070 locis
1842 2046 2058 2082 eomparatur,
2083 2040 2123 2072 ab

1169 2106 1296 2140 nostra,
1321 2101 1359 2132 ab
1384 2100 1653 2141 adversariorum,
1678 2101 1718 2132 ab
1737 2100 1883 2142 judicum
1903 2114 2057 2145 persona,
2085 2103 2124 2135 ab

1169 2161 1239 2205 ipsa
1256 2174 1379 2202 eausa«,
1403 2161 1624 2202 Aristotelem,
1642 2168 1677 2193 ut
1695 2162 1830 2203 videtur,
1849 2169 1978 2196 secutus
1995 2165 2124 2207 (rhetor.

1168 2226 1208 2265 5,
1237 2226 1299 2265 14,
1325 2226 1377 2268 7)=
1397 2224 1552 2269 λέγεται
1572 2223 1614 2259 δὲ
1638 2224 1762 2260 ταῦτα
1781 2226 1822 2260 ἔκ
1836 2236 1877 2260 τε
1899 2226 1970 2260 τοῦ
1994 2227 2122 2271 λὲγον-

1167 2298 1236 2326 τος
1266 2285 1329 2322 nal
1362 2287 1433 2322 τοῦ
1468 2284 1662 2334 ἀκροατοῦ
1695 2286 1759 2323 καὶ
1792 2287 1863 2323 τοῦ
1897 2285 2122 2334 πράγματος

1168 2345 1232 2381 καὶ
1263 2347 1334 2382 τοῦ
1361 2347 1553 2384 ἐναντίου.
1598 2349 1738 2393 Propius
1766 2349 1806 2380 ad
1834 2355 1977 2381 nostrum
2002 2349 2123 2380 accedit

1168 2411 1408 2454 Quinctilianus
1432 2412 1490 2456 (4,
1518 2413 1555 2452 1,
1584 2413 1625 2452 6,
1656 2425 1686 2456 p.
1705 2413 1749 2444 14
1771 2410 1973 2455 Spalding.):
1999 2410 2120 2444 »Bene-

1167 2474 1340 2506 volentiam
1367 2480 1421 2506 aut
1447 2487 1464 2506 a
1484 2478 1630 2518 personis
1657 2476 1800 2507 ducimus
1827 2480 1881 2505 aut
1904 2485 1921 2504 a
1943 2476 2048 2506 causis
2071 2486 2120 2508 ac-

1167 2535 1311 2579 cipimuS.
1339 2535 1407 2568 Sed
1426 2548 1634 2579 personarum
1657 2549 1721 2567 non
1747 2541 1810 2573 est,
1836 2540 1869 2565 ut
1885 2534 2030 2578 plerique
2053 2548 2120 2569 cre-

1168 2596 1330 2639 diderunt,
1359 2596 1476 2643 triplex
1497 2603 1618 2631 tantum
1638 2596 1735 2637 ratio,
1764 2607 1803 2628 cx
1828 2595 1987 2640 liliqaiore
2015 2602 2046 2629 ct
2064 2598 2119 2631 aa·
