2310 2860
200 127 289 170 276

770 123 968 166 Martiani
997 122 1195 180 Capellae
1223 122 1295 164 lib.
1322 121 1397 164 III.
1432 126 1461 176 §.
1486 124 1585 167 255.

203 246 427 288 nunquam
457 231 545 271 sine
575 228 743 271 duabus
774 229 992 271 vocalibus
1022 228 1214 284 ponitur,
1259 243 1446 284 quarum
1479 232 1595 286 prior
1626 232 1703 273 erit
1732 232 1787 284 V,
1828 243 1867 275 et
1896 235 1953 275 sic
1985 242 2146 276 ceterae

200 321 526 368 consequenter,
559 321 604 353 ut
643 321 841 368 quartus,
888 320 1081 366 questUS‚
1129 311 1335 363 Quirites,
1379 322 1560 368 quotus,
1592 328 1743 369 equus.

1803 314 1972 358 Constat
2002 326 2144 358 autem

201 410 252 434 ex
284 394 318 434 C
355 402 395 433 et
432 391 496 442 V,
535 390 718 446 ideoque
761 390 920 446 duplex
964 399 1003 430 ct
1040 391 1272 445 composita
1308 389 1483 443 dicitur,
1534 408 1611 433 nec
1653 395 1906 450 geminatur.
1967 397 2146 438 Nullam

80 471 166 513 ..56
198 464 455 528 singularem
486 472 650 513 literam
684 469 1024 527 comprehendit,
1056 469 1147 511 finit
1177 471 1294 512 nihil.
1353 472 1393 513 T
1423 473 1590 514 vocales
1622 489 1674 515 ex
1705 484 1889 530 utroque
1921 475 2144 527 concludit,

193 556 237 593 in
259 551 626 606 conjunctionibus
648 561 688 594 et
711 551 1103 608 praepositionibus.
1137 551 1355 594 Praecedit
1372 553 1422 604 L,
1444 552 1487 593 in
1510 552 1784 608 Tlepolemo,
1814 554 1874 605 M,
1899 553 1942 595 in
1967 555 2145 606 Tm0103

194 632 254 683 N,
292 632 335 673 in
368 633 535 685 Potnia3
579 633 638 684 R,
677 633 720 673 in
762 633 906 687 Troja.

191 712 409 764 terminat,
449 723 497 754 ut
527 722 651 768 quot,
682 723 751 754 tot.

265 925 357 973 equo]
378 926 614 970 Quinctilianus
633 927 710 971 (12,
735 928 797 969 10,
812 929 880 969 503
909 941 941 973 p.
955 929 1028 961 652
1050 928 1144 973 Spal-

190 987 303 1031 ding.):
326 989 468 1020 »Duras«
492 989 596 1033 inquit
621 994 672 1020 »et
700 988 757 1020 illa
782 990 920 1033 syllabas
943 990 1034 1029 facit,
1061 1001 1142 1034 quae

191 1051 230 1082 ad
260 1051 499 1093 conjungendas
526 1052 651 1083 demum
675 1052 834 1093 subjectas
862 1053 922 1084 sibi
942 1053 1070 1084 vocales
1094 1057 1143 1084 est

189 1114 291 1153 utilis,
327 1115 404 1145 alias
431 1126 640 1157 supervacua,
670 1121 704 1145 ut
730 1127 826 1162 equos
855 1127 891 1147 ac
922 1128 1040 1162 equum
1067 1115 1142 1146 scri-

187 1176 306 1216 bimus,
335 1189 432 1220 quum
451 1177 545 1207 etiam
567 1177 654 1220 ipsae
674 1178 733 1208 hae
752 1177 880 1208 vocales
904 1178 984 1208 duae
1007 1177 1142 1209 efficiant

187 1250 316 1279 sonum,
351 1239 452 1282 qualis
482 1239 567 1283 apud
593 1238 735 1271 Graecos
772 1240 879 1271 nullus
905 1245 968 1280 est,
1003 1240 1139 1284 ideoque

186 1301 281 1333 scribi
306 1301 433 1333 illorum
459 1301 561 1332 literis
584 1313 648 1332 non
670 1307 804 1345 potest«

259 1375 301 1395 ex
325 1363 354 1395 G
375 1369 405 1395 et
430 1362 479 1408 V]
508 1364 600 1395 Unde
625 1364 694 1406 ipsa
718 1375 847 1408 quoque
873 1364 942 1406 ejus
962 1365 1061 1406 figura
1085 1365 1137 1396 de·

183 1424 277 1455 rival-i
302 1430 428 1468 posset,
465 1430 500 1455 ut
524 1425 557 1456 V
580 1424 671 1455 litera
712 1425 803 1456 alteri
827 1425 855 1457 C
888 1425 1007 1457 inserta
1034 1431 1136 1467 esset3

182 1487 294 1518 melius
315 1492 421 1519 tamen
444 1487 681 1530 Quinctilianus
704 1488 756 1531 (l,
786 1488 826 1528 4,
855 1487 891 1531 9)
914 1500 985 1520 eum
1012 1488 1137 1521 Graeca

181 1549 296 1592 Roppa
330 1560 399 1580 eam
429 1554 604 1591 comparat,
636 1560 716 1591 quae
742 1549 825 1591 apud
847 1549 922 1580 illos
945 1550 978 1580 in
1002 1562 1134 1582 numero

182 1617 302 1642 tantum
323 1610 455 1650 mansit,
488 1610 616 1650 »eujus«
643 1610 746 1653 inquit
775 1610 904 1641 ”similis
927 1612 1040 1643 effectu
1062 1623 1132 1655 spe-

181 1674 310 1715 cieque,
340 1672 402 1702 nisi
435 1672 521 1714 quod
554 1671 684 1714 paulum
713 1684 730 1702 a
760 1672 878 1703 nostris
915 1673 1124 1716 obliquatu1·.o

181 1735 290 1777 gConf.
309 1734 398 1765 Rose
419 1733 513 1765 inser.
537 1733 593 1765 Gr.
613 1734 731 1777 antiqu.
757 1747 786 1776 p.
806 1735 900 1766 XXX
925 1736 1036 1778 sequ.).

251 1792 553 1838 praepositionibus]
568 1794 670 1826 Valde
686 1794 809 1826 laborat
822 1795 872 1826 hic
886 1796 967 1827 liber
979 1797 1017 1827 de
1034 1809 1133 1838 gram·

181 1858 292 1889 matica
306 1869 322 1888 e
335 1857 601 1897 distinctionibus,
622 1869 755 1900 quarum
768 1870 827 1889 nos
842 1859 1014 1890 nonnullas
1029 1872 1133 1892 emen-

181 1920 336 1951 davimus:
363 1920 449 1963 quod
480 1925 512 1950 et
539 1920 589 1951 hic
616 1931 677 1950 usu
706 1921 808 1961 venit,
837 1921 1007 1963 legendum
1032 1924 1131 1954 enim:

186 1981 233 2012 »Τ
256 1980 382 2012 vocales
411 1992 451 2011 ex
474 1985 610 2024 utroque
633 1981 795 2013 concludit
817 1987 853 2012 ut
877 1983 909 2014 in
933 1984 1132 2025 conjunctio-

180 2042 273 2073 nibus
292 2046 322 2072 et
338 2040 642 2084 praepositionibus:
660 2042 820 2084 praecedit
834 2043 861 2073 L
880 2043 931 2074 in«
953 2049 1011 2075 etc.
1028 2044 1132 2075 Gno’r.

181 2123 228 2128 -„
251 2102 342 2144 Quas
367 2101 620 2144 praepositiones
648 2102 775 2142 innuat,
811 2103 934 2135 difficile
962 2104 1047 2136 dictu
1073 2111 1132 2145 cst,

181 2165 242 2196 nisi
266 2165 309 2195 ad
333 2169 365 2195 et
388 2164 475 2207 apud
496 2163 528 2194 in
554 2164 581 2194 T
606 2164 783 2195 terminavit
802 2165 899 2208 (conf.
925 2167 1133 2210 Quinc-tiliam.

185 2230 221 2268 l,
252 2229 285 2267 7,
313 2225 358 2269 5).
390 2225 457 2258 Sed
481 2225 551 2256 vide
577 2238 670 2268 supra
696 2226 737 2270 (ξ.
754 2228 849 2271 250).

257 2287 451 2333 Tlepolemo]
487 2289 676 2330 Tleptolemo
706 2290 833 2332 quidem
865 2292 990 2324 codices
1018 2294 1131 2324 Darm-

184 2352 344 2384 stnttensis
368 2356 401 2382 et
421 2351 624 2383 Monacensis
644 2351 701 2394 (C)
725 2352 891 2395 exhibent,
920 2355 976 2387 sed
993 2356 1131 2397 vulgaris

184 2413 312 2457 scriptio
338 2424 413 2444 vera
438 2417 498 2445 est.

258 2472 335 2518 lact]
362 2472 431 2503 Alii
457 2473 524 2511 lac,
549 2471 602 2504 alii
633 2472 712 2504 lacte
744 2472 870 2517 dicunt,
907 2476 963 2508 sed
987 2479 1130 2522 profecto

185 2537 245 2567 hoc
269 2530 579 2579 οἱναλογώτατον.
606 2531 787 2566 Ausonius:

979 635 1092 677 Finit
1136 644 1310 685 neutra,
1346 643 1493 690 caput,
1537 635 1738 691 sinciput,
1782 635 1875 677 lact.

1932 634 2145 676 Articulos

810 714 980 767 Verba,
1026 725 1074 756 ut
1102 715 1258 770 legunt.
1316 714 1587 757 Advcrbium
1622 725 1661 757 et
1696 717 2054 772 interjectionem,
2097 725 2146 756 ut

73 786 158 830 257
193 802 243 834 at.
270 795 307 835 Z
332 809 354 835 a
381 794 553 835 Graecis
574 794 706 845 venit,
738 794 832 835 licet
862 795 987 836 etiam
1016 795 1093 851 ipsi
1125 795 1263 852 primo
1289 794 1323 836 C
1352 797 1518 838 Graeca
1549 797 1801 850 utebantur,
1832 811 1934 838 nam
1963 795 2143 838 Sethum

1254 944 1265 958 u
1275 930 1351 962 Vox
1365 932 1459 962 solita
1479 936 1511 962 et
1530 932 1653 963 cunetis
1673 932 1852 968 notissima,
1870 931 1901 960 εἰ
1914 939 2067 960 memores
2082 927 2143 968 lae,

1246 992 1314 1024 Cur
1339 994 1588 1032 condemnetur,
1617 994 1699 1024 ratio
1718 994 1819 1035 magis
1837 997 1873 1023 ut
1895 991 1998 1035 faciat
2018 991 2120 1023 lact‘l«

1196 1054 1330 1098 Capella
1350 1056 1446 1087 int'ra:
1469 1056 1613 1098 »quidam
1631 1067 1728 1097 quum
1747 1056 1795 1086 lae
1819 1055 1929 1085 dicunt
1945 1054 2098 1096 adjiciunt
2115 1053 2144 1084 Τ

1193 1116 1427 1158 propterquod
1447 1115 1522 1146 fucit
1543 1116 1576 1158 (1.
1596 1120 1764 1158 propterea
1785 1114 1871 1157 quod
1885 1112 1991 1156 saciat)
2012 1114 2134 1146 laetis.«

1195 1175 1298 1207 Gnor.

1256 1236 1303 1282 at]
1319 1237 1383 1270 Hic
1401 1250 1506 1282 neque
1521 1237 1660 1269 adverbii
1673 1249 1776 1280 neque
1790 1237 2020 1278 interjectionis
2036 1249 2139 1268 exem·

1190 1301 1287 1345 plum.
1311 1301 1349 1332 L.
1365 1307 1441 1332 atat.
1468 1301 1582 1344 Neque
1605 1300 1745 1341 negarim
1763 1300 1857 1331 etiam
1875 1300 2016 1331 adverbii
2035 1311 2139 1331 exem—

1190 1364 1278 1407 plum
1296 1363 1485 1403 desiderari,
1511 1368 1546 1394 ut
1563 1363 1841 1406 forsit.Gr-or.——-
1862 1363 1963 1394 Favet
1980 1363 2140 1404 conjectu-

1189 1438 1260 1467 rae,
1285 1427 1370 1470 quod
1393 1427 1425 1457 in
1448 1426 1611 1458 codicibus
1629 1426 1816 1458 Monacensi
1834 1425 1891 1469 (C)
1912 1431 1945 1457 et
1962 1427 2139 1466 Darmstat-

1188 1487 1272 1518 tensi
1286 1493 1337 1518 est
1351 1493 1439 1527 utut,
1467 1487 1523 1518 sed
1544 1488 1576 1518 in
1595 1499 1629 1518 re
1648 1487 1742 1518 dubia
1760 1487 1838 1518 nihil
1853 1492 1974 1518 mutare
1989 1493 2139 1530 praestat.

1261 1549 1294 1579 Z
1314 1561 1333 1578 a
1357 1547 1508 1592 Graecis]
1536 1548 1646 1591 Quare
1676 1549 1758 1579 hanc
1790 1547 1914 1578 literam
1940 1548 2038 1591 paulo
2063 1554 2139 1591 post

1186 1607 1228 1652 (ἓ.
1247 1607 1333 1650 260)
1348 1620 1366 1639 a
1382 1608 1505 1640 Latinis
1525 1608 1673 1639 excludit.
1699 1608 1843 1640 Isidorus
1863 1609 1910 1652 (1,
1929 1609 1969 1649 4,
1990 1610 2053 1649 153
2075 1609 2135 1641 III.

1185 1684 1217 1715 p.
1239 1674 1281 1703 11
1304 1670 1430 1715 Arev.):
1459 1671 1508 1704 »Α
1528 1673 1677 1704 Graecis«
1699 1673 1802 1717 inquit
1819 1674 1967 1705 »mutavit
1981 1674 2137 1706 Latinitas

1185 1733 1216 1764 Y
1241 1738 1272 1763 ct
1296 1732 1324 1763 Z
1353 1739 1484 1777 propter
1515 1734 1643 1765 nomina
1676 1734 1797 1765 seilicet
1828 1734 1962 1769 Graeca.
2002 1735 2047 1766 Et
2075 1737 2135 1767 liae

1185 1796 1269 1839 apud
1292 1795 1457 1827 Romanos
1476 1809 1578 1840 usque
1604 1797 1643 1828 ad
1660 1795 1801 1838 Augusti
1820 1803 1944 1841 tempus
1971 1810 2036 1830 non
2060 1798 2136 1831 scri-

1184 1857 1366 1887 bebantu1·.«
1399 1856 1501 1888 Addit
1526 1857 1610 1889 idem
1634 1857 1775 1889 inferiori
1797 1858 1870 1890 loeo
1895 1860 1955 1902 (1,
1984 1860 2049 1900 28,
2075 1860 2134 1891 28.

1183 1932 1213 1963 p.
1233 1919 1318 1963 46)ι
1348 1932 1439 1951 »nam
1467 1932 1564 1963 quum
1585 1922 1715 1964 justitia
1746 1921 1773 1951 Z
1800 1921 1911 1953 literae
1940 1933 2053 1954 sonum
2081 1935 2134 1954 ex-

1182 1980 1312 2023 primat,
1341 1986 1461 2022 tamen,
1493 1982 1566 2025 quia
1591 1981 1741 2013 Latinum
1769 1988 1833 2024 est,
1859 1995 1918 2027 per
1941 1984 1970 2015 T
1994 1984 2131 2016 seriben-

1184 2041 1258 2072 dum
1283 2046 1359 2072 est.«

1257 2102 1285 2133 C
1310 2100 1447 2147 Graeca]
1476 2103 1583 2146 Quam
1600 2103 1736 2135 absurda
1759 2105 1837 2135 haec
1860 2109 1949 2144 sunt,
1970 2103 2004 2134 ni
2026 2103 2130 2145 legasz

1183 2165 1212 2197 C
1235 2166 1378 2204 Graeca,
1404 2167 1465 2198 hoc
1493 2172 1542 2197 est
1570 2169 1680 2211 siyma.
1716 2167 1765 2198 Ea
1790 2167 1872 2197 enim
1896 2167 1992 2208 hujus
2018 2167 2129 2199 literae

1183 2226 1312 2269 antiqua
1342 2227 1461 2267 forma,
1492 2228 1579 2271 quod
1604 2240 1644 2258 ex
1678 2227 1841 2270 quibusvis
1869 2227 2128 2271 inscriptionibus

1181 2288 1298 2332 liquet,
1321 2289 1460 2332 itemque
1481 2302 1520 2321 ex
1535 2289 1709 2329 Macrobio,
1733 2290 1765 2320 in
1783 2302 1845 2333 quo
1868 2290 2030 2322 Bassareu
2053 2293 2128 2324 seri·

1181 2351 1267 2382 bitur
1290 2349 1552 2382 BACCAPEA.
1591 2350 1679 2381 Dicit
1701 2351 1843 2382 Graecos
1866 2351 2074 2396 (quamquam
2100 2354 2128 2385 Z

1181 2413 1273 2445 litera
1296 2413 1337 2444 sit
1360 2413 1492 2445 Graecis
1517 2413 1650 2444 deducta
1679 2425 1695 2444 e
1722 2414 1883 2457 sontibus)
1905 2427 1970 2446 non
2002 2428 2128 2460 semper

1182 2474 1261 2506 Zeta
1282 2474 1374 2505 litera
1396 2486 1489 2514 usos,
1515 2474 1570 2505 sed
1592 2486 1650 2517 pro
1672 2486 1708 2505 ea
1730 2475 1829 2516 sigma
1847 2487 2019 2520 usurpasse
2038 2477 2125 2508 ideo-

1183 2548 1244 2580 que
1265 2534 1441 2570 CHOON
1464 2546 1523 2579 pro
1553 2535 1731 2570 ZH&ON
1755 2536 1929 2580 scripsisse.
1967 2536 2124 2581 Componi
