2310 2860
127 517 182 557 77

220 176 305 216 220

806 168 1006 210 Martiani
1046 167 1244 222 Capellae
1281 166 1352 207 lib.
1378 166 1408 206 I.
1448 168 1479 217 ᾗ.
1504 166 1571 207 76.

214 295 318 323 mox
362 289 408 321 ut
450 279 659 332 ingressus
692 285 771 328 est,
818 274 941 331 pueri
972 272 1209 323 renitentis,
1253 272 1419 311 incessu
1448 271 1589 312 medio
1619 271 1785 314 iuvenis
1818 270 1977 321 anheli,
2008 270 2050 310 in
2082 268 2165 310 fine

216 363 324 403 senis
356 358 586 414 apparebat
615 357 800 398 occidui:
822 357 917 397 licet
946 352 1175 395 duodecim
1205 349 1418 392 nonnullis
1446 350 1605 391 formas
1628 360 1875 392 convertere
1905 348 2164 391 crederetur·

217 442 382 495 Corpus
409 448 551 479 autem
579 438 670 493 ejus
696 437 948 479 flammeum
981 444 1137 484 totum,
1168 439 1351 487 pennata
1376 430 1570 484 vestigia,
1603 430 1778 485 pallium
1802 430 2062 480 coceineum,
2093 427 2167 469 sed

213 535 317 562 auro
349 518 536 573 plurimo
570 518 802 559 rutilatum.

279 659 316 688 in
331 655 470 701 incessu]
485 656 534 688 Ita
546 656 744 689 Basileensis
763 657 875 696 codex,
890 653 1167 693 Darmstattensis,

213 724 247 751 et
272 718 452 759 Bongarsii.
480 717 646 750 Omissum
670 719 702 750 in
727 718 820 750 editis
846 723 895 749 est
920 719 964 748 in.

289 778 475 824 duodecim]
503 779 647 821 Singulis
682 780 768 811 horis
802 779 849 810 illi
892 779 974 810 sorte
1007 776 1168 816 volebant,

214 841 269 884 qui
295 841 329 873 in
356 842 473 872 formas
506 841 674 873 duodecim
697 841 837 873 converti
862 853 934 872 eum
958 844 1168 879 censuerunt,

213 902 275 934 nisi
294 903 402 946 potius
418 903 585 934 duodecim
604 903 734 933 Zodiaei
753 903 842 943 signa
867 903 929 933 sint
951 901 1168 942 inteliigrnda,

214 963 289 1007 quia
311 969 447 1003 aetates,
473 976 551 1007 (litas
572 970 707 1007 quatuor
725 964 800 995 facit
823 964 1006 996 Macrobius
1026 963 1073 1007 (l,
1098 962 1168 1006 18),

215 1026 255 1057 ad
285 1027 359 1058 anni
386 1032 527 1070 tempora
557 1027 640 1058 idem
666 1028 770 1059 refert.
813 1028 894 1059 Nam
920 1032 1088 1070 postquam
1114 1025 1169 1057 do-

214 1094 323 1120 cuerat
346 1088 455 1118 Liberi
483 1089 580 1131 patris
609 1089 811 1121 simulacrum
840 1089 953 1132 partim
980 1088 1095 1132 puerili
1119 1098 1169 1119 ae·

213 1156 295 1191 tate,
324 1151 438 1194 partim
459 1152 611 1192 juvenili,
640 1158 803 1195 praeterea
828 1152 958 1183 barbata
986 1152 1092 1195 speeie
1120 1163 1168 1181 se-

213 1211 335 1255 nilique
361 1223 414 1242 ore
442 1213 577 1243 effictum
604 1213 720 1249 fuisse,
748 1213 849 1245 additz
871 1214 960 1244 »Hae
989 1218 1094 1244 autem
1119 1223 1169 1243 ae-

214 1278 316 1305 tatum
337 1273 537 1304 diversitates
561 1275 599 1305 ad
618 1274 729 1305 Solem
746 1276 936 1315 reseruntur,
965 1279 1000 1305 ut
1017 1273 1169 1318 parvulus

213 1334 361 1366 videatur
394 1336 530 1377 hyemali
566 1337 720 1375 solstitio,
763 1337 889 1379 qualem
917 1335 1070 1378 Aegyptii
1096 1346 1169 1378 pro-

214 1395 322 1428 ferunt
349 1408 389 1427 ex
413 1396 507 1438 adyto
539 1397 588 1428 die
617 1404 718 1438 certa,
752 1399 837 1441 quod
870 1403 945 1429 tune
982 1396 1169 1428 brevissimo

215 1457 267 1489 die
290 1457 389 1488 veluti
413 1469 530 1500 parvus
557 1463 588 1488 et
611 1458 716 1490 infans
739 1459 898 1490 videatur:
923 1459 1037 1490 exinde
1065 1463 1171 1489 autem

214 1518 463 1561 procedentibus
479 1520 655 1561 augmentis
673 1520 875 1564 aequinoctio
891 1520 1012 1553 vernali
1029 1519 1173 1551 simililer

215 1584 312 1623 atque
348 1580 560 1612 adolescentis
590 1581 775 1625 adipiseitur
804 1582 905 1622 vires,
935 1583 1099 1624 figuraque
1118 1581 1171 1621 ju-

216 1642 306 1675 venis
334 1648 482 1683 ornatur,
521 1650 635 1687 postea
667 1646 815 1675 statuitur
843 1646 912 1686 ejus
943 1650 1030 1676 aetas
1052 1643 1171 1687 plenis-

217 1703 296 1733 sima
320 1704 421 1745 effigie
449 1705 566 1736 barbae
593 1705 731 1736 solstitio
761 1706 902 1745 aestivo,
934 1718 998 1749 quo
1027 1710 1172 1749 tempore

219 1776 375 1797 summum
400 1767 448 1798 sni
476 1768 683 1811 consequitur
709 1774 921 1811 augmentum.
966 1768 1094 1800 Exinde
1115 1779 1174 1813 per

218 1828 445 1861 diminutiones
471 1830 592 1861 dierum
624 1833 710 1863 velut
729 1833 908 1864 senescenti
933 1837 1046 1876 quarta
1071 1833 1173 1863 forma

219 1892 298 1922 deus
334 1894 513 1934 figuratim«
549 1894 669 1926 Curnn.
693 1896 868 1939 (llarpoer.
898 1908 928 1940 p.
955 1896 1012 1927 7G.
1036 1895 1107 1938 77).
1124 1915 1171 1919 -

219 1954 314 1997 Quae
339 1956 482 1998 quamvis
502 1957 594 1989 docte
620 1958 831 2001 disputaverit
857 1958 905 1990 vir
925 1958 1090 2000 egregius,
1120 1957 1173 1989 ad-

219 2015 324 2047 denda
357 2022 460 2048 tamen
494 2018 572 2050 haee
602 2030 674 2049 esse
704 2019 869 2051 videntur:
893 2020 1093 2064 Porphyrius
1122 2019 1175 2063 (in

221 2077 312 2123 epist.
333 2078 372 2109 ad
389 2077 537 2110 Anelion.
554 2091 602 2123 ap.
619 2079 737 2111 Jambl.
757 2086 852 2123 atque
871 2081 966 2112 etiam
989 2093 1040 2123 ap.
1055 2080 1175 2111 Euseh.

220 2150 328 2183 praep.
346 2152 392 2171 ev.
411 2143 450 2180 ὅ,
470 2144 502 2172 ss.
522 2154 552 2185 p.
571 2142 656 2183 198)
674 2142 713 2173 110
731 2141 902 2186 Aegyptiis
920 2143 1059 2186 quaerit:
1076 2154 1177 2186 »qnae

224 2203 350 2232 tandem
371 2204 450 2234 ratio
474 2205 647 2246 excogitari
668 2210 790 2248 potest,
807 2205 893 2249 quod
913 2206 1049 2237 eundem
1066 2205 1177 2237 Solem

223 2272 470 2298 commemorant
489 2268 541 2299 vel
563 2279 602 2298 ex
619 2267 696 2298 limo
719 2274 948 2310 emergentem,
972 2269 1024 2301 vel
1043 2269 1111 2300 loto
1131 2269 1177 2300 in-

225 2328 338 2369 sidere,
356 2329 407 2360 101
422 2330 547 2371 nauigio
565 2331 708 2374 provehi,
727 2332 777 2362 vel
797 2332 931 2373 singulis
945 2333 1031 2364 IeoriS
1046 2333 1179 2363 formam

225 2395 428 2430 commutare,
447 2404 482 2424 ae
494 2395 599 2424 marios
614 2406 671 2437 per
685 2394 808 2435 singula
818 2396 952 2426 locum-i
967 2395 1056 2436 signa
1069 2396 1178 2427 mallus

227 2454 419 2486 induceret«
461 2453 515 2486 Ad
546 2468 626 2497 quae
651 2458 825 2500 respondet
846 2458 1047 2489 Jamlalivlnus
1073 2457 1178 2504 (111551.

226 2519 266 2556 7,
291 2518 324 2549 5.
350 2530 380 2561 p.
405 2518 475 2548 152
502 2518 604 2562 Gal.):
637 2519 767 2550 f=Solem
795 2523 971 2552 secundem»
1003 2523 1179 2553 Zodisscum

229 2578 355 2619 {igurari
377 2584 409 2610 et
428 2579 544 2609 formas
565 2585 685 2610 mutare
703 2580 792 2614 καθ·ᾖ
808 2578 913 2627 ὤραν
931 2586 1015 2622 τοῖς
1036 2579 1179 2628 ῥήμασι

862 517 1034 558 Sinistra
1065 522 1208 555 autem
1240 524 1374 552 manu
1405 509 1609 564 clypeum
1639 518 1959 560 coruscantem,
1990 509 2167 550 dextera

1218 642 1516 691 ὃιαόημαὶνων.«
1547 642 1644 675 Adde
1667 653 1749 686 quae
1767 641 1918 686 Orpheus
1939 643 2024 688 apud
2044 643 2168 676 Maero-

1218 710 1306 742 bium
1329 709 1411 754 (Sat.
1433 711 1463 749 1,
1489 707 1548 752 18)
1570 708 1608 739 110
1628 709 1687 738 hae
1704 706 1793 739 Solis
1813 708 2058 739 commutatione
2075 706 2170 739 canit.

1218 773 1368 807 Eundem
1403 772 1537 813 singulis
1565 771 1652 802 horis
1683 771 1800 803 mutari
1821 769 1910 802 Solis
1935 771 2045 803 faeiem
2069 769 2170 803 eredi-

1221 837 1307 868 disse
1329 848 1368 868 ex
1389 836 1427 866 iis
1450 840 1553 879 pa'tet,
1574 846 1655 878 quae
1679 834 1769 878 (ibid.
1788 835 1820 866 1.
1844 832 1905 876 21)
1923 833 1962 865 110
1985 838 2075 864 tauro
2099 832 2172 866 Soli

1221 911 1311 931 saei-o
1341 904 1447 930 narrat
1475 897 1611 940 »insigni
1640 896 1799 929 miraculis
1828 896 2091 928 convenientibus
2117 907 2172 927 na-

1223 969 1309 994 turae
1329 961 1435 994 Solis«
1451 962 1505 1005 qui
1523 973 1599 1004 »per
1615 962 1760 1004 sinyulas
1775 962 1870 992 horas
1886 965 2007 991 mutare
2023 959 2166 992 colores«

1222 1028 1392 1058 affirmetur
1422 1025 1522 1068 (cons.
1554 1024 1723 1066 Palaeogr.
1754 1024 1821 1055 erit.
1847 1023 1913 1063 III,
1943 1021 1971 1067 §.
2000 1023 2089 1062 506,
2118 1021 2174 1054 uhi

1222 1089 1293 1119 add.
1320 1087 1467 1130 Xenoph.
1493 1098 1586 1117 mem.
1610 1085 1702 1117 Socr.
1720 1085 1754 1116 4.
1771 1086 1804 1117 5.
1824 1084 1870 1128 4).

1295 1154 1436 1192 pennata
1457 1145 1602 1191 nesliyia]
1630 1146 1844 1189 Corrumpere
1869 1151 1901 1177 et
1922 1147 2007 1177 hune
2025 1144 2176 1179 Marti-‘mi

1221 1212 1326 1243 locum
1350 1209 1493 1240 tentabat
1516 1208 1683 1240 Yonekius
1710 1207 1907 1238 substituens
1930 1207 1975 1251 (in
1999 1219 2084 1250 spec.
2106 1206 2175 1238 erit.

1221 1286 1253 1317 p.
1283 1272 1366 1315 147)
1390 1284 1465 1315 »per
1487 1278 1559 1304 rata
1577 1272 1644 1315 (aut
1667 1270 1765 1313 stata)
1783 1270 1944 1311 vestig-fiam
1978 1270 2070 1302 Licet
2092 1269 2177 1301 enim

1224 1335 1276 1365 alii
1301 1334 1367 1365 alas
1393 1333 1465 1365 Soli
1493 1345 1510 1363 a
1532 1338 1622 1372 tergo
1648 1332 1804 1362 afflixerint
1827 1330 2008 1375 (Palaeogr.
2031 1330 2101 1364 erit.
2117 1329 2177 1363 IV.

1224 1394 1253 1438 §.
1279 1396 1363 1426 770.
1382 1394 1501 1438 Cuper.
1525 1393 1681 1435 llarpoer.
1700 1404 1731 1435 p.
1749 1390 1830 1435 54),
1862 1391 1896 1422 in
1914 1391 2050 1435 quadam
2072 1397 2178 1425 tamen

1222 1462 1332 1502 patera
1361 1456 1408 1501 (in
1434 1456 1554 1488 Causei
1574 1466 1686 1486 museo
1709 1455 1802 1486 Rom.
1833 1456 1873 1496 5,
1902 1456 1964 1495 19,
1991 1457 2022 1487 5.
2049 1454 2179 1487 Graevii

1223 1522 1362 1552 thesaur.
1382 1520 1424 1552 V.
1447 1518 1540 1563 520)
1572 1517 1696 1562 Apollo
1730 1518 1797 1549 sive
1827 1517 1887 1548 Sol
1918 1517 2075 1559 ejusmodi
2099 1529 2176 1561 pen-

1223 1584 1306 1615 natis
1334 1581 1471 1626 pedibus
1502 1581 1607 1624 pictus
1633 1585 1691 1611 est.
1738 1579 1834 1611 Adde
1857 1586 2002 1611 nostrum
2025 1580 2107 1612 infra
2133 1579 2179 1626 (ξ.

1223 1646 1307 1677 578.
1337 1642 1435 1685 579).
1475 1642 1621 1685 Vestiyia
1646 1645 1751 1672 autem
1776 1641 1839 1672 diei
1863 1653 1922 1685 pro
1946 1642 2080 1685 pedibus
2102 1653 2178 1675 eon·

1223 1707 1326 1738 firmat
1346 1705 1498 1736 Barthius
1522 1704 1574 1749 (ad
1601 1703 1684 1736 Stat.
1703 1705 1738 1738 2.
1765 1705 1828 1745 11,
1853 1717 1884 1748 p.
1905 1704 2002 1749 254).

1296 1766 1477 1813 rurilmum]
1504 1768 1665 1799 Intextum
1682 1772 1749 1799 erat
1770 1779 1888 1799 aurum.
1915 1767 2006 1801 Haec
2029 1768 2103 1801 ideo
2124 1779 2177 1801 an-

1224 1838 1388 1872 notamus,
1419 1844 1459 1862 ne
1486 1831 1558 1874 quis
1584 1821 1767 1862 diversitate
1793 1830 1937 1862 colorum
1960 1831 1999 1862 ad
2019 1832 2178 1874 corrigen-

1225 1896 1300 1926 dum
1323 1893 1443 1937 aliquid
1472 1898 1654 1934 moveatur,
1691 1899 1727 1925 ut
1753 1893 1897 1925 videmus
1925 1894 2004 1926 nihil
2027 1907 2094 1927 non
2119 1895 2180 1928 sibi

1224 1960 1390 2000 indulgere
1410 1959 1553 1990 homines
1576 1961 1712 1997 otiosos,
1735 1958 1878 1990 lauream
1903 1970 1945 1990 ex
1972 1961 2086 2006 quouis
2111 1972 2178 1992 mu·

1225 2028 1331 2053 slaceo
1355 2025 1554 2066 quaerentes,
1573 2019 1698 2050 BAnTn.
1721 2019 1859 2062 (advers.
1882 2033 1914 2065 p.
1934 2019 2033 2065 581).

1301 2080 1462 2127 elypeum]
1497 2082 1596 2114 Hunc
1631 2081 1703 2114 Soli
1734 2082 1871 2114 Ovidius
1910 2094 2038 2127 quoque
2069 2080 2180 2114 tribuit

1227 2147 1313 2190 (met.
1342 2145 1397 2175 15.
1425 2142 1525 2186 192);

1286 2207 1375 2248 »lpse
1400 2205 1452 2235 dei
1473 2204 1620 2247 clypeus,
1649 2210 1735 2235 terra
1757 2216 1855 2250 quum
1878 2204 2000 2235 tollitur
2025 2206 2107 2243 ima,
2131 2201 2134 2204 ’

1279 2269 1378 2299 ,Mane
1401 2268 1509 2298 rubet«
1533 2286 1580 2290 —-
1601 2285 1647 2289 —
1666 2285 1712 2289 ———

1229 2342 1288 2361 nee
1313 2330 1366 2372 qui
1393 2328 1545 2360 Abraxan
1575 2328 1608 2358 in
1636 2326 1767 2369 gemmis
1792 2338 1916 2358 mecum
1945 2339 2003 2372 pro
2027 2328 2106 2361 Sole
2127 2340 2177 2362 ae-

1229 2393 1349 2437 cipiunt
1370 2392 1445 2435 (pal.
1461 2391 1528 2423 erit.
1545 2391 1603 2421 m.
1621 2389 1649 2434 ἓ.
1668 2390 1750 2430 124,
1773 2390 1858 2430 4130,
1880 2392 1970 2430 5663
1994 2390 2052 2423 IV.
2073 2392 2177 2436 697),

1228 2458 1289 2488 1100
1315 2455 1499 2487 attributum
1526 2453 1731 2485 mirabuntur.
1773 2453 1878 2483 Etiam
1903 2452 1935 2483 in
1958 2465 2054 2486 numo
2081 2454 2177 2488 Chal-

1229 2518 1307 2550 cidis
1340 2516 1452 2559 Syriae
1480 2514 1645 2559 (Vuillant.
1679 2526 1762 2544 num.
1791 2513 1847 2545 (ir.
1873 2514 2039 2546 Commod.
2064 2528 2095 2559 p.
2116 2515 2177 2559 86)

1229 2579 1289 2612 Sol
1313 2577 1507 2622 conspicitur
1533 2576 1660 2608 sinistra
1687 2575 1829 2618 clypeum
1850 2580 1882 2607 et
1904 2576 2027 2608 hastam
2048 2582 2176 2618 tenens,
