2310 2860
760 105 960 147 Martiani
1002 105 1202 161 Capellae
1239 105 1311 147 lib.
1332 105 1385 147 II.
1423 109 1455 159 ᾗ.
1479 108 1575 150 157.

175 213 348 256 emicuit
378 222 418 253 et
447 213 576 255 ritum
615 213 753 254 statim
783 213 914 269 gentis
944 226 1223 269 sypnumque
1256 214 1525 267 monstravit3

2053 112 2135 154 2ss

1585 216 1774 257 Ammon
1806 218 2003 273 apparuit
2034 234 2134 262 cum

173 294 376 337 cornibus
409 295 592 336 arietinis
634 304 674 336 et
705 295 956 336 vestimento
995 295 1161 347 lanitio,
1209 309 1255 336 ac
1294 295 1526 335 sitientibus
1568 295 1727 337 undam
1768 296 1891 338 fontis
1923 298 2133 341 exhibuit.

171 404 250 437 ficiis
273 415 347 436 vox.
380 404 601 436 Tertullianus
627 404 681 436 lib.
706 403 731 437 I.
760 405 792 436 in
817 405 1028 437 Marcionem:
1054 403 1129 435 »Di-

171 480 244 500 vum
278 481 374 514 posse
407 468 508 500 videri
540 468 698 500 Extorum
732 470 893 512 suspiriis,
928 481 1044 512 resque
1075 481 1128 500 ex-

173 539 318 577 spectare
347 534 498 565 futuras«
528 533 654 565 Burni.
681 533 733 576 (in
756 533 879 565 advers.
903 546 935 577 p.
956 532 1129 578 1255)—

171 595 249 632 Vid.
278 596 317 628 de
344 596 465 637 Tagete
493 595 608 627 Cicero
636 595 675 627 de
706 595 802 627 divin.
825 596 868 636 2,
903 596 950 628 25
978 601 1009 627 et
1033 595 1128 628 ovid.

172 659 377 702 metamorph.
401 659 422 690 l.
446 659 520 691 XV.
549 659 620 690 555
649 658 800 702 (1.555).
829 657 962 690 Servius
984 658 1023 689 ad
1045 657 1129 690 Aen.

171 721 271 762 vm,
306 723 379 754 598
414 728 446 753 et
480 721 680 754 Scholiastes
719 721 814 754 Statii
845 722 885 754 ad
913 722 989 754 1111.
1027 722 1127 754 Theb.

171 785 244 816 516
270 783 311 828 (⁹)
339 785 493 826 Tagetem
523 783 606 816 inter
631 784 803 827 scriptores
829 784 905 816 artis
928 784 1127 828 aruspicinae

171 854 355 888 numerant,
378 861 449 880 eum
469 849 585 892 quibus
602 849 696 880 etiam
714 849 808 893 plane
826 849 1032 882 consentiunt
1052 849 1127 880 Ful-

170 911 296 952 gentius
316 916 346 942 et
370 911 525 943 Isidorus.
544 911 696 943 Gonz.—-—
705 911 837 944 Addere
851 918 978 956 poterat
995 912 1128 944 Festum

169 972 215 1016 (p.
237 974 308 1003 557
335 972 443 1016 Dac.)‚
474 972 679 1005 Ammianum
706 975 763 1018 (21
788 987 836 1018 pr.
856 987 888 1018 p.
909 975 978 1006 195
1004 974 1128 1017 Lind.),

171 1033 387 1066 Censorinum
419 1035 472 1079 (de
499 1036 548 1066 dic
579 1036 674 1067 natal.
696 1037 719 1067 4
746 1037 797 1079 fi),
823 1035 962 1068 Statium
983 1037 1066 1079 (silv.
1093 1038 1126 1076 5,

169 1096 209 1136 2,
234 1096 280 1140 1),
298 1097 464 1128 Lucanum
486 1098 540 1141 (I,
565 1098 670 1140 057),
696 1098 910 1130 Columellam
933 1098 1005 1141 (10,
1028 1099 1126 1142 515),

167 1157 321 1201 aliosque.
356 1159 424 1191 Sed
449 1159 548 1201 magis
582 1160 711 1192 solliciti
738 1171 847 1191 sumus
874 1159 914 1191 de
938 1160 1027 1192 vocis
1051 1172 1126 1203 syp-

168 1233 247 1253 mnn
267 1222 539 1266 interpretatione.
569 1223 689 1256 Glossa
709 1224 838 1267 quidem
860 1235 932 1256 esse
957 1223 1033 1255 dicit
1053 1236 1126 1268 »op-

170 1283 278 1327 pidum
309 1285 504 1327 Hispaniae,
548 1286 635 1329 quod
669 1286 750 1317 int'ra
785 1286 908 1318 dicatur
944 1286 1126 1330 Sipponeu,

169 1347 226 1378 sed
252 1347 343 1378 facile
368 1349 558 1392 perspicitur
583 1349 787 1381 sclioliastem
813 1361 946 1393 prorsus
972 1350 1049 1381 nihil
1077 1350 1128 1382 hic

168 1410 366 1443 intellexisse
398 1412 596 1455 multumque
631 1413 782 1452 sudasse,
827 1419 861 1443 ut
895 1412 987 1443 istam
1015 1413 1126 1444 saltem

169 1473 258 1505 duret
278 1473 582 1516 interpretationem.
605 1474 777 1506 variantes
800 1474 895 1515 igitur
914 1474 946 1506 iu
963 1474 1127 1506 codicibus

167 1535 322 1567 lectiones
344 1536 545 1579 perlustravi.
574 1535 641 1568 Sed
660 1536 691 1566 in
708 1537 956 1568 Monacensibus
979 1536 1057 1567 nihil
1078 1548 1127 1567 re-

166 1597 245 1641 peri,
264 1598 325 1629 nisi
341 1597 428 1641 qnod
446 1598 478 1629 in
497 1598 662 1628 nonnullis
686 1598 714 1638 1,
732 1598 764 1629 in
786 1598 931 1642 pluribus
947 1598 980 1629 Y
996 1598 1029 1629 in
1046 1610 1125 1630 voce

165 1658 221 1692 illa
243 1664 319 1691 erat.
353 1659 468 1703 Neque
493 1671 533 1690 ex
559 1659 708 1701 Anglicis
733 1659 852 1703 aliquid
876 1660 984 1704 accepi
1006 1672 1124 1692 memo·

166 1729 237 1755 ratu
256 1723 395 1765 dignum.
421 1723 460 1755 In
482 1723 662 1755 Dresdensi
679 1723 807 1767 quidem
826 1723 1030 1755 substituitur
1049 1736 1123 1768 sup-

165 1785 311 1828 plicium,-
347 1785 404 1817 sed
440 1797 457 1816 e
489 1785 634 1827 judicum
671 1797 804 1817 numero
840 1786 994 1827 Tagetem
1022 1786 1122 1818 fuisse

165 1861 259 1885 nemo
288 1849 430 1881 audierit.
459 1850 558 1892 Quod
583 1855 689 1880 autem
708 1849 742 1880 in
767 1848 1022 1892 Guelferbytano
1041 1849 1122 1882 Cor-

167 1913 230 1945 tius
252 1925 311 1957 pro
332 1925 532 1960 sypmnnque
550 1912 628 1954 legit
646 1914 852 1959 exitumque,
879 1913 968 1944 initio
994 1913 1123 1957 quidem

117 1991 123 1992 ⁷
167 1975 244 2006 milii
270 1974 393 2013 arrisit,
437 1974 627 2017 comparatis
655 1974 802 2005 nimirum
834 1974 922 2006 hisee
951 1974 1123 2008 Censorini

166 2040 239 2083 (17,
266 2038 302 2082 6)
329 2038 449 2070 verbis:
474 2038 603 2081 »Quare
631 2038 665 2069 in
697 2038 813 2069 Tuscis
845 2038 1004 2079 historiis,
1039 2051 1121 2083 quae

167 2109 278 2135 octavo
301 2114 412 2134 eornm
439 2101 548 2134 seculo
573 2101 690 2146 scripta
712 2107 804 2142 sunt,
832 2108 868 2133 ut
894 2102 1000 2134 Varro
1025 2109 1120 2135 testa-

166 2171 233 2209 tur,
266 2171 298 2196 et
324 2170 403 2209 quot
434 2175 567 2196 numero
601 2163 710 2196 secula
736 2164 766 2195 ei
789 2164 876 2206 genti
903 2164 975 2196 data
1000 2164 1064 2195 sint
1088 2169 1121 2196 et

167 2232 398 2258 transactorum
414 2226 539 2269 singula
559 2231 678 2270 quanta
694 2226 822 2267 fuerint,
844 2226 1000 2270 quibusve
1017 2232 1122 2258 osten-

168 2289 209 2321 tis
231 2302 338 2321 eorum
358 2292 465 2322 exitus
486 2290 643 2332 designati
661 2290 735 2331 sint,
756 2289 960 2322 caminetum«
984 2290 1120 2323 Verum—

170 2356 274 2383 tamen
297 2363 401 2395 neque
435 2352 467 2383 in
500 2353 558 2384 liae
585 2352 729 2396 acquievi
763 2352 985 2396 explicatione.
1025 2351 1122 2383 Post-

170 2424 264 2456 quam
293 2413 376 2444 enim
404 2412 544 2444 videram
577 2414 711 2446 eandem
744 2426 854 2447 vocem
883 2426 1037 2458 sypnum,
1067 2413 1120 2445 iis-

169 2477 304 2520 demque
322 2476 424 2508 literis
448 2476 597 2521 scriptam
617 2478 698 2510 infra
719 2478 760 2523 (§.
782 2479 871 2523 254)
895 2491 913 2510 a
935 2484 1047 2511 nostro
1071 2489 1120 2510 re-

169 2538 252 2582 peti,
281 2537 384 2569 statim
410 2537 487 2569 mibi
509 2540 673 2582 persuasi,
696 2541 778 2573 hane
803 2540 896 2573 unice
918 2552 1026 2573 veram
1048 2551 1120 2572 esee

1180 403 1367 443 lectionem,
1404 415 1507 447 neque
1541 404 1732 448 culpandum
1761 406 1954 439 Martianum
1977 406 2016 440 de
2039 418 2079 439 ea
2100 407 2135 440 in

1181 467 1410 512 antiquissimis
1430 468 1543 499 ritibus
1565 470 1770 501 recensendis
1796 470 1952 510 adbibita,
1979 471 2036 503 sed
2059 483 2133 504 nos-

1180 535 1244 561 met
1272 530 1358 573 ipsos
1381 530 1415 562 in
1443 530 1530 562 illius
1560 532 1647 562 vocis
1674 531 1871 573 ignoratione
1899 534 2132 577 reprehenden-

1180 593 1238 624 dos
1276 604 1357 625 esse.
1399 593 1562 625 Docuerat
1600 594 1683 625 enim
1714 594 1782 636 jam
1818 595 1944 627 Gellius
1978 596 2063 640 (15,
2099 596 2132 628 9.

1179 666 1209 699 p.
1240 655 1310 687 148
1337 654 1450 699 Conr.)
1480 655 1662 687 »Romanos
1685 668 1743 701 pro
1768 657 1892 689 Graeco
1921 653 2048 698 ὕπνος
2070 657 2132 702 pri-

1180 731 1265 751 mum
1299 719 1418 751 dixisse
1450 732 1587 763 sypnus,
1621 732 1638 753 e
1672 733 1735 765 quo
1759 721 1876 753 sensim
1901 727 2029 754 enatum
2052 734 2132 754 som-

1180 795 1268 814 nus.«
1303 783 1422 827 Liquet
1448 783 1544 826 igitur
1568 784 1715 816 vaticinia
1742 797 1800 828 per
1827 786 1965 824 somnia,
1995 786 2035 818 de
2064 786 2132 830 qui·

1178 847 1239 879 hus
1261 853 1372 880 noster
1396 848 1493 892 paulo
1512 854 1584 880 ante
1608 847 1648 892 (ξ.
1672 848 1756 892 151)
1776 855 1902 891 egerat,
1927 849 2133 891 intelligenda

1180 922 1269 949 esse,
1316 910 1521 954 additumque
1554 911 1685 943 verbum
1712 913 1902 943 intonso-avit
1933 910 2132 943 eminentiori

1179 985 1275 1004 sensu
1296 973 1529 1017 explicandum,
1556 979 1591 1004 ut
1612 973 1768 1015 significet
1789 974 2026 1005 demonstravit.
2047 971 2132 1006 Mul-

1178 1035 1280 1066 lerum
1298 1047 1425 1079 quoque
1437 1035 1577 1079 (Etruse.
1594 1035 1637 1067 II.
1653 1048 1684 1079 p.
1697 1036 1744 1067 25
1762 1048 1792 1067 n.
1813 1036 1868 1079 16)
1880 1048 2068 1079 persuasum
2078 1036 2132 1067 ha-

1178 1099 1251 1139 heo,
1273 1099 1301 1129 si
1322 1099 1456 1130 alterum
1473 1099 1621 1131 Martiani
1640 1099 1747 1130 locum
1765 1105 1796 1131 et
1816 1099 1958 1131 Gellium
1975 1100 2132 1145 inspexis-

1178 1166 1246 1202 set,
1270 1173 1335 1192 non
1357 1162 1575 1204 haruspicium
1601 1161 1845 1193 substituturum
1868 1162 1977 1194 fuisse.

1253 1222 1403 1268 Ammon]
1430 1224 1521 1255 Duas
1537 1223 1588 1254 hie
1605 1223 1730 1255 fabulas
1748 1224 1787 1255 de
1804 1224 1888 1255 Jove
1916 1224 2032 1266 tangit,
2055 1237 2131 1268 qua-

1177 1298 1247 1318 rum
1267 1299 1330 1319 una
1355 1288 1394 1318 ab
1416 1288 1585 1319 Herodoto
1609 1287 1664 1319 lib.
1682 1287 1724 1319 11.
1746 1288 1897 1329 refertur,
1925 1300 2006 1331 quae
2027 1295 2133 1320 narrat

1177 1350 1295 1382 «Iovem
1326 1351 1459 1382 Herculi
1484 1351 1669 1394 apparuisse
1694 1351 1726 1382 in
1754 1352 1838 1394 pelle
1868 1351 2015 1383 arietina:
2034 1352 2131 1383 altera

1178 1413 1300 1452 notior,
1340 1424 1401 1454 qua
1436 1413 1572 1442 refertur
1602 1413 1816 1444 Hammonem
1847 1413 2007 1445 sitientem
2037 1414 2130 1445 Libe-

1178 1484 1265 1513 rum,
1299 1486 1397 1516 quum
1430 1473 1604 1505 exercitum
1641 1485 1700 1517 per
1731 1473 1875 1506 Africam
1904 1475 2051 1516 duceret,
2091 1477 2131 1508 ad

1176 1537 1297 1567 sontem
1327 1535 1509 1566 deduxisse.
1539 1534 1642 1567 Gnor.
1667 1554 1715 1558 —
1745 1535 1829 1568 Vide
1857 1537 2059 1568 Herodotum
2082 1539 2129 1582 (4,

1180 1597 1282 1641 181),
1319 1599 1513 1630 Pausaniam
1548 1599 1601 1641 (8,
1628 1599 1695 1638 52,
1730 1599 1785 1642 1),
1816 1600 2016 1632 Macrobium
2043 1603 2130 1645 (Sat.

1177 1661 1217 1700 1,
1241 1660 1324 1704 21),
1354 1667 1385 1691 et
1407 1661 1480 1693 Stai
1490 1672 1621 1691 erenum
1645 1660 1698 1703 (ad
1719 1663 1941 1705 mythograpb.
1956 1676 2026 1706 pag.
2045 1666 2128 1698 955.

1175 1726 1260 1758 957.
1287 1724 1389 1768 900).
1436 1725 1604 1768 Frequens
1648 1724 1717 1766 ejus
1754 1736 1931 1766 cognomen
1965 1729 2130 1771 »corniger

1174 1788 1332 1822 Ammon«
1365 1788 1536 1832 (Lucanus
1566 1790 1607 1828 5,
1641 1788 1724 1819 292.
1760 1788 1861 1819 Silius
1891 1790 1933 1829 5,
1973 1791 2028 1822 10.
2070 1792 2127 1837 14,

1174 1851 1260 1889 572.
1287 1850 1456 1883 Claudian.
1478 1851 1503 1881 4
1529 1850 1628 1882 Cons.
1646 1849 1771 1881 Honor.
1791 1850 1871 1882 145.
1890 1850 1985 1883 Ovid.
2005 1858 2078 1884 met.
2095 1856 2128 1886 5.

1175 1917 1232 1947 17.
1261 1916 1325 1955 15,
1353 1912 1448 1957 509)
1475 1913 1609 1957 ejusque
1637 1925 1710 1945 eum
1740 1914 1889 1946 cornibus
1914 1915 2001 1959 pieta
2023 1917 2126 1958 imago

1172 1976 1257 2022 (Pal.
1277 1975 1346 2008 erit.
1366 1975 1427 2009 IV.
1453 1974 1481 2020 §.
1500 1975 1598 2019 600).

1247 2042 1436 2073 vestimento
1456 2038 1581 2085 lanitio]
1600 2039 1754 2071 Linitium
1775 2040 1977 2072 scribendum
1997 2041 2124 2072 arbitra.

1170 2113 1252 2135 mur.
1285 2101 1454 2133 Ammonis
1480 2102 1564 2134 enim
1592 2101 1742 2144 mysteria
1768 2113 1834 2134 non
1857 2101 1978 2143 lanam,
2007 2103 2064 2134 sed
2088 2103 2123 2133 Ii-

1171 2176 1248 2195 num
1279 2164 1410 2196 vestitui
1438 2164 1644 2206 quaerebant.
1682 2163 1784 2196 Silius
1808 2163 1939 2198 Italicus
1962 2164 2044 2196 libro
2065 2164 2122 2196 111.

1172 2226 1371 2258 Punicorum
1397 2226 1438 2269 (v.
1458 2225 1536 2268 24):

1225 2305 1272 2311 -—-
1293 2306 1340 2311 —
1358 2306 1404 2310 —
1426 2288 1593 2319 »velantur
1609 2299 1742 2330 eor-pora
1766 2288 1860 2319 lino.-

1171 2351 1298 2382 Bima.
1325 2351 1462 2395 (adxers.
1480 2363 1511 2394 p.
1532 2351 1651 2394 1255).
1665 2369 1712 2374 ·—
1740 2350 1808 2382 Sed
1830 2355 1914 2381 errat
1930 2348 1977 2380 vir
1992 2348 2119 2380 doctus:

1171 2412 1307 2456 primum
1336 2412 1422 2445 enim
1447 2424 1514 2444 non
1542 2412 1582 2444 de
1609 2411 1779 2444 Ammonis
1807 2409 2023 2442 sacerdotibus
2053 2409 2118 2445 illie

1171 2486 1276 2506 sermo
1303 2479 1368 2515 est,
1404 2474 1461 2506 sed
1490 2474 1529 2505 de
1555 2474 1706 2506 Herculis
1732 2472 1896 2511 Gaditani,
1930 2471 2016 2514 quod
2037 2472 2118 2503 Dra-

1170 2538 1334 2573 kenhorcl·
1356 2538 1409 2582 (ad
1433 2537 1494 2571 Sil.
1512 2538 1612 2570 Italic.
1634 2550 1665 2581 p.
1689 2536 1772 2578 125)
1794 2536 1861 2577 jam
1885 2534 2117 2567 animadvertit:

1634 2597 1681 2628 ‘27
1701 2594 1723 2619 ²¹⁵
