2310 2860
713 123 913 168 Martiani
952 123 1150 182 Capellae
1188 124 1337 166 lih.11.
1377 126 1410 177 §.
1450 125 1543 168 151.

149 231 290 273 nentia
332 231 546 287 quaedam

150 311 413 367 Plerumque
437 313 551 354 euim
587 323 838 369 quaerentes
874 314 1123 363 admonent,

151 392 219 432 vel
253 394 477 435 ostentaria
510 395 707 437 novitate.

149 473 314 529 quique
360 474 630 528 deserviunt,

2017 128 2107 171 205

606 247 820 288 vocesque
870 232 1177 284 transmittunt,
1233 232 1538 288 auguratisque
1588 233 1829 288 loquuntur
1878 236 2106 279 ominibus.

1159 312 1227 353 vel
1251 313 1397 354 sideris
1432 328 1584 364 cursu,
1619 315 1686 356 vel
1721 316 1911 357 fulminis
1944 317 2100 371 jaculo,

784 395 866 436 Sed
902 395 1107 450 quoniam
1143 395 1378 450 unicuique
1411 395 1685 450 superiorum
1727 396 1908 438 deorum
1951 398 2104 453 singuli

696 493 749 518 ex
796 477 971 518 illorum
1020 476 1192 518 arbitrio
1246 476 1516 532 istorumque
1566 477 1769 518 comitatu
1818 489 1858 520 et
1897 479 2105 535 generalis

149 555 344 596 omnium
386 557 578 612 praesul,
620 567 661 599 et
700 557 891 613 specialis
931 556 1104 613 singulis
1146 556 1400 598 mortalibus
1442 557 1603 598 Genius
1639 558 1916 612 admovetur,
1968 576 2104 617 quem

149 681 215 708 tuta
236 678 295 709 hae
316 684 417 710 totum
440 679 593 723 compleri
617 678 837 723 connectique.
860 678 927 711 Per
945 680 1027 710 lianc
1050 690 1104 709 va-

149 741 295 773 ticinium
323 754 416 774 omne
449 743 640 786 procedere,
674 743 940 787 sacerdotumque
970 742 1102 785 diligen-

149 801 224 833 tiam
248 803 331 836 cirea
355 804 506 837 sacrificia
530 804 793 849 expiationcsque
817 810 849 836 et
870 805 1103 836 incantationes

149 870 182 897 et
201 869 431 900 divitmtionem
449 881 574 900 omnem
595 875 690 913 atque
709 869 871 911 magicam.
880 884 891 897 «ι
924 869 1010 901 Huic
1031 869 1102 900 loeo

149 929 230 962 adde
256 930 352 962 alium
375 931 420 974 (in
445 931 595 974 Epiuom.
620 944 650 974 p.
668 931 742 963 984
769 930 894 974 Stepln.)
919 943 982 975 quo
1011 930 1103 962 »due-

148 1003 276 1023 mones«
298 991 342 1023 ait
362 992 412 1024 »in
433 993 537 1024 media
557 993 688 1035 regione
708 993 806 1034 aeris,
831 993 1103 1037 interpretationis

149 1053 265 1095 gratia,
300 1065 372 1085 esse
405 1054 599 1086 collocatos«
627 1060 659 1086 et
686 1055 783 1099 paulo
819 1061 893 1099 post
925 1056 974 1099 (p.
994 1056 1101 1098 983)

154 1115 226 1146 »Dii
245 1115 358 1147 summi
380 1121 412 1147 et
426 1116 609 1156 daemones,
631 1116 748 1160 iuquit,
770 1116 830 1148 sibi
851 1117 987 1149 invicem
1005 1117 1101 1149 iuter-

146 1183 253 1221 pretes
289 1183 383 1218 sunt3
425 1178 521 1210 medii
546 1178 650 1218 cuim,
680 1179 735 1222 qui
758 1179 887 1210 animati
913 1185 1003 1220 sunt,
1035 1185 1102 1211 tum

148 1239 188 1271 ud
216 1245 349 1280 terram,
388 1246 456 1271 tum
484 1240 524 1272 ad
554 1241 680 1272 eoelum
712 1241 777 1273 levi
806 1247 896 1273 motu
920 1242 1101 1283 seruntur«,

148 1308 183 1335 ut
209 1303 351 1335 omittam
373 1316 454 1347 quae
484 1305 546 1336 hoe
567 1305 663 1336 etiam
688 1305 761 1337 loeo
788 1306 827 1337 de
851 1306 982 1338 somniis
999 1312 1031 1338 et
1048 1318 1101 1338 va-

148 1364 265 1397 ticiniis
285 1365 421 1409 repetiit.
448 1365 548 1396 Plura
570 1365 652 1397 infra
673 1365 726 1409 (ad
747 1365 778 1410 §.
799 1366 893 1409 154).

219 1427 388 1474 fulminis]
416 1428 484 1461 Sed
515 1428 632 1460 Jovem
660 1428 766 1473 ipsum
791 1429 853 1461 hoe
877 1435 971 1472 paeto
996 1429 1101 1460 omina

148 1490 273 1522 misisse
298 1491 422 1533 fingunt
441 1502 507 1522 non
532 1490 636 1522 solum
656 1495 784 1535 poetae,
809 1495 845 1521 ut
862 1490 999 1522 Ovidius
1019 1492 1103 1534 (fast.

147 1555 187 1595 5,
210 1553 314 1597 569)

202 1619 288 1650 »Ter
308 1621 412 1649 tonuit
435 1618 505 1649 sine
529 1617 613 1649 nube
635 1617 727 1656 deus,
749 1615 811 1648 tria
833 1616 959 1658 fulgura
976 1618 1102 1656 misit«,-

148 1681 205 1713 sed
221 1681 405 1726 philosophi
421 1681 514 1712 etiam
536 1681 628 1725 (Seu.
646 1686 712 1712 nat.
726 1686 848 1725 quaest.
862 1681 897 1720 2,
915 1681 973 1712 52.
988 1693 1018 1723 p.
1029 1681 1097 1711 711

148 1755 237 1787 sequ.
257 1742 370 1786 Lips.)
394 1742 526 1774 fulmina
552 1743 658 1774 sutura
684 1742 877 1786 portendere
905 1747 1101 1782 statuerunt,

149 1816 230 1848 quos
245 1804 318 1846 jure
343 1805 426 1836 ridet
448 1804 574 1837 Seneca
595 1805 643 1848 (2,
665 1804 726 1838 41.
747 1817 779 1848 p.
801 1804 874 1836 714
899 1804 1012 1847 sequ).

225 1866 419 1913 ostentaria]
444 1869 565 1908 Recte,
591 1880 657 1899 non
685 1869 952 1906 »ostentatorie«,
981 1873 1015 1898 ut
1032 1867 1101 1911 qui-

147 1931 221 1963 dam
247 1937 470 1964 correxerunt=
494 1932 534 1963 de
564 1931 699 1963 ostentis
730 1931 814 1962 enim
846 1942 961 1962 sermo.
1000 1930 1101 1972 Adje-

148 1994 266 2025 ctivum
284 1993 365 2024 illud
391 1999 524 2037 usurpat
546 1998 578 2024 et
601 1993 784 2024 Macrobius
807 1992 889 2035 (Sat.
908 1993 944 2033 2,
971 1993 1035 2031 165
1066 1993 1101 2032 5,

148 2055 183 2100 7)
204 2067 263 2099 pro
286 2055 423 2087 »ostenti
442 2054 506 2086 vim
527 2055 681 2094 habente,
710 2054 762 2086 vel
777 2054 942 2086 doeente.«
974 2053 1029 2085 Ad
1055 2059 1102 2085 to-

148 2125 215 2151 tum
239 2119 346 2152 locum
367 2118 558 2151 conserenda
576 2119 655 2150 haec
679 2118 846 2150 Ciceronis
864 2119 917 2163 (N.
933 2119 976 2152 D.
995 2119 1035 2158 2,
1064 2118 1103 2161 5)

146 2183 244 2216 verba
269 2187 361 2214 sunt:
392 2181 652 2213 »Praedictiones
684 2194 761 2213 vero
793 2187 826 2213 et
855 2182 1101 2226 praesensiones

149 2256 254 2279 rerum
283 2246 460 2278 suturarum
485 2246 563 2290 quid
591 2245 678 2278 aliud
705 2245 885 2287 declarant,
914 2246 977 2277 nisi
1002 2245 1101 2278 homi-

150 2308 243 2341 nibus
270 2321 307 2341 ea
334 2321 415 2353 quae
440 2309 521 2350 sint,
547 2310 690 2349 ostendi,
722 2311 914 2349 monstrari,
941 2300 1103 2353 portendi,

150 2370 311 2415 praedici?
342 2382 383 2401 ex
413 2381 478 2414 quo
503 2370 559 2403 illa
585 2377 728 2411 ostenta,
756 2377 920 2411 monstra,
940 2377 1103 2416 portenta,

149 2431 322 2478 prodigiam

224 2491 384 2538 novitate]
409 2492 534 2525 Ansam
566 2494 681 2527 iterum
712 2496 827 2529 Cicero
855 2497 1017 2540 praebuit,
1049 2499 1104 2540 qui

151 2556 232 2601 (div.
254 2556 294 2598 2,
324 2554 392 2598 22)
419 2554 459 2587 de
487 2554 602 2588 iisdem
627 2558 778 2590 ostentis:
807 2571 992 2591 »causarum
1019 2559 1103 2590 enim

1154 677 1332 719 ignorantia
1353 677 1387 710 in
1410 689 1445 710 re
1468 690 1554 710 nova
1577 679 1775 711 mirationem
1798 681 1898 714 facin«
1933 682 2106 714 Cornelius

1153 742 1277 773 fronto
1303 742 1358 785 (11.
1379 754 1409 785 p.
1433 742 1507 774 468
1529 742 1634 786 Maj.):
1657 743 1714 775 clu
1742 750 1868 776 ostento
1902 748 2022 777 raritas
2053 747 2105 778 ad—

1153 805 1354 836 mirationem
1386 805 1487 837 facita
1539 804 1723 850 Appulejus
1754 808 1812 851 (de
1844 808 1904 839 deo
1933 808 2055 841 Soet-at.
2077 823 2107 853 p.

1157 867 1227 898 120
1258 865 1378 909 oud.)=
1407 866 1554 899 «Raritas
1583 868 1732 900 conciliat
1769 869 1839 914 ipsa
1878 870 1974 901 rebus
2010 871 2107 903 admi-

1152 928 1337 960 rationemu·

1227 989 1406 1036 generalis]
1441 991 1551 1035 Quum
1578 993 1666 1025 vario
1697 1005 1795 1025 sensu
1820 1006 1883 1026 vox
1906 994 2030 1027 Genius
2060 1009 2109 1029 ac·

1154 1053 1216 1097 cipi
1242 1055 1346 1098 possit
1371 1054 1485 1098 (Vives
1511 1055 1551 1086 ad
1572 1054 1748 1097 Augustini.
1767 1057 1806 1088 de
1825 1058 1881 1089 civ.
1901 1058 1953 1089 dei
1971 1060 2003 1099 7,
2029 1060 2108 1101 15),

1153 1118 1238 1148 haud
1269 1118 1418 1161 equidem
1447 1118 1658 1150 determinare
1691 1120 1809 1160 ausim,
1847 1121 1919 1164 quis
1951 1122 2109 1163 generalis

1152 1180 1206 1212 ille
1237 1180 1286 1212 sit.
1327 1181 1453 1212 Poterit
1474 1187 1580 1213 tamen
1606 1183 1692 1214 credi
1719 1183 1765 1223 is,
1788 1195 1883 1227 quem
1905 1184 2108 1226 Augustinus

1153 1244 1200 1286 (⁸7⁷
1229 1243 1287 1285 16)
1312 1249 1434 1286 partem
1462 1243 1603 1274 universi
1630 1244 1710 1275 dixit
1733 1245 1834 1288 (conf.
1860 1258 1955 1290 supra
1984 1246 2013 1290 ξ.
2033 1248 2110 1289 49).

1151 1306 1277 1338 Poterit
1309 1311 1341 1338 et
1362 1306 1506 1337 Fortuna
1538 1307 1691 1349 intelligi,
1723 1321 1818 1352 quam
1842 1310 1897 1353 qui
1923 1323 2048 1342 caecam
2077 1317 2109 1341 ct

1153 1369 1350 1401 arbitrariam
1368 1381 1441 1401 esse
1463 1376 1637 1411 negarunt,
1663 1370 1847 1414 δαίμονα,
1879 1372 2029 1414 Genium,
2054 1386 2107 1417 ap-

1152 1432 1320 1476 pellarunt.
1351 1432 1552 1463 «lamblichus
1582 1433 1643 1476 (ap.
1663 1433 1756 1465 Stob.
1773 1435 1807 1466 in
1829 1435 1929 1477 eclog.
1955 1448 1986 1479 p.
2004 1437 2105 1479 402):

1160 1495 1335 1535 »Fortuna‚
1368 1506 1463 1537 quam
1493 1507 1568 1526 mox
1598 1496 1704 1528 Deum
1731 1508 1898 1538 vocamus,
1928 1510 2002 1530 mox
2025 1500 2109 1531 Dae—

1152 1571 1287 1589 monem.
1314 1558 1352 1589 Si
1375 1558 1459 1589 enim
1479 1558 1573 1589 altior
1592 1571 1698 1590 rerum
1716 1560 1793 1591 ordo
1817 1573 1912 1592 causa
1927 1568 2110 1603 eventuum,

1152 1620 1243 1651 Deus
1275 1631 1292 1650 a
1320 1618 1413 1649 uobis
1448 1625 1581 1650 vocatur
1614 1620 1902 1662 (quemadmodum
1932 1623 2110 1654 Martianus

1153 1679 1181 1724 §.
1206 1681 1277 1712 150
1310 1691 1495 1712 »causarum
1523 1680 1690 1712 latentium
1719 1681 1864 1725 arcana);
1892 1683 1919 1713 si
1947 1684 2109 1716 naturales

1153 1754 1285 1782 causae,
1317 1742 1496 1775 Daemou.‹·

1227 1806 1364 1849 singulis
1379 1803 1578 1850 vttorlalibtaes]
1606 1804 1775 1847 Ejusmodi
1791 1805 1889 1838 Genii
1911 1806 1951 1839 ab
1963 1807 2110 1840 Hesiodo

1152 1870 1219 1913 (op.
1238 1868 1324 1912 250)
1346 1874 1553 1900 numerantur
1578 1874 1627 1899 ter
1650 1869 1756 1900 decies
1778 1869 1883 1901 mille=

1203 1928 1297 1977 Τρὶς
1317 1928 1392 1977 γὰρ
1413 1928 1543 1978 μύριοί
1569 1931 1662 1966 εἰσιν
1682 1929 1746 1967 ἐπὶ
1765 1929 1893 1977 χθονὶ
1915 1933 2110 1974 πουλυβο-

1552 1991 1657 2039 τείρῃ

1198 2051 1404 2090 Ἀθάνατοι,
1422 2053 1548 2102 Ζηνὸς
1575 2051 1749 2102 φύλακες
1769 2056 1932 2103 θνητῶν
1960 2052 2110 2105 ἀνθρώ-

1554 2126 1653 2152 πων.

1154 2179 1357 2222 Quibuscum
1384 2180 1494 2211 confer
1518 2179 1662 2220 ejusdem
1690 2185 1805 2222 poetae
1832 2181 2013 2224 superiores
2040 2192 2109 2211 ver-

1155 2254 1210 2273 sus
1238 2242 1356 2287 (121),
1388 2243 1623 2286 Platonemque
1648 2243 1693 2286 (iu
1720 2243 1800 2274 Tim.
1825 2245 1922 2287 p.40
1949 2242 2107 2286 Stcph.in

1155 2307 1273 2348 Tlieag.
1305 2320 1338 2351 p.
1360 2308 1442 2340 128.
1465 2308 1504 2339 de
1525 2308 1568 2340 R.
1593 2308 1631 2339 P.
1659 2309 1691 2339 5.
1718 2321 1746 2351 p.
1767 2308 1872 2351 468),
1897 2307 2107 2340 Menandrum

1153 2371 1199 2415 (in
1223 2370 1315 2403 Stob.
1337 2371 1438 2413 eclog.
1464 2373 1495 2411 1,
1518 2373 1552 2411 6,
1573 2372 1608 2404 4.
1635 2383 1665 2414 p.
1686 2373 1758 2403 168
1784 2371 1894 2413 lIeer.)
1915 2377 1946 2401 ct
1971 2369 2106 2401 Sextum

1112 2446 1114 2448 ·
1153 2434 1349 2478 Empiricum
1367 2435 1415 2478 (9,
1439 2436 1496 2467 86.
1510 2447 1542 2479 p.
1559 2436 1628 2466 571
1650 2435 1677 2466 F
1680 2434 1768 2477 abiu).
1790 2434 1818 2464 Ε
1835 2432 1988 2464 Romanis
2001 2432 2106 2464 Varro

1154 2496 1221 2540 (ap.
1250 2494 1425 2537 Angustia.
1453 2497 1486 2536 7,
1515 2496 1583 2539 15)
1614 2495 1753 2528 Genium
1781 2493 1856 2525 dicit
1889 2504 1960 2524 esse
1989 2495 2106 2524 nuntius

1153 2561 1308 2608 cujusque
1346 2559 1485 2592 animum
1518 2559 1723 2591 rationalem«
1757 2556 1872 2600 quihus
1897 2555 1935 2586 :ul
1962 2555 2106 2589 Socratis

2139 398 2222 441 152
