2310 2860
648 145 848 188 Martiani
878 145 1078 203 Capellae
1108 145 1179 188 lib.
1204 146 1303 189 VII.
1344 148 1377 199 ᾗ.
1409 148 1508 190 755.
1972 154 2058 193 587

99 251 277 294 triadem
308 249 516 293 idealibus
554 251 702 293 formis
733 262 1041 308 consequenter
1080 262 1298 308 aptamus,
1346 253 1533 296 animam
1567 269 1668 298 vero
1699 256 1870 298 rationis
1900 265 1940 299 et
1969 258 2053 299 ira-

99 333 277 376 cundiae
308 334 634 391 cupiditatisque
664 333 918 377 distribuere
948 335 1135 392 trigario.

872 491 950 532 DE
989 491 1286 534 TETRADE.

268 596 385 647 Quid
421 597 627 639 tetradem
670 598 840 641 dicam'.>
887 598 928 639 in
962 611 1049 652 qua
1089 597 1303 638 soliditatis
1335 607 1448 639 certa
1479 599 1701 655 persecti03
1741 615 1840 642 nam
1875 616 1925 644 ex
1957 602 2051 644 lon·
2078 600 2168 643 ⁷54

95 676 283 734 gitudinc
330 693 377 720 ac
422 679 708 734 profunditate
758 679 1048 734 componitur,
1101 678 1316 734 decasque
1360 681 1485 736 plena
1529 681 1594 722 his
1636 692 1821 736 quatuor
1858 685 2048 726 numeris

95 757 301 813 gradatim
336 760 494 815 plicatis
525 760 776 814 integratur,
815 758 856 800 id
888 769 947 800 est
980 774 1088 811 un0,
1130 759 1321 812 duobus,
1359 762 1516 812 tribus,
1557 772 1756 817 quatuor.
1828 763 1935 804 Item
1971 764 2049 804 he-

96 848 279 880 catontas
324 855 346 881 a
389 840 547 882 decade
591 840 864 895 quaternario
916 840 1186 891 cumulatur,
1232 840 1274 881 id
1321 852 1380 882 est
1425 842 1597 894 decem,
1644 844 1811 899 viginti,
1860 844 2049 898 triginta,

94 919 396 975 quadraginta,
444 921 519 976 qui
558 930 656 961 sunt
685 930 884 973 ceutum3
941 930 980 961 et
1017 920 1115 961 item
1158 935 1180 961 a
1219 931 1390 963 centum
1423 933 1610 978 quatuor
1656 924 1828 965 numeri
1866 922 2052 964 reddunt

97 1000 234 1050 mille,
294 1000 337 1041 id
389 1011 449 1041 est
500 1011 692 1051 centum,
747 1002 939 1052 ducenti,
991 1002 1184 1053 trecenti,
1229 1001 1537 1057 quadringenti.
1609 1003 1676 1044 Sic
1720 1002 1867 1043 decem
1917 1002 2050 1043 millia

96 1091 322 1136 ceteraque
353 1091 624 1122 excrementa
656 1083 937 1137 complentur.
1000 1081 1117 1131 Quid
1155 1081 1273 1136 quod
1305 1091 1491 1135 quatuor
1533 1083 1631 1123 anni
1670 1093 1884 1138 tempora,
1931 1082 2051 1124 fron—

95 1170 244 1216 tesque
269 1161 395 1212 coeli,
428 1162 828 1217 elementorumque
853 1162 1058 1217 principia
1088 1177 1178 1201 esse
1208 1176 1290 1201 non
1317 1160 1499 1200 dubium
1533 1162 1620 1201 est?
1654 1162 1894 1202 Hominum
1924 1163 2047 1202 etiam

95 1250 282 1295 quatuor
316 1251 489 1292 aetates,
528 1251 715 1296 quatuor
747 1242 868 1292 vitia,
910 1251 1186 1296 quatuorque
1219 1240 1407 1282 virtutes.
1468 1241 1548 1281 Hic
1577 1255 1786 1283 numerus
1814 1241 2049 1298 quadratus

96 1321 175 1377 ipsi
206 1320 399 1377 Cyllenio
429 1321 679 1376 deputatur,
724 1321 840 1376 quod
876 1321 1111 1377 quadratus
1143 1321 1247 1363 deus
1277 1321 1391 1362 solus
1423 1321 1646 1363 habeatur.

868 1476 947 1518 DE
990 1476 1277 1517 PENTADE.

265 1583 469 1639 Sequitur
508 1592 674 1639 pentas,
719 1582 795 1637 qui
825 1597 1033 1623 numerus
1068 1582 1231 1623 mundo
1263 1592 1322 1623 est
1353 1582 1589 1623 attributus.
1647 1582 1759 1623 Nam
1792 1583 1825 1624 si
1856 1597 1912 1624 ex
1943 1597 2051 1638 qua-
2086 1584 2172 1623 735

173 1692 320 1738 trinario]
336 1693 374 1725 In
389 1693 483 1724 editis
500 1698 567 1723 erat
583 1694 722 1723 tricario.
743 1692 838 1722 Forte
855 1693 1001 1734 lrt‘qario,
1016 1695 1051 1722 ut
1101 1690 1196 1724 λεια.
1218 1690 1316 1721 Plura
1332 1690 1419 1721 dabit
1434 1690 1611 1733 Asiins(ad
1625 1690 1755 1723 Platon.
1773 1691 1904 1734 Protag.
1918 1691 1951 1724 in
1965 1703 2050 1736 oper.

98 1767 192 1799 supra
204 1755 327 1798 fult-ida
343 1767 401 1799 pro
415 1755 550 1798 sidyma.
573 1755 670 1785 Libro
689 1753 824 1785 musico:
837 1753 978 1784 »demum
995 1754 1050 1784 tri-
1101 1751 1176 1783 edit.
1202 1752 1238 1782 T.
1260 1752 1322 1789 IX,
1352 1764 1380 1795 p.
1402 1753 1494 1792 155).

96 1822 224 1863 qarium
246 1819 453 1863 supplicantis
478 1831 603 1862 semper
625 1817 840 1860 germanitatis
867 1816 1049 1854 adveniat«,
1175 1813 1313 1858 plicatis]
1342 1814 1427 1846 Male
1450 1815 1482 1846 in
1508 1814 1602 1846 editis
1624 1815 1751 1859 plicieis.
1777 1815 1928 1847 Nostram
1943 1815 2050 1848 lectio-

97 1883 152 1913 nbi
176 1882 215 1913 de
241 1881 368 1920 λιταις
391 1881 679 1912 59Γη]ο.(]ιιοτ.·-
712 1879 867 1922 Spectant
890 1878 944 1908 illa
966 1878 1049 1908 Mar·
1101 1889 1172 1909 ncm
1197 1878 1286 1909 dedit
1309 1878 1410 1909 codex
1435 1878 1641 1910 Monacensis
1663 1878 1732 1921 (A).
1763 1879 1813 1910 De
1836 1885 1971 1923 tetracty
1990 1880 2053 1923 Py-

97 1945 173 1975 tiani
203 1943 241 1975 ad
272 1943 419 1974 Platonis
455 1942 646 1980 doctrinam,
681 1953 744 1983 qua
773 1940 874 1970 anima
901 1939 1050 1970 dividitur
1100 1939 1262 1980 thagorica
1285 1951 1379 1982 snpra
1401 1939 1467 1980 jam
1495 1939 1616 1980 egimus
1641 1940 1694 1983 (ad
1715 1939 1853 1983 §.107).

95 2008 128 2038 in
160 2001 398 2051 λογιστικὸν,
440 2001 664 2047 θυμοειδὲς,
702 2007 734 2033 et
769 1997 1052 2047 ἐπιθυμητικὸν
1176 2000 1333 2046 Cyllenio]
1360 2002 1433 2034 Hoc
1457 2014 1585 2046 quoque
1612 2015 1706 2047 supra
1727 2002 1768 2047 (ξ.
1792 2003 1876 2046 108)
1894 2003 1961 2044 jam
1983 2002 2051 2034 atti-

98 2070 150 2113 (de
174 2070 216 2102 R.
241 2070 279 2100 P.
307 2069 347 2108 4,
379 2080 409 2111 p.
428 2069 519 2107 4563
557 2067 596 2105 9,
635 2078 667 2109 p.
692 2066 782 2104 5803
828 2064 908 2095 Tim.
938 2076 967 2107 p.
985 2064 1050 2103 693
1100 2063 1213 2106 gimus.
1239 2063 1335 2094 Adde
1353 2064 1560 2095 Plutarchum
1578 2065 1644 2108 (qu.
1662 2076 1763 2108 symp.
1778 2065 1817 2105 9,
1841 2066 1883 2104 55
1906 2077 1937 2108 p.
1954 2065 2052 2106 758)‹.

98 2131 234 2164 Phaedr.
255 2144 284 2175 p.
302 2131 393 2171 2463
419 2130 458 2161 de
482 2129 624 2171 Legibus
643 2129 683 2169 9,
708 2142 740 2173 p.
756 2129 845 2168 8653
871 2127 952 2159 adde
971 2126 1049 2158 Dio·
1099 2123 1230 2173 ‘EpueZ
1262 2124 1303 2161 δὲ
1335 2123 1500 2170 μάλιστα
1536 2126 1617 2161 τῶν
1648 2124 1829 2173 ἀριθμῶν
1862 2123 1887 2172 ἡ
1916 2125 2052 2172 τετρὰς

97 2206 209 2237 genem
229 2196 268 2233 5,
294 2194 367 2235 90).
1099 2184 1314 2223 ἀνάκειται·
1341 2186 1484 2222 πολλοὶ
1499 2187 1540 2223 δὲ
1562 2186 1626 2223 καὶ
1642 2185 1794 2235 τετράδι
1814 2186 1936 2235 μηνὸς
1954 2189 2050 2223 ἱστα-

173 2254 356 2299 soliditatis]
384 2255 473 2287 Cave
495 2250 544 2288 τὰ
565 2249 702 2298 ὄτερεὰ
721 2250 763 2296 (ξ.
779 2251 864 2293 721)
881 2249 1051 2291 intelligas,
1101 2249 1221 2294 μένου
1237 2248 1424 2295 γενέσθαι
1440 2247 1510 2284 τὸν
1529 2247 1627 2285 θεὸν
1648 2249 1858 2297 ίότοροῦσιε
1881 2256 1914 2281 et
1928 2250 2049 2281 Macro-

98 2323 135 2349 ut
159 2317 293 2349 latitmlo
322 2316 355 2346 in
378 2316 586 2358 sequentibus
611 2315 798 2353 excidisset,
831 2313 887 2343 sed
909 2313 950 2343 de
973 2323 1050 2359 qua-
1100 2314 1187 2345 bium
1214 2313 1362 2355 (Saturni.
1391 2315 1426 2353 1,
1458 2314 1536 2357 19):
1562 2315 1740 2357 »Pleraque
1767 2313 1861 2344 etiam
1885 2312 2052 2344 simulacra

98 2383 191 2414 druto
213 2380 369 2423 loquitur,
400 2379 486 2422 quod
509 2384 541 2410 et
562 2379 667 2422 ipsum
689 2377 822 2422 perfecti
846 2382 878 2408 et
904 2376 1051 2408 omnibus
1101 2374 1252 2408 Mercurii
1283 2375 1442 2421 quadrato
1469 2381 1553 2406 statu
1578 2376 1753 2417 figurantur
1776 2392 1823 2397 —
1844 2374 1962 2417 quippe
1989 2373 2050 2415 sig-

99 2445 239 2477 numeris
261 2443 401 2475 absoluti
423 2442 486 2474 vim
506 2442 603 2483 gerit,
629 2444 738 2474 consor
760 2441 904 2485 inprimis
926 2440 1052 2472 Aristo·
1104 2437 1211 2469 nificat
1249 2435 1300 2468 hic
1338 2448 1489 2468 numerus
1522 2436 1575 2469 vel
1607 2436 1740 2468 totidem
1773 2436 1885 2479 plagas
1921 2435 2052 2473 mundi,

98 2509 195 2540 telem
219 2507 349 2550 (rhetor.
368 2507 408 2545 5,
442 2504 517 2547 11):
534 2501 605 2538 τὸν
625 2499 780 2549 ἀγαθὸν
794 2501 916 2549 ἄνδρα
931 2497 1054 2548 φάναι
1103 2499 1155 2531 vel
1179 2503 1317 2542 quatuor
1344 2499 1429 2531 vices
1457 2503 1650 2543 temporum,
1679 2497 1795 2542 quibus
1820 2508 1923 2529 annus
1951 2496 2051 2528 inclu-

100 2566 197 2604 εἶναι
227 2564 470 2613 τετράγωνον
503 2562 720 2612 μεταφορὰ·
748 2562 865 2612 ἄμφω
895 2561 968 2609 γὰρ
994 2560 1051 2597 τέ·
1103 2561 1206 2593 ditur«
1233 2565 1292 2593 cet.
1636 2616 1659 2639 ἓξ

1574 2619 1621 2651 74
