<?xml version="1.0" encoding="UTF-8"?>
<!DOCTYPE html PUBLIC "-//W3C//DTD XHTML 1.0 Transitional//EN"
    "http://www.w3.org/TR/xhtml1/DTD/xhtml1-transitional.dtd">
<html xmlns="http://www.w3.org/1999/xhtml" xml:lang="en" lang="en">
 <head>
  <title>
</title>
<meta http-equiv="Content-Type" content="text/html;charset=utf-8" />
  <meta name='ocr-system' content='tesseract 3.04.00' />
  <meta name='ocr-capabilities' content='ocr_page ocr_carea ocr_par ocr_line ocrx_word'/>
</head>
<body>
  <div class='ocr_page' id='page_1' title='image "./denuptiisphilolo00martuoft/denuptiisphilolo00martuoft_0294.png"; bbox 0 0 2310 2860; ppageno 0'>
   <div class='ocr_carea' id='block_1_1' title="bbox 72 827 156 870">
    <p class='ocr_par' dir='ltr' id='par_1_1' title="bbox 72 827 156 870">
     <span class='ocr_line' id='line_1_1' title="bbox 72 827 156 870; baseline 0.024 -2"><span class='ocrx_word' id='word_1_1' title='bbox 72 827 156 870; x_wconf 54' lang='lat'>22:51</span> 
     </span>
    </p>
   </div>
   <div class='ocr_carea' id='block_1_2' title="bbox 190 190 280 232">
    <p class='ocr_par' dir='ltr' id='par_1_2' title="bbox 190 190 280 232">
     <span class='ocr_line' id='line_1_2' title="bbox 190 190 280 232; baseline 0.011 -1"><span class='ocrx_word' id='word_1_2' title='bbox 190 190 280 232; x_wconf 59' lang='lat'>26⁷1</span> 
     </span>
    </p>
   </div>
   <div class='ocr_carea' id='block_1_3' title="bbox 192 291 1328 348">
    <p class='ocr_par' dir='ltr' id='par_1_3' title="bbox 192 291 1328 348">
     <span class='ocr_line' id='line_1_3' title="bbox 192 291 1328 348; baseline -0.005 -10"><span class='ocrx_word' id='word_1_3' title='bbox 192 298 291 348; x_wconf 78' lang='lat' dir='ltr'>sint,</span> <span class='ocrx_word' id='word_1_4' title='bbox 333 297 439 337; x_wconf 87' lang='lat' dir='ltr'>sicut</span> <span class='ocrx_word' id='word_1_5' title='bbox 472 305 512 336; x_wconf 88' lang='lat' dir='ltr'>ct</span> <span class='ocrx_word' id='word_1_6' title='bbox 543 295 587 336; x_wconf 88' lang='lat' dir='ltr'>in</span> <span class='ocrx_word' id='word_1_7' title='bbox 622 294 768 336; x_wconf 87' lang='lat' dir='ltr'>ceteris</span> <span class='ocrx_word' id='word_1_8' title='bbox 808 294 970 336; x_wconf 84' lang='lat' dir='ltr'>artibus</span> <span class='ocrx_word' id='word_1_9' title='bbox 1009 291 1328 348; x_wconf 84' lang='lat' dir='ltr'>comprobatur.</span> 
     </span>
    </p>
   </div>
   <div class='ocr_carea' id='block_1_4' title="bbox 763 181 1580 240">
    <p class='ocr_par' dir='ltr' id='par_1_4' title="bbox 763 181 1580 240">
     <span class='ocr_line' id='line_1_4' title="bbox 763 181 1580 240; baseline -0.004 -12"><span class='ocrx_word' id='word_1_10' title='bbox 763 184 962 228; x_wconf 86' lang='lat' dir='ltr'>Martiani</span> <span class='ocrx_word' id='word_1_11' title='bbox 993 183 1192 240; x_wconf 80' lang='lat' dir='ltr'>Capellae</span> <span class='ocrx_word' id='word_1_12' title='bbox 1222 183 1294 225; x_wconf 90' lang='lat' dir='ltr'>lib.</span> <span class='ocrx_word' id='word_1_13' title='bbox 1316 182 1392 225; x_wconf 94' lang='grc' dir='ltr'><strong>ΙΙΙ.</strong></span> <span class='ocrx_word' id='word_1_14' title='bbox 1422 185 1453 236; x_wconf 67' lang='lat'>§-</span> <span class='ocrx_word' id='word_1_15' title='bbox 1473 181 1580 225; x_wconf 78' lang='lat'><strong>250.</strong></span> 
     </span>
    </p>
   </div>
   <div class='ocr_carea' id='block_1_5' title="bbox 1391 291 2149 348">
    <p class='ocr_par' dir='ltr' id='par_1_5' title="bbox 1391 291 2149 348">
     <span class='ocr_line' id='line_1_5' title="bbox 1391 291 2149 348; baseline -0.001 -15"><span class='ocrx_word' id='word_1_16' title='bbox 1391 291 1504 333; x_wconf 87' lang='lat' dir='ltr'>Nam</span> <span class='ocrx_word' id='word_1_17' title='bbox 1541 299 1581 332; x_wconf 85' lang='lat' dir='ltr'>ct</span> <span class='ocrx_word' id='word_1_18' title='bbox 1615 300 1728 332; x_wconf 88' lang='lat' dir='ltr'>actor</span> <span class='ocrx_word' id='word_1_19' title='bbox 1763 293 1971 347; x_wconf 83' lang='lat' dir='ltr'>cognoscit</span> <span class='ocrx_word' id='word_1_20' title='bbox 2009 293 2149 348; x_wconf 81' lang='lat' dir='ltr'>primo</span> 
     </span>
    </p>
   </div>
   <div class='ocr_carea' id='block_1_6' title="bbox 194 371 2149 434">
    <p class='ocr_par' dir='ltr' id='par_1_6' title="bbox 194 371 2149 434">
     <span class='ocr_line' id='line_1_6' title="bbox 194 371 2149 434; baseline -0.003 -16"><span class='ocrx_word' id='word_1_21' title='bbox 194 393 306 434; x_wconf 85' lang='lat' dir='ltr'>quae</span> <span class='ocrx_word' id='word_1_22' title='bbox 338 377 478 419; x_wconf 77' lang='lat' dir='ltr'>valeat</span> <span class='ocrx_word' id='word_1_23' title='bbox 509 376 700 428; x_wconf 82' lang='lat' dir='ltr'>actitare,</span> <span class='ocrx_word' id='word_1_24' title='bbox 732 385 771 417; x_wconf 86' lang='lat' dir='ltr'>et</span> <span class='ocrx_word' id='word_1_25' title='bbox 801 385 1069 417; x_wconf 80' lang='lat' dir='ltr'>astronomus</span> <span class='ocrx_word' id='word_1_26' title='bbox 1102 371 1470 429; x_wconf 5' lang='lat' dir='ltr'>quaedamgfacit,</span> <span class='ocrx_word' id='word_1_27' title='bbox 1504 381 1553 413; x_wconf 92' lang='lat' dir='ltr'>ut</span> <span class='ocrx_word' id='word_1_28' title='bbox 1586 387 1662 428; x_wconf 88' lang='lat' dir='ltr'>per</span> <span class='ocrx_word' id='word_1_29' title='bbox 1693 386 1743 413; x_wconf 88' lang='lat' dir='ltr'>ca</span> <span class='ocrx_word' id='word_1_30' title='bbox 1773 382 2005 428; x_wconf 81' lang='lat' dir='ltr'>cognoscat,</span> <span class='ocrx_word' id='word_1_31' title='bbox 2038 388 2149 428; x_wconf 83' lang='lat' dir='ltr'>quae</span> 
     </span>
    </p>
   </div>
   <div class='ocr_carea' id='block_1_7' title="bbox 191 452 680 515">
    <p class='ocr_par' dir='ltr' id='par_1_7' title="bbox 191 452 680 515">
     <span class='ocr_line' id='line_1_7' title="bbox 191 452 680 515; baseline -0.004 -14"><span class='ocrx_word' id='word_1_32' title='bbox 191 452 341 501; x_wconf 85' lang='lat' dir='ltr'>debeat</span> <span class='ocrx_word' id='word_1_33' title='bbox 386 458 680 515; x_wconf 87' lang='lat' dir='ltr'>comprobare.</span> 
     </span>
    </p>
   </div>
   <div class='ocr_carea' id='block_1_8' title="bbox 750 453 2152 511">
    <p class='ocr_par' dir='ltr' id='par_1_8' title="bbox 750 453 2152 511">
     <span class='ocr_line' id='line_1_8' title="bbox 750 453 2152 511; baseline -0.001 -12"><span class='ocrx_word' id='word_1_34' title='bbox 750 458 959 505; x_wconf 87' lang='lat' dir='ltr'>Promittit</span> <span class='ocrx_word' id='word_1_35' title='bbox 1006 457 1134 498; x_wconf 84' lang='lat' dir='ltr'>etiam</span> <span class='ocrx_word' id='word_1_36' title='bbox 1177 465 1417 511; x_wconf 87' lang='lat' dir='ltr'>utrumque</span> <span class='ocrx_word' id='word_1_37' title='bbox 1459 454 1729 506; x_wconf 84' lang='lat' dir='ltr'>Geometres,</span> <span class='ocrx_word' id='word_1_38' title='bbox 1783 454 1944 510; x_wconf 86' lang='lat' dir='ltr'>quippe</span> <span class='ocrx_word' id='word_1_39' title='bbox 1993 453 2152 497; x_wconf 81' lang='lat' dir='ltr'>formas</span> 
     </span>
    </p>
   </div>
   <div class='ocr_carea' id='block_1_9' title="bbox 190 536 1546 592">
    <p class='ocr_par' dir='ltr' id='par_1_9' title="bbox 190 536 1546 592">
     <span class='ocr_line' id='line_1_9' title="bbox 190 536 1546 592; baseline -0.004 -10"><span class='ocrx_word' id='word_1_40' title='bbox 190 540 507 583; x_wconf 78' lang='lat' dir='ltr'><strong>theorematum</strong></span> <span class='ocrx_word' id='word_1_41' title='bbox 537 554 637 582; x_wconf 87' lang='lat' dir='ltr'>cum</span> <span class='ocrx_word' id='word_1_42' title='bbox 669 539 904 582; x_wconf 85' lang='lat' dir='ltr'>rationibus</span> <span class='ocrx_word' id='word_1_43' title='bbox 937 539 1058 580; x_wconf 89' lang='lat' dir='ltr'>certis</span> <span class='ocrx_word' id='word_1_44' title='bbox 1094 537 1220 579; x_wconf 85' lang='lat' dir='ltr'>efficit</span> <span class='ocrx_word' id='word_1_45' title='bbox 1251 545 1291 578; x_wconf 87' lang='lat' dir='ltr'>et</span> <span class='ocrx_word' id='word_1_46' title='bbox 1320 536 1546 592; x_wconf 80' lang='lat' dir='ltr'>cognoscit.</span> 
     </span>
    </p>
   </div>
   <div class='ocr_carea' id='block_1_10' title="bbox 773 704 1567 758">
    <p class='ocr_par' dir='ltr' id='par_1_10' title="bbox 773 704 1567 758">
     <span class='ocr_line' id='line_1_10' title="bbox 773 704 1567 758; baseline -0.004 -10"><span class='ocrx_word' id='word_1_47' title='bbox 773 707 945 758; x_wconf 83' lang='lat' dir='ltr'><strong>QUOT</strong></span> <span class='ocrx_word' id='word_1_48' title='bbox 990 707 1126 748; x_wconf 88' lang='lat' dir='ltr'><strong>SINT</strong></span> <span class='ocrx_word' id='word_1_49' title='bbox 1160 705 1384 748; x_wconf 84' lang='lat' dir='ltr'><strong>PARTES</strong></span> <span class='ocrx_word' id='word_1_50' title='bbox 1418 704 1567 747; x_wconf 88' lang='lat' dir='ltr'>EJUS.</span> 
     </span>
    </p>
   </div>
   <div class='ocr_carea' id='block_1_11' title="bbox 361 824 2154 880">
    <p class='ocr_par' dir='ltr' id='par_1_11' title="bbox 361 824 2154 880">
     <span class='ocr_line' id='line_1_11' title="bbox 361 824 2154 880; baseline 0 -14"><span class='ocrx_word' id='word_1_51' title='bbox 361 826 505 867; x_wconf 87' lang='lat' dir='ltr'>Partes</span> <span class='ocrx_word' id='word_1_52' title='bbox 537 834 681 866; x_wconf 88' lang='lat' dir='ltr'>autem</span> <span class='ocrx_word' id='word_1_53' title='bbox 712 840 835 867; x_wconf 86' lang='lat' dir='ltr'>meae</span> <span class='ocrx_word' id='word_1_54' title='bbox 872 835 970 866; x_wconf 89' lang='lat' dir='ltr'>sunt</span> <span class='ocrx_word' id='word_1_55' title='bbox 1002 834 1208 880; x_wconf 82' lang='lat' dir='ltr'>quatuor:</span> <span class='ocrx_word' id='word_1_56' title='bbox 1239 825 1406 876; x_wconf 86' lang='lat' dir='ltr'>literae,</span> <span class='ocrx_word' id='word_1_57' title='bbox 1436 824 1702 875; x_wconf 85' lang='lat' dir='ltr'>literaturae,</span> <span class='ocrx_word' id='word_1_58' title='bbox 1741 825 1951 877; x_wconf 78' lang='lat' dir='ltr'><strong>literatus,</strong></span> <span class='ocrx_word' id='word_1_59' title='bbox 1982 825 2154 868; x_wconf 82' lang='lat' dir='ltr'>literate.</span> 
     </span>
    </p>
   </div>
   <div class='ocr_carea' id='block_1_12' title="bbox 190 906 2158 964">
    <p class='ocr_par' dir='ltr' id='par_1_12' title="bbox 190 906 2158 964">
     <span class='ocr_line' id='line_1_12' title="bbox 190 906 2158 964; baseline 0 -14"><span class='ocrx_word' id='word_1_60' title='bbox 190 908 359 950; x_wconf 87' lang='lat' dir='ltr'>Literae</span> <span class='ocrx_word' id='word_1_61' title='bbox 390 918 489 949; x_wconf 85' lang='lat' dir='ltr'>sunt</span> <span class='ocrx_word' id='word_1_62' title='bbox 519 921 625 964; x_wconf 87' lang='lat' dir='ltr'>quas</span> <span class='ocrx_word' id='word_1_63' title='bbox 649 907 802 958; x_wconf 83' lang='lat' dir='ltr'>doceo,</span> <span class='ocrx_word' id='word_1_64' title='bbox 846 906 1068 948; x_wconf 80' lang='lat' dir='ltr'>literatura</span> <span class='ocrx_word' id='word_1_65' title='bbox 1093 907 1184 963; x_wconf 86' lang='lat' dir='ltr'>ipsa</span> <span class='ocrx_word' id='word_1_66' title='bbox 1223 921 1336 962; x_wconf 89' lang='lat' dir='ltr'>quae</span> <span class='ocrx_word' id='word_1_67' title='bbox 1368 906 1523 959; x_wconf 86' lang='lat' dir='ltr'>doceo,</span> <span class='ocrx_word' id='word_1_68' title='bbox 1568 907 1758 948; x_wconf 81' lang='lat' dir='ltr'>literatus</span> <span class='ocrx_word' id='word_1_69' title='bbox 1794 922 1925 962; x_wconf 86' lang='lat' dir='ltr'>quem</span> <span class='ocrx_word' id='word_1_70' title='bbox 1956 908 2158 959; x_wconf 83' lang='lat' dir='ltr'>docuero,</span> 
     </span>
    </p>
   </div>
   <div class='ocr_carea' id='block_1_13' title="bbox 189 987 1406 1045">
    <p class='ocr_par' dir='ltr' id='par_1_13' title="bbox 189 987 1406 1045">
     <span class='ocr_line' id='line_1_13' title="bbox 189 987 1406 1045; baseline 0.001 -17"><span class='ocrx_word' id='word_1_71' title='bbox 189 988 374 1040; x_wconf 65' lang='lat' dir='ltr'>literam,</span> <span class='ocrx_word' id='word_1_72' title='bbox 422 989 540 1044; x_wconf 86' lang='lat' dir='ltr'>quod</span> <span class='ocrx_word' id='word_1_73' title='bbox 571 989 703 1045; x_wconf 87' lang='lat' dir='ltr'>perite</span> <span class='ocrx_word' id='word_1_74' title='bbox 737 987 1001 1039; x_wconf 81' lang='lat' dir='ltr'>tractaverit,</span> <span class='ocrx_word' id='word_1_75' title='bbox 1042 1003 1176 1044; x_wconf 88' lang='lat' dir='ltr'>quem</span> <span class='ocrx_word' id='word_1_76' title='bbox 1207 987 1406 1029; x_wconf 82' lang='lat' dir='ltr'>informo.</span> 
     </span>
    </p>
   </div>
   <div class='ocr_carea' id='block_1_14' title="bbox 191 1078 857 1274">
    <p class='ocr_par' dir='ltr' id='par_1_14' title="bbox 191 1078 857 1274">
     <span class='ocr_line' id='line_1_14' title="bbox 192 1078 794 1126; baseline 0.003 -16"><span class='ocrx_word' id='word_1_77' title='bbox 192 1078 347 1111; x_wconf 85' lang='lat' dir='ltr'>natura</span> <span class='ocrx_word' id='word_1_78' title='bbox 384 1084 558 1126; x_wconf 85' lang='lat' dir='ltr'>usuque</span> <span class='ocrx_word' id='word_1_79' title='bbox 600 1080 794 1112; x_wconf 83' lang='lat' dir='ltr'>tractare.</span> 
     </span>
     <span class='ocr_line' id='line_1_15' title="bbox 193 1150 857 1207; baseline -0.002 -16"><span class='ocrx_word' id='word_1_80' title='bbox 193 1150 344 1192; x_wconf 88' lang='lat' dir='ltr'>eadem</span> <span class='ocrx_word' id='word_1_81' title='bbox 376 1151 561 1202; x_wconf 87' lang='lat' dir='ltr'>utimur,</span> <span class='ocrx_word' id='word_1_82' title='bbox 607 1151 857 1207; x_wconf 83' lang='lat' dir='ltr'>appellatur.</span> 
     </span>
     <span class='ocr_line' id='line_1_16' title="bbox 191 1231 798 1274; baseline 0 -2"><span class='ocrx_word' id='word_1_83' title='bbox 191 1231 379 1273; x_wconf 86' lang='lat' dir='ltr'>cendum</span> <span class='ocrx_word' id='word_1_84' title='bbox 414 1232 465 1273; x_wconf 86' lang='lat' dir='ltr'>sit</span> <span class='ocrx_word' id='word_1_85' title='bbox 512 1233 798 1274; x_wconf 86' lang='lat' dir='ltr'>aestimemus.</span> 
     </span>
    </p>
   </div>
   <div class='ocr_carea' id='block_1_15' title="bbox 191 1313 656 1368">
    <p class='ocr_par' dir='ltr' id='par_1_15' title="bbox 191 1313 656 1368">
     <span class='ocr_line' id='line_1_17' title="bbox 191 1313 656 1368; baseline 0 -14"><span class='ocrx_word' id='word_1_86' title='bbox 191 1313 364 1368; x_wconf 84' lang='lat' dir='ltr'>syllabis</span> <span class='ocrx_word' id='word_1_87' title='bbox 375 1345 387 1365; x_wconf 85' lang='lat'><strong><em>,</em></strong></span> <span class='ocrx_word' id='word_1_88' title='bbox 427 1323 467 1354; x_wconf 87' lang='lat' dir='ltr'>et</span> <span class='ocrx_word' id='word_1_89' title='bbox 500 1314 656 1356; x_wconf 85' lang='lat' dir='ltr'>verbis.</span> 
     </span>
    </p>
   </div>
   <div class='ocr_carea' id='block_1_16' title="bbox 190 1429 1156 2604">
    <p class='ocr_par' dir='ltr' id='par_1_16' title="bbox 190 1429 1154 1710">
     <span class='ocr_line' id='line_1_18' title="bbox 190 1429 1151 1474; baseline -0.003 -12"><span class='ocrx_word' id='word_1_90' title='bbox 190 1430 281 1462; x_wconf 71' lang='lat' dir='ltr'>chius</span> <span class='ocrx_word' id='word_1_91' title='bbox 303 1430 364 1474; x_wconf 84' lang='lat' dir='ltr'>(sp.</span> <span class='ocrx_word' id='word_1_92' title='bbox 389 1429 457 1462; x_wconf 87' lang='lat' dir='ltr'>crit.</span> <span class='ocrx_word' id='word_1_93' title='bbox 483 1442 514 1474; x_wconf 84' lang='lat' dir='ltr'>p.</span> <span class='ocrx_word' id='word_1_94' title='bbox 532 1430 595 1474; x_wconf 77' lang='lat'>82)</span> <span class='ocrx_word' id='word_1_95' title='bbox 622 1430 730 1472; x_wconf 77' lang='lat' dir='ltr'>legere</span> <span class='ocrx_word' id='word_1_96' title='bbox 749 1429 844 1472; x_wconf 83' lang='lat' dir='ltr'>jubet</span> <span class='ocrx_word' id='word_1_97' title='bbox 868 1430 1016 1462; x_wconf 82' lang='lat' dir='ltr'>videlicet</span> <span class='ocrx_word' id='word_1_98' title='bbox 1040 1434 1072 1461; x_wconf 91' lang='lat' dir='ltr'>et</span> <span class='ocrx_word' id='word_1_99' title='bbox 1092 1439 1151 1473; x_wconf 88' lang='lat' dir='ltr'>pro</span> 
     </span>
     <span class='ocr_line' id='line_1_19' title="bbox 190 1490 1153 1536; baseline 0.001 -15"><span class='ocrx_word' id='word_1_100' title='bbox 190 1492 256 1522; x_wconf 70' lang='lat' dir='ltr'>sint</span> <span class='ocrx_word' id='word_1_101' title='bbox 279 1491 484 1523; x_wconf 77' lang='lat' dir='ltr'>indicativum</span> <span class='ocrx_word' id='word_1_102' title='bbox 510 1497 596 1523; x_wconf 77' lang='lat' dir='ltr'>sunt.</span> <span class='ocrx_word' id='word_1_103' title='bbox 645 1491 714 1525; x_wconf 86' lang='lat' dir='ltr'>Sed</span> <span class='ocrx_word' id='word_1_104' title='bbox 743 1504 842 1536; x_wconf 87' lang='lat' dir='ltr'>quum</span> <span class='ocrx_word' id='word_1_105' title='bbox 870 1492 986 1536; x_wconf 78' lang='lat' dir='ltr'>copula</span> <span class='ocrx_word' id='word_1_106' title='bbox 1013 1497 1046 1524; x_wconf 75' lang='lat' dir='ltr'>et</span> <span class='ocrx_word' id='word_1_107' title='bbox 1070 1490 1153 1522; x_wconf 84' lang='lat' dir='ltr'>absit</span> 
     </span>
     <span class='ocr_line' id='line_1_20' title="bbox 190 1552 1152 1595; baseline 0.001 -12"><span class='ocrx_word' id='word_1_108' title='bbox 190 1564 209 1583; x_wconf 84' lang='lat' dir='ltr'>a</span> <span class='ocrx_word' id='word_1_109' title='bbox 225 1552 334 1584; x_wconf 78' lang='lat' dir='ltr'>codice</span> <span class='ocrx_word' id='word_1_110' title='bbox 350 1553 617 1595; x_wconf 62' lang='lat' dir='ltr'>Cantalwigiensi⁷</span> <span class='ocrx_word' id='word_1_111' title='bbox 636 1553 697 1585; x_wconf 81' lang='lat' dir='ltr'>ista</span> <span class='ocrx_word' id='word_1_112' title='bbox 711 1554 889 1585; x_wconf 82' lang='lat' dir='ltr'>resectione</span> <span class='ocrx_word' id='word_1_113' title='bbox 905 1559 938 1585; x_wconf 87' lang='lat' dir='ltr'>et</span> <span class='ocrx_word' id='word_1_114' title='bbox 953 1553 1152 1586; x_wconf 76' lang='lat' dir='ltr'>correctione</span> 
     </span>
     <span class='ocr_line' id='line_1_21' title="bbox 190 1617 1154 1661; baseline 0 -15"><span class='ocrx_word' id='word_1_115' title='bbox 190 1627 257 1647; x_wconf 84' lang='lat' dir='ltr'>non</span> <span class='ocrx_word' id='word_1_116' title='bbox 284 1628 364 1659; x_wconf 75' lang='lat' dir='ltr'>opus</span> <span class='ocrx_word' id='word_1_117' title='bbox 391 1622 449 1648; x_wconf 84' lang='lat' dir='ltr'>est.</span> <span class='ocrx_word' id='word_1_118' title='bbox 494 1617 599 1648; x_wconf 86' lang='lat' dir='ltr'>Paulo</span> <span class='ocrx_word' id='word_1_119' title='bbox 628 1622 704 1661; x_wconf 86' lang='lat' dir='ltr'>post</span> <span class='ocrx_word' id='word_1_120' title='bbox 730 1628 770 1649; x_wconf 85' lang='lat' dir='ltr'>ex</span> <span class='ocrx_word' id='word_1_121' title='bbox 800 1618 915 1649; x_wconf 87' lang='lat' dir='ltr'>eodem</span> <span class='ocrx_word' id='word_1_122' title='bbox 939 1617 1049 1650; x_wconf 84' lang='lat' dir='ltr'>codice</span> <span class='ocrx_word' id='word_1_123' title='bbox 1078 1622 1154 1661; x_wconf 83' lang='lat' dir='ltr'>post</span> 
     </span>
     <span class='ocr_line' id='line_1_22' title="bbox 190 1677 545 1710; baseline 0.003 -3"><span class='ocrx_word' id='word_1_124' title='bbox 190 1678 275 1710; x_wconf 73' lang='lat' dir='ltr'>sicut</span> <span class='ocrx_word' id='word_1_125' title='bbox 299 1677 421 1707; x_wconf 83' lang='lat' dir='ltr'>inserui</span> <span class='ocrx_word' id='word_1_126' title='bbox 445 1682 476 1708; x_wconf 83' lang='lat' dir='ltr'>et</span> <span class='ocrx_word' id='word_1_127' title='bbox 500 1678 545 1709; x_wconf 78' lang='lat' dir='ltr'>in.</span> 
     </span>
    </p>

    <p class='ocr_par' dir='ltr' id='par_1_17' title="bbox 190 1738 1153 1911">
     <span class='ocr_line' id='line_1_23' title="bbox 272 1738 1152 1784; baseline 0.002 -14"><span class='ocrx_word' id='word_1_128' title='bbox 272 1738 380 1784; x_wconf 75' lang='lat' dir='ltr'>actor]</span> <span class='ocrx_word' id='word_1_129' title='bbox 407 1739 482 1772; x_wconf 83' lang='lat' dir='ltr'>Non</span> <span class='ocrx_word' id='word_1_130' title='bbox 505 1739 694 1782; x_wconf 80' lang='lat' dir='ltr'>generaliori</span> <span class='ocrx_word' id='word_1_131' title='bbox 716 1752 814 1772; x_wconf 86' lang='lat' dir='ltr'>sensu</span> <span class='ocrx_word' id='word_1_132' title='bbox 833 1742 914 1773; x_wconf 71' lang='lat' dir='ltr'>lianc</span> <span class='ocrx_word' id='word_1_133' title='bbox 937 1752 1048 1773; x_wconf 75' lang='lat' dir='ltr'>vocem</span> <span class='ocrx_word' id='word_1_134' title='bbox 1073 1740 1152 1773; x_wconf 84' lang='lat' dir='ltr'>aeci-</span> 
     </span>
     <span class='ocr_line' id='line_1_24' title="bbox 190 1801 1153 1847; baseline 0.002 -15"><span class='ocrx_word' id='word_1_135' title='bbox 190 1801 263 1845; x_wconf 78' lang='lat' dir='ltr'>pio,</span> <span class='ocrx_word' id='word_1_136' title='bbox 300 1801 357 1832; x_wconf 87' lang='lat' dir='ltr'>sed</span> <span class='ocrx_word' id='word_1_137' title='bbox 392 1813 450 1846; x_wconf 82' lang='lat' dir='ltr'>pro</span> <span class='ocrx_word' id='word_1_138' title='bbox 482 1801 656 1844; x_wconf 85' lang='lat' dir='ltr'>histrione,</span> <span class='ocrx_word' id='word_1_139' title='bbox 691 1802 747 1847; x_wconf 86' lang='lat' dir='ltr'>qui</span> <span class='ocrx_word' id='word_1_140' title='bbox 778 1802 902 1836; x_wconf 82' lang='lat' dir='ltr'>discere</span> <span class='ocrx_word' id='word_1_141' title='bbox 936 1808 1009 1835; x_wconf 86' lang='lat' dir='ltr'>ante</span> <span class='ocrx_word' id='word_1_142' title='bbox 1037 1803 1153 1835; x_wconf 86' lang='lat' dir='ltr'>debeat</span> 
     </span>
     <span class='ocr_line' id='line_1_25' title="bbox 191 1870 392 1911; baseline 0.01 -16"><span class='ocrx_word' id='word_1_143' title='bbox 191 1877 289 1911; x_wconf 82' lang='lat' dir='ltr'>qnam</span> <span class='ocrx_word' id='word_1_144' title='bbox 309 1870 392 1907; x_wconf 83' lang='lat' dir='ltr'>agat.</span> 
     </span>
    </p>

    <p class='ocr_par' dir='ltr' id='par_1_18' title="bbox 195 1928 1153 2164">
     <span class='ocr_line' id='line_1_26' title="bbox 266 1928 1152 1975; baseline 0.001 -15"><span class='ocrx_word' id='word_1_145' title='bbox 266 1928 488 1975; x_wconf 74' lang='lat' dir='ltr'>astronomus]</span> <span class='ocrx_word' id='word_1_146' title='bbox 523 1929 664 1962; x_wconf 81' lang='lat' dir='ltr'>Prorsus</span> <span class='ocrx_word' id='word_1_147' title='bbox 690 1930 884 1963; x_wconf 78' lang='lat' dir='ltr'>contrarium</span> <span class='ocrx_word' id='word_1_148' title='bbox 913 1930 1152 1974; x_wconf 79' lang='lat' dir='ltr'>Quinctilianus</span> 
     </span>
     <span class='ocr_line' id='line_1_27' title="bbox 195 1989 1152 2036; baseline 0.004 -16"><span class='ocrx_word' id='word_1_149' title='bbox 195 1989 250 2035; x_wconf 78' lang='lat'>(2,</span> <span class='ocrx_word' id='word_1_150' title='bbox 277 1990 341 2029; x_wconf 84' lang='lat'>18,</span> <span class='ocrx_word' id='word_1_151' title='bbox 369 1993 409 2031; x_wconf 75' lang='lat'>13</span> <span class='ocrx_word' id='word_1_152' title='bbox 438 2004 468 2036; x_wconf 88' lang='lat' dir='ltr'>p.</span> <span class='ocrx_word' id='word_1_153' title='bbox 492 1991 594 2036; x_wconf 77' lang='lat'>595)=</span> <span class='ocrx_word' id='word_1_154' title='bbox 620 1991 827 2035; x_wconf 74' lang='lat' dir='ltr'>„Astrologia</span> <span class='ocrx_word' id='word_1_155' title='bbox 862 1993 986 2025; x_wconf 89' lang='lat' dir='ltr'>nullum</span> <span class='ocrx_word' id='word_1_156' title='bbox 1020 1993 1152 2035; x_wconf 79' lang='lat' dir='ltr'>exigens</span> 
     </span>
     <span class='ocr_line' id='line_1_28' title="bbox 195 2054 1153 2098; baseline 0.003 -13"><span class='ocrx_word' id='word_1_157' title='bbox 195 2058 319 2094; x_wconf 77' lang='lat' dir='ltr'>actum,</span> <span class='ocrx_word' id='word_1_158' title='bbox 340 2054 396 2086; x_wconf 89' lang='lat' dir='ltr'>sed</span> <span class='ocrx_word' id='word_1_159' title='bbox 416 2054 487 2098; x_wconf 85' lang='lat' dir='ltr'>ipso</span> <span class='ocrx_word' id='word_1_160' title='bbox 508 2056 565 2096; x_wconf 86' lang='lat' dir='ltr'>rei,</span> <span class='ocrx_word' id='word_1_161' title='bbox 584 2055 676 2098; x_wconf 85' lang='lat' dir='ltr'>cnjus</span> <span class='ocrx_word' id='word_1_162' title='bbox 697 2056 837 2088; x_wconf 78' lang='lat' dir='ltr'>studium</span> <span class='ocrx_word' id='word_1_163' title='bbox 854 2057 966 2097; x_wconf 84' lang='lat' dir='ltr'>habet,</span> <span class='ocrx_word' id='word_1_164' title='bbox 987 2057 1153 2088; x_wconf 86' lang='lat' dir='ltr'>intellectu</span> 
     </span>
     <span class='ocr_line' id='line_1_29' title="bbox 196 2115 908 2164; baseline 0.006 -19"><span class='ocrx_word' id='word_1_165' title='bbox 196 2120 362 2148; x_wconf 83' lang='lat' dir='ltr'>contenta:</span> <span class='ocrx_word' id='word_1_166' title='bbox 387 2127 484 2158; x_wconf 84' lang='lat' dir='ltr'>quare</span> <span class='ocrx_word' id='word_1_167' title='bbox 504 2115 722 2164; x_wconf 74' lang='grc' dir='ltr'><em>θεωρητικὴ</em></span> <span class='ocrx_word' id='word_1_168' title='bbox 749 2123 908 2150; x_wconf 59' lang='lat' dir='ltr'>vocatum«</span> 
     </span>
    </p>

    <p class='ocr_par' dir='ltr' id='par_1_19' title="bbox 194 2177 1156 2604">
     <span class='ocr_line' id='line_1_30' title="bbox 268 2177 1152 2225; baseline 0.003 -16"><span class='ocrx_word' id='word_1_169' title='bbox 268 2177 446 2224; x_wconf 77' lang='lat' dir='ltr'>promittit]</span> <span class='ocrx_word' id='word_1_170' title='bbox 481 2179 644 2213; x_wconf 71' lang='lat' dir='ltr'>Praebent</span> <span class='ocrx_word' id='word_1_171' title='bbox 673 2181 802 2225; x_wconf 85' lang='lat' dir='ltr'>quidem</span> <span class='ocrx_word' id='word_1_172' title='bbox 830 2181 958 2214; x_wconf 85' lang='lat' dir='ltr'>codices</span> <span class='ocrx_word' id='word_1_173' title='bbox 990 2180 1152 2213; x_wconf 83' lang='lat' dir='ltr'>Britanni-</span> 
     </span>
     <span class='ocr_line' id='line_1_31' title="bbox 196 2242 1155 2288; baseline 0.003 -15"><span class='ocrx_word' id='word_1_174' title='bbox 196 2252 255 2274; x_wconf 82' lang='lat' dir='ltr'>cus</span> <span class='ocrx_word' id='word_1_175' title='bbox 275 2247 309 2274; x_wconf 86' lang='lat' dir='ltr'>et</span> <span class='ocrx_word' id='word_1_176' title='bbox 333 2242 608 2283; x_wconf 71' lang='lat' dir='ltr'>cantabrigiensis</span> <span class='ocrx_word' id='word_1_177' title='bbox 642 2245 762 2288; x_wconf 77' lang='lat' dir='ltr'>pariter</span> <span class='ocrx_word' id='word_1_178' title='bbox 784 2258 820 2278; x_wconf 79' lang='lat' dir='ltr'>nc</span> <span class='ocrx_word' id='word_1_179' title='bbox 847 2245 1023 2278; x_wconf 81' lang='lat' dir='ltr'>Grotianus</span> <span class='ocrx_word' id='word_1_180' title='bbox 1049 2247 1155 2285; x_wconf 74' lang='lat' dir='ltr'>misit3</span> 
     </span>
     <span class='ocr_line' id='line_1_32' title="bbox 194 2304 1152 2351; baseline 0.006 -15"><span class='ocrx_word' id='word_1_181' title='bbox 194 2304 463 2337; x_wconf 77' lang='lat' dir='ltr'>Darmstattensis</span> <span class='ocrx_word' id='word_1_182' title='bbox 493 2308 622 2346; x_wconf 74' lang='lat' dir='ltr'>miscet,</span> <span class='ocrx_word' id='word_1_183' title='bbox 653 2309 920 2351; x_wconf 74' lang='lat' dir='ltr'>quemadmodum</span> <span class='ocrx_word' id='word_1_184' title='bbox 947 2309 1081 2342; x_wconf 75' lang='lat' dir='ltr'>Grotius</span> <span class='ocrx_word' id='word_1_185' title='bbox 1108 2309 1152 2340; x_wconf 84' lang='lat' dir='ltr'>le·</span> 
     </span>
     <span class='ocr_line' id='line_1_33' title="bbox 196 2368 1153 2416; baseline 0.005 -17"><span class='ocrx_word' id='word_1_186' title='bbox 196 2379 273 2411; x_wconf 81' lang='lat' dir='ltr'>gere</span> <span class='ocrx_word' id='word_1_187' title='bbox 303 2368 449 2400; x_wconf 81' lang='lat' dir='ltr'>malebat.</span> <span class='ocrx_word' id='word_1_188' title='bbox 491 2369 722 2402; x_wconf 75' lang='lat' dir='ltr'>Verumtamen</span> <span class='ocrx_word' id='word_1_189' title='bbox 753 2372 880 2414; x_wconf 80' lang='lat' dir='ltr'>vulgata</span> <span class='ocrx_word' id='word_1_190' title='bbox 912 2370 1024 2413; x_wconf 23' lang='lat' dir='ltr'>lecti-0,</span> <span class='ocrx_word' id='word_1_191' title='bbox 1059 2385 1153 2416; x_wconf 78' lang='lat' dir='ltr'>quam</span> 
     </span>
     <span class='ocr_line' id='line_1_34' title="bbox 197 2430 1156 2474; baseline 0.005 -13"><span class='ocrx_word' id='word_1_192' title='bbox 197 2430 330 2471; x_wconf 77' lang='lat' dir='ltr'>retinui,</span> <span class='ocrx_word' id='word_1_193' title='bbox 353 2443 418 2462; x_wconf 84' lang='lat' dir='ltr'>non</span> <span class='ocrx_word' id='word_1_194' title='bbox 439 2442 536 2474; x_wconf 75' lang='lat' dir='ltr'>prava</span> <span class='ocrx_word' id='word_1_195' title='bbox 559 2432 670 2463; x_wconf 78' lang='lat' dir='ltr'>haberi</span> <span class='ocrx_word' id='word_1_196' title='bbox 689 2433 798 2473; x_wconf 77' lang='lat' dir='ltr'>debet,</span> <span class='ocrx_word' id='word_1_197' title='bbox 823 2446 882 2466; x_wconf 87' lang='lat' dir='ltr'>nee</span> <span class='ocrx_word' id='word_1_198' title='bbox 908 2435 1025 2466; x_wconf 80' lang='lat' dir='ltr'>desunt</span> <span class='ocrx_word' id='word_1_199' title='bbox 1050 2446 1156 2466; x_wconf 80' lang='lat' dir='ltr'>exem-</span> 
     </span>
     <span class='ocr_line' id='line_1_35' title="bbox 197 2494 1156 2541; baseline 0.006 -17"><span class='ocrx_word' id='word_1_200' title='bbox 197 2495 269 2538; x_wconf 66' lang='lat' dir='ltr'>pla,</span> <span class='ocrx_word' id='word_1_201' title='bbox 302 2494 418 2537; x_wconf 73' lang='lat' dir='ltr'>quibus</span> <span class='ocrx_word' id='word_1_202' title='bbox 450 2494 582 2527; x_wconf 74' lang='lat' dir='ltr'>verbum</span> <span class='ocrx_word' id='word_1_203' title='bbox 609 2498 792 2538; x_wconf 72' lang='lat' dir='ltr'>promittere</span> <span class='ocrx_word' id='word_1_204' title='bbox 822 2509 879 2540; x_wconf 75' lang='lat' dir='ltr'>pro</span> <span class='ocrx_word' id='word_1_205' title='bbox 902 2499 1044 2541; x_wconf 75' lang='lat' dir='ltr'>profiteri</span> <span class='ocrx_word' id='word_1_206' title='bbox 1065 2511 1156 2530; x_wconf 84' lang='lat' dir='ltr'>usur-</span> 
     </span>
     <span class='ocr_line' id='line_1_36' title="bbox 198 2555 1156 2604; baseline 0.005 -18"><span class='ocrx_word' id='word_1_207' title='bbox 198 2561 307 2601; x_wconf 75' lang='lat' dir='ltr'>patum</span> <span class='ocrx_word' id='word_1_208' title='bbox 334 2556 386 2588; x_wconf 84' lang='lat' dir='ltr'>sit.</span> <span class='ocrx_word' id='word_1_209' title='bbox 427 2555 553 2588; x_wconf 85' lang='lat' dir='ltr'>Seneca</span> <span class='ocrx_word' id='word_1_210' title='bbox 579 2557 684 2600; x_wconf 78' lang='lat' dir='ltr'>(epist.</span> <span class='ocrx_word' id='word_1_211' title='bbox 710 2559 768 2589; x_wconf 89' lang='lat'>88.</span> <span class='ocrx_word' id='word_1_212' title='bbox 792 2571 823 2601; x_wconf 79' lang='lat' dir='ltr'>p.</span> <span class='ocrx_word' id='word_1_213' title='bbox 847 2559 918 2590; x_wconf 66' lang='lat'>535</span> <span class='ocrx_word' id='word_1_214' title='bbox 943 2559 1062 2604; x_wconf 76' lang='lat' dir='ltr'>Lips.)=</span> <span class='ocrx_word' id='word_1_215' title='bbox 1098 2572 1156 2592; x_wconf 79' lang='lat' dir='ltr'>»ne</span> 
     </span>
    </p>
   </div>
   <div class='ocr_carea' id='block_1_17' title="bbox 199 2620 1157 2664">
    <p class='ocr_par' dir='ltr' id='par_1_20' title="bbox 199 2620 1157 2664">
     <span class='ocr_line' id='line_1_37' title="bbox 199 2620 1157 2664; baseline 0.008 -15"><span class='ocrx_word' id='word_1_216' title='bbox 199 2620 389 2662; x_wconf 68' lang='lat' dir='ltr'>promittunt</span> <span class='ocrx_word' id='word_1_217' title='bbox 418 2620 564 2663; x_wconf 78' lang='lat' dir='ltr'>quidem,</span> <span class='ocrx_word' id='word_1_218' title='bbox 598 2632 658 2653; x_wconf 88' lang='lat' dir='ltr'>nec</span> <span class='ocrx_word' id='word_1_219' title='bbox 689 2621 784 2664; x_wconf 81' lang='lat' dir='ltr'>hujus</span> <span class='ocrx_word' id='word_1_220' title='bbox 820 2622 866 2653; x_wconf 86' lang='lat' dir='ltr'>rei</span> <span class='ocrx_word' id='word_1_221' title='bbox 897 2623 1060 2656; x_wconf 82' lang='lat' dir='ltr'>scientiam</span> <span class='ocrx_word' id='word_1_222' title='bbox 1085 2626 1157 2657; x_wconf 81' lang='lat' dir='ltr'>afl&#39;e-</span> 
     </span>
    </p>
   </div>
   <div class='ocr_carea' id='block_1_18' title="bbox 850 1068 1776 1123">
    <p class='ocr_par' dir='ltr' id='par_1_21' title="bbox 850 1068 1776 1123">
     <span class='ocr_line' id='line_1_38' title="bbox 850 1068 1776 1123; baseline -0.001 -12"><span class='ocrx_word' id='word_1_223' title='bbox 850 1070 1018 1112; x_wconf 78' lang='lat' dir='ltr'>Natura</span> <span class='ocrx_word' id='word_1_224' title='bbox 1062 1078 1122 1110; x_wconf 88' lang='lat' dir='ltr'>est</span> <span class='ocrx_word' id='word_1_225' title='bbox 1164 1083 1217 1109; x_wconf 82' lang='lat' dir='ltr'>ex</span> <span class='ocrx_word' id='word_1_226' title='bbox 1261 1082 1350 1123; x_wconf 89' lang='lat' dir='ltr'>qua</span> <span class='ocrx_word' id='word_1_227' title='bbox 1387 1068 1600 1110; x_wconf 86' lang='lat' dir='ltr'>formatur</span> <span class='ocrx_word' id='word_1_228' title='bbox 1631 1069 1776 1110; x_wconf 72' lang='lat' dir='ltr'>oratio,</span> 
     </span>
    </p>
   </div>
   <div class='ocr_carea' id='block_1_19' title="bbox 1466 987 2158 1030">
    <p class='ocr_par' dir='ltr' id='par_1_22' title="bbox 1466 987 2158 1030">
     <span class='ocr_line' id='line_1_39' title="bbox 1466 987 2158 1030; baseline 0 0"><span class='ocrx_word' id='word_1_229' title='bbox 1466 987 1669 1030; x_wconf 87' lang='lat' dir='ltr'>Profiteor</span> <span class='ocrx_word' id='word_1_230' title='bbox 1701 997 1844 1029; x_wconf 85' lang='lat' dir='ltr'>autem</span> <span class='ocrx_word' id='word_1_231' title='bbox 1876 988 1929 1029; x_wconf 89' lang='lat' dir='ltr'>de</span> <span class='ocrx_word' id='word_1_232' title='bbox 1960 989 2158 1030; x_wconf 89' lang='lat' dir='ltr'>orationis</span> 
     </span>
    </p>
   </div>
   <div class='ocr_carea' id='block_1_20' title="bbox 1838 1069 2155 1125">
    <p class='ocr_par' dir='ltr' id='par_1_23' title="bbox 1838 1069 2155 1125">
     <span class='ocr_line' id='line_1_40' title="bbox 1838 1069 2155 1125; baseline 0.003 -16"><span class='ocrx_word' id='word_1_233' title='bbox 1838 1069 1973 1120; x_wconf 88' lang='lat' dir='ltr'>Usus,</span> <span class='ocrx_word' id='word_1_234' title='bbox 2016 1085 2155 1125; x_wconf 81' lang='lat' dir='ltr'>quum</span> 
     </span>
    </p>
   </div>
   <div class='ocr_carea' id='block_1_21' title="bbox 916 1147 2158 1204">
    <p class='ocr_par' dir='ltr' id='par_1_24' title="bbox 916 1147 2158 1204">
     <span class='ocr_line' id='line_1_41' title="bbox 916 1147 2158 1204; baseline 0.001 -14"><span class='ocrx_word' id='word_1_235' title='bbox 916 1150 992 1190; x_wconf 90' lang='lat' dir='ltr'>His</span> <span class='ocrx_word' id='word_1_236' title='bbox 1032 1149 1157 1190; x_wconf 87' lang='lat' dir='ltr'>etiam</span> <span class='ocrx_word' id='word_1_237' title='bbox 1190 1148 1386 1189; x_wconf 87' lang='lat' dir='ltr'>materies</span> <span class='ocrx_word' id='word_1_238' title='bbox 1419 1147 1697 1199; x_wconf 87' lang='lat' dir='ltr'>admovetur,</span> <span class='ocrx_word' id='word_1_239' title='bbox 1737 1157 1783 1189; x_wconf 86' lang='lat' dir='ltr'>ut</span> <span class='ocrx_word' id='word_1_240' title='bbox 1813 1148 1866 1189; x_wconf 83' lang='lat' dir='ltr'>de</span> <span class='ocrx_word' id='word_1_241' title='bbox 1899 1164 1985 1204; x_wconf 82' lang='lat' dir='ltr'>qua</span> <span class='ocrx_word' id='word_1_242' title='bbox 2016 1164 2062 1191; x_wconf 88' lang='lat' dir='ltr'>re</span> <span class='ocrx_word' id='word_1_243' title='bbox 2093 1150 2158 1191; x_wconf 89' lang='lat' dir='ltr'>di-</span> 
     </span>
    </p>
   </div>
   <div class='ocr_carea' id='block_1_22' title="bbox 868 1227 2156 1285">
    <p class='ocr_par' dir='ltr' id='par_1_25' title="bbox 868 1227 2156 1285">
     <span class='ocr_line' id='line_1_42' title="bbox 868 1227 2156 1285; baseline -0.002 -12"><span class='ocrx_word' id='word_1_244' title='bbox 868 1231 1015 1273; x_wconf 80' lang='lat' dir='ltr'>Oratio</span> <span class='ocrx_word' id='word_1_245' title='bbox 1061 1244 1165 1272; x_wconf 86' lang='lat' dir='ltr'>vcro</span> <span class='ocrx_word' id='word_1_246' title='bbox 1205 1229 1295 1285; x_wconf 86' lang='lat' dir='ltr'>ipsa</span> <span class='ocrx_word' id='word_1_247' title='bbox 1329 1229 1465 1270; x_wconf 88' lang='lat' dir='ltr'>tribus</span> <span class='ocrx_word' id='word_1_248' title='bbox 1512 1227 1717 1283; x_wconf 80' lang='lat' dir='ltr'>gradibus</span> <span class='ocrx_word' id='word_1_249' title='bbox 1754 1228 1967 1281; x_wconf 84' lang='lat' dir='ltr'>eruditur,</span> <span class='ocrx_word' id='word_1_250' title='bbox 2014 1229 2156 1281; x_wconf 85' lang='lat' dir='ltr'>literis,</span> 
     </span>
    </p>
   </div>
   <div class='ocr_carea' id='block_1_23' title="bbox 1203 1425 2194 2597">
    <p class='ocr_par' dir='ltr' id='par_1_26' title="bbox 1203 1425 2162 1788">
     <span class='ocr_line' id='line_1_43' title="bbox 1204 1425 2160 1470; baseline 0 -11"><span class='ocrx_word' id='word_1_251' title='bbox 1204 1432 1318 1459; x_wconf 46' lang='lat' dir='ltr'>etanta</span> <span class='ocrx_word' id='word_1_252' title='bbox 1351 1425 1526 1458; x_wconf 84' lang='lat' dir='ltr'>Petronius</span> <span class='ocrx_word' id='word_1_253' title='bbox 1542 1426 1617 1470; x_wconf 86' lang='lat'>(10.</span> <span class='ocrx_word' id='word_1_254' title='bbox 1631 1438 1664 1470; x_wconf 83' lang='lat' dir='ltr'>p.</span> <span class='ocrx_word' id='word_1_255' title='bbox 1680 1426 1725 1458; x_wconf 79' lang='lat'>41</span> <span class='ocrx_word' id='word_1_256' title='bbox 1741 1426 1881 1470; x_wconf 72' lang='lat' dir='ltr'>Burni.):</span> <span class='ocrx_word' id='word_1_257' title='bbox 1902 1432 1955 1458; x_wconf 80' lang='lat' dir='ltr'>»tu</span> <span class='ocrx_word' id='word_1_258' title='bbox 1969 1427 2079 1459; x_wconf 77' lang='lat' dir='ltr'>literas</span> <span class='ocrx_word' id='word_1_259' title='bbox 2097 1427 2160 1459; x_wconf 85' lang='lat' dir='ltr'>scis</span> 
     </span>
     <span class='ocr_line' id='line_1_44' title="bbox 1204 1489 2162 1534; baseline 0 -11"><span class='ocrx_word' id='word_1_260' title='bbox 1204 1496 1236 1523; x_wconf 87' lang='lat' dir='ltr'>ct</span> <span class='ocrx_word' id='word_1_261' title='bbox 1266 1502 1325 1532; x_wconf 83' lang='lat' dir='ltr'>ego</span> <span class='ocrx_word' id='word_1_262' title='bbox 1357 1490 1478 1534; x_wconf 73' lang='lat' dir='ltr'>aliquid</span> <span class='ocrx_word' id='word_1_263' title='bbox 1514 1490 1600 1521; x_wconf 76' lang='lat' dir='ltr'>aliud</span> <span class='ocrx_word' id='word_1_264' title='bbox 1629 1492 1842 1533; x_wconf 59' lang='lat' dir='ltr'>promittama</span> <span class='ocrx_word' id='word_1_265' title='bbox 1898 1489 1955 1523; x_wconf 84' lang='lat' dir='ltr'>Sic</span> <span class='ocrx_word' id='word_1_266' title='bbox 1981 1491 2162 1523; x_wconf 80' lang='lat' dir='ltr'>scribebant</span> 
     </span>
     <span class='ocr_line' id='line_1_45' title="bbox 1203 1553 2161 1599; baseline 0 -13"><span class='ocrx_word' id='word_1_267' title='bbox 1203 1553 1303 1599; x_wconf 84' lang='lat' dir='ltr'>(Seu.</span> <span class='ocrx_word' id='word_1_268' title='bbox 1323 1558 1423 1585; x_wconf 86' lang='lat' dir='ltr'>contr.</span> <span class='ocrx_word' id='word_1_269' title='bbox 1440 1554 1478 1594; x_wconf 71' lang='lat'>4,</span> <span class='ocrx_word' id='word_1_270' title='bbox 1506 1554 1555 1584; x_wconf 77' lang='lat'>29</span> <span class='ocrx_word' id='word_1_271' title='bbox 1572 1553 1649 1584; x_wconf 81' lang='lat' dir='ltr'>Rufi</span> <span class='ocrx_word' id='word_1_272' title='bbox 1665 1553 1756 1585; x_wconf 83' lang='lat' dir='ltr'>Vibii</span> <span class='ocrx_word' id='word_1_273' title='bbox 1778 1566 1810 1598; x_wconf 89' lang='lat' dir='ltr'>p.</span> <span class='ocrx_word' id='word_1_274' title='bbox 1828 1554 1902 1585; x_wconf 79' lang='lat'>276</span> <span class='ocrx_word' id='word_1_275' title='bbox 1923 1553 2050 1598; x_wconf 87' lang='lat' dir='ltr'>Elzev.)</span> <span class='ocrx_word' id='word_1_276' title='bbox 2073 1567 2161 1598; x_wconf 69' lang='lat' dir='ltr'>»pro-</span> 
     </span>
     <span class='ocr_line' id='line_1_46' title="bbox 1203 1615 2161 1660; baseline 0.003 -12"><span class='ocrx_word' id='word_1_277' title='bbox 1203 1619 1329 1648; x_wconf 77' lang='lat' dir='ltr'>mittere</span> <span class='ocrx_word' id='word_1_278' title='bbox 1355 1622 1549 1656; x_wconf 71' lang='lat' dir='ltr'>oratorem«,</span> <span class='ocrx_word' id='word_1_279' title='bbox 1584 1615 1628 1647; x_wconf 77' lang='lat' dir='ltr'>ita</span> <span class='ocrx_word' id='word_1_280' title='bbox 1655 1621 1691 1647; x_wconf 89' lang='lat' dir='ltr'>ut</span> <span class='ocrx_word' id='word_1_281' title='bbox 1717 1616 1797 1648; x_wconf 84' lang='lat' dir='ltr'>illud</span> <span class='ocrx_word' id='word_1_282' title='bbox 1825 1618 2010 1660; x_wconf 76' lang='lat' dir='ltr'>promittere</span> <span class='ocrx_word' id='word_1_283' title='bbox 2034 1617 2161 1652; x_wconf 79' lang='lat' dir='ltr'>Graeco</span> 
     </span>
     <span class='ocr_line' id='line_1_47' title="bbox 1203 1677 2161 1725; baseline 0 -11"><span class='ocrx_word' id='word_1_284' title='bbox 1203 1677 1490 1724; x_wconf 77' lang='grc' dir='ltr'><em>ὑπιόχνεῖσθαι</em></span> <span class='ocrx_word' id='word_1_285' title='bbox 1523 1691 1655 1724; x_wconf 87' lang='lat' dir='ltr'>prorsus</span> <span class='ocrx_word' id='word_1_286' title='bbox 1681 1680 1892 1724; x_wconf 85' lang='lat' dir='ltr'>responderet</span> <span class='ocrx_word' id='word_1_287' title='bbox 1914 1679 2017 1725; x_wconf 72' lang='lat' dir='ltr'>(conf.</span> <span class='ocrx_word' id='word_1_288' title='bbox 2045 1682 2084 1715; x_wconf 90' lang='lat' dir='ltr'>C.</span> <span class='ocrx_word' id='word_1_289' title='bbox 2108 1682 2161 1714; x_wconf 81' lang='lat' dir='ltr'>Fr.</span> 
     </span>
     <span class='ocr_line' id='line_1_48' title="bbox 1203 1743 2011 1788; baseline -0.001 -12"><span class='ocrx_word' id='word_1_290' title='bbox 1203 1743 1370 1776; x_wconf 82' lang='lat' dir='ltr'>Hermann</span> <span class='ocrx_word' id='word_1_291' title='bbox 1395 1743 1434 1775; x_wconf 79' lang='lat' dir='ltr'>ad</span> <span class='ocrx_word' id='word_1_292' title='bbox 1458 1743 1589 1775; x_wconf 86' lang='lat' dir='ltr'>Lucian.</span> <span class='ocrx_word' id='word_1_293' title='bbox 1616 1743 1655 1775; x_wconf 92' lang='lat' dir='ltr'>de</span> <span class='ocrx_word' id='word_1_294' title='bbox 1680 1743 1752 1775; x_wconf 81' lang='lat' dir='ltr'>hist.</span> <span class='ocrx_word' id='word_1_295' title='bbox 1778 1756 1840 1778; x_wconf 80' lang='lat' dir='ltr'>scr.</span> <span class='ocrx_word' id='word_1_296' title='bbox 1863 1757 1895 1788; x_wconf 91' lang='lat' dir='ltr'>p.</span> <span class='ocrx_word' id='word_1_297' title='bbox 1914 1744 2011 1788; x_wconf 77' lang='lat'><strong>220).</strong></span> 
     </span>
    </p>

    <p class='ocr_par' dir='ltr' id='par_1_27' title="bbox 1203 1803 2194 2415">
     <span class='ocr_line' id='line_1_49' title="bbox 1278 1803 2194 1852; baseline 0.002 -15"><span class='ocrx_word' id='word_1_298' title='bbox 1278 1803 1393 1850; x_wconf 79' lang='lat' dir='ltr'>oratio]</span> <span class='ocrx_word' id='word_1_299' title='bbox 1421 1805 1661 1848; x_wconf 77' lang='lat' dir='ltr'>Quinctilianus</span> <span class='ocrx_word' id='word_1_300' title='bbox 1681 1805 1733 1849; x_wconf 76' lang='lat'>(2,</span> <span class='ocrx_word' id='word_1_301' title='bbox 1762 1807 1799 1846; x_wconf 82' lang='lat'>1,</span> <span class='ocrx_word' id='word_1_302' title='bbox 1821 1807 1855 1838; x_wconf 80' lang='lat' dir='ltr'>G.</span> <span class='ocrx_word' id='word_1_303' title='bbox 1876 1819 1908 1851; x_wconf 86' lang='lat' dir='ltr'>p.</span> <span class='ocrx_word' id='word_1_304' title='bbox 1924 1807 1999 1839; x_wconf 72' lang='lat'>256</span> <span class='ocrx_word' id='word_1_305' title='bbox 2018 1805 2163 1852; x_wconf 76' lang='lat' dir='ltr'>Spald.):</span> <span class='ocrx_word' id='word_1_306' title='bbox 2191 1848 2194 1851; x_wconf 29' lang='grc' dir='ltr'>Ι</span> 
     </span>
     <span class='ocr_line' id='line_1_50' title="bbox 1211 1866 2162 1913; baseline 0.004 -16"><span class='ocrx_word' id='word_1_307' title='bbox 1211 1866 1414 1906; x_wconf 83' lang='lat' dir='ltr'>»Rhetorice‚</span> <span class='ocrx_word' id='word_1_308' title='bbox 1440 1866 1554 1910; x_wconf 81' lang='lat' dir='ltr'>inquit,</span> <span class='ocrx_word' id='word_1_309' title='bbox 1577 1879 1595 1899; x_wconf 86' lang='lat' dir='ltr'>a</span> <span class='ocrx_word' id='word_1_310' title='bbox 1620 1867 1822 1909; x_wconf 80' lang='lat' dir='ltr'>grammatica</span> <span class='ocrx_word' id='word_1_311' title='bbox 1835 1867 1903 1909; x_wconf 85' lang='lat' dir='ltr'>jam</span> <span class='ocrx_word' id='word_1_312' title='bbox 1914 1880 2017 1912; x_wconf 84' lang='lat' dir='ltr'>paene</span> <span class='ocrx_word' id='word_1_313' title='bbox 2034 1880 2162 1913; x_wconf 85' lang='lat' dir='ltr'>posses-</span> 
     </span>
     <span class='ocr_line' id='line_1_51' title="bbox 1204 1926 2162 1972; baseline 0.002 -13"><span class='ocrx_word' id='word_1_314' title='bbox 1204 1928 1295 1960; x_wconf 83' lang='lat' dir='ltr'>sione</span> <span class='ocrx_word' id='word_1_315' title='bbox 1323 1927 1458 1972; x_wconf 75' lang='lat' dir='ltr'>depnlsa</span> <span class='ocrx_word' id='word_1_316' title='bbox 1485 1935 1565 1962; x_wconf 86' lang='lat' dir='ltr'>est.«</span> <span class='ocrx_word' id='word_1_317' title='bbox 1604 1926 1708 1960; x_wconf 84' lang='lat' dir='ltr'>Addit</span> <span class='ocrx_word' id='word_1_318' title='bbox 1734 1934 1859 1961; x_wconf 81' lang='lat' dir='ltr'>tamen:</span> <span class='ocrx_word' id='word_1_319' title='bbox 1882 1929 1971 1962; x_wconf 76' lang='lat' dir='ltr'>»Nec</span> <span class='ocrx_word' id='word_1_320' title='bbox 1988 1930 2162 1971; x_wconf 80' lang='lat' dir='ltr'>inficiabor,</span> 
     </span>
     <span class='ocr_line' id='line_1_52' title="bbox 1204 1991 2167 2038; baseline 0 -14"><span class='ocrx_word' id='word_1_321' title='bbox 1204 2004 1245 2024; x_wconf 83' lang='lat' dir='ltr'>ex</span> <span class='ocrx_word' id='word_1_322' title='bbox 1268 1991 1308 2024; x_wconf 87' lang='lat' dir='ltr'>iis</span> <span class='ocrx_word' id='word_1_323' title='bbox 1333 1992 1488 2036; x_wconf 78' lang='lat' dir='ltr'>aliquem,</span> <span class='ocrx_word' id='word_1_324' title='bbox 1518 1991 1573 2036; x_wconf 90' lang='lat' dir='ltr'>qui</span> <span class='ocrx_word' id='word_1_325' title='bbox 1591 1992 1816 2035; x_wconf 81' lang='lat' dir='ltr'>grammaticen</span> <span class='ocrx_word' id='word_1_326' title='bbox 1839 1994 2046 2038; x_wconf 83' lang='lat' dir='ltr'>profitentur,</span> <span class='ocrx_word' id='word_1_327' title='bbox 2069 2004 2167 2027; x_wconf 66' lang='lat' dir='ltr'>cous-n</span> 
     </span>
     <span class='ocr_line' id='line_1_53' title="bbox 1204 2055 2163 2101; baseline 0.001 -15"><span class='ocrx_word' id='word_1_328' title='bbox 1204 2068 1267 2100; x_wconf 75' lang='lat' dir='ltr'>qne</span> <span class='ocrx_word' id='word_1_329' title='bbox 1293 2055 1425 2087; x_wconf 82' lang='lat' dir='ltr'>scientia</span> <span class='ocrx_word' id='word_1_330' title='bbox 1459 2055 1609 2099; x_wconf 79' lang='lat' dir='ltr'>progredi</span> <span class='ocrx_word' id='word_1_331' title='bbox 1637 2068 1754 2101; x_wconf 84' lang='lat' dir='ltr'>posse,</span> <span class='ocrx_word' id='word_1_332' title='bbox 1788 2061 1824 2088; x_wconf 92' lang='lat' dir='ltr'>ut</span> <span class='ocrx_word' id='word_1_333' title='bbox 1854 2057 1895 2089; x_wconf 82' lang='lat' dir='ltr'>ad</span> <span class='ocrx_word' id='word_1_334' title='bbox 1923 2058 2003 2089; x_wconf 82' lang='lat' dir='ltr'>haee</span> <span class='ocrx_word' id='word_1_335' title='bbox 2033 2068 2163 2100; x_wconf 87' lang='lat' dir='ltr'>quoqne</span> 
     </span>
     <span class='ocr_line' id='line_1_54' title="bbox 1203 2119 2163 2163; baseline 0 -12"><span class='ocrx_word' id='word_1_336' title='bbox 1203 2119 1357 2151; x_wconf 78' lang='lat' dir='ltr'>tradenda</span> <span class='ocrx_word' id='word_1_337' title='bbox 1377 2119 1524 2151; x_wconf 79' lang='lat' dir='ltr'>sufficiat:</span> <span class='ocrx_word' id='word_1_338' title='bbox 1544 2120 1602 2151; x_wconf 84' lang='lat' dir='ltr'>sed</span> <span class='ocrx_word' id='word_1_339' title='bbox 1624 2132 1721 2163; x_wconf 85' lang='lat' dir='ltr'>quum</span> <span class='ocrx_word' id='word_1_340' title='bbox 1737 2119 1771 2151; x_wconf 88' lang='lat' dir='ltr'>id</span> <span class='ocrx_word' id='word_1_341' title='bbox 1789 2125 1876 2161; x_wconf 75' lang='lat' dir='ltr'>aget,</span> <span class='ocrx_word' id='word_1_342' title='bbox 1903 2119 2040 2151; x_wconf 86' lang='lat' dir='ltr'>rhetoris</span> <span class='ocrx_word' id='word_1_343' title='bbox 2061 2119 2163 2152; x_wconf 86' lang='lat' dir='ltr'>officio</span> 
     </span>
     <span class='ocr_line' id='line_1_55' title="bbox 1203 2171 2162 2231; baseline -0.002 -17"><span class='ocrx_word' id='word_1_344' title='bbox 1203 2183 1374 2223; x_wconf 81' lang='lat' dir='ltr'>fungetur,</span> <span class='ocrx_word' id='word_1_345' title='bbox 1399 2193 1464 2213; x_wconf 91' lang='lat' dir='ltr'>non</span> <span class='ocrx_word' id='word_1_346' title='bbox 1491 2193 1579 2213; x_wconf 86' lang='lat' dir='ltr'>sno.«</span> <span class='ocrx_word' id='word_1_347' title='bbox 1614 2181 1751 2214; x_wconf 75' lang='lat' dir='ltr'>Coi-rexi</span> <span class='ocrx_word' id='word_1_348' title='bbox 1773 2180 1857 2224; x_wconf 82' lang='lat' dir='ltr'>apud</span> <span class='ocrx_word' id='word_1_349' title='bbox 1876 2185 2023 2213; x_wconf 78' lang='lat' dir='ltr'>nostrum</span> <span class='ocrx_word' id='word_1_350' title='bbox 2053 2171 2162 2231; x_wconf 60' lang='lat' dir='ltr'>verba,</span> 
     </span>
     <span class='ocr_line' id='line_1_56' title="bbox 1204 2243 2164 2289; baseline 0 -13"><span class='ocrx_word' id='word_1_351' title='bbox 1204 2257 1286 2289; x_wconf 80' lang='lat' dir='ltr'>quae</span> <span class='ocrx_word' id='word_1_352' title='bbox 1321 2245 1572 2289; x_wconf 78' lang='lat' dir='ltr'>praecedebant:</span> <span class='ocrx_word' id='word_1_353' title='bbox 1599 2244 1633 2275; x_wconf 88' lang='lat' dir='ltr'>in</span> <span class='ocrx_word' id='word_1_354' title='bbox 1665 2243 1760 2275; x_wconf 86' lang='lat' dir='ltr'>editis</span> <span class='ocrx_word' id='word_1_355' title='bbox 1796 2243 1879 2275; x_wconf 89' lang='lat' dir='ltr'>enim</span> <span class='ocrx_word' id='word_1_356' title='bbox 1908 2244 2076 2286; x_wconf 81' lang='lat' dir='ltr'>legebatur</span> <span class='ocrx_word' id='word_1_357' title='bbox 2107 2256 2164 2277; x_wconf 69' lang='lat' dir='ltr'>nex</span> 
     </span>
     <span class='ocr_line' id='line_1_57' title="bbox 1203 2305 2165 2354; baseline 0.001 -16"><span class='ocrx_word' id='word_1_358' title='bbox 1203 2307 1321 2351; x_wconf 81' lang='lat' dir='ltr'>quibus</span> <span class='ocrx_word' id='word_1_359' title='bbox 1343 2306 1540 2350; x_wconf 76' lang='lat' dir='ltr'>formetur«;</span> <span class='ocrx_word' id='word_1_360' title='bbox 1567 2305 1843 2348; x_wconf 77' lang='lat' dir='ltr'>cantabrigiensis</span> <span class='ocrx_word' id='word_1_361' title='bbox 1861 2306 1996 2339; x_wconf 82' lang='lat' dir='ltr'>rectius:</span> <span class='ocrx_word' id='word_1_362' title='bbox 2019 2318 2080 2340; x_wconf 77' lang='lat' dir='ltr'>»ex</span> <span class='ocrx_word' id='word_1_363' title='bbox 2099 2318 2165 2354; x_wconf 83' lang='lat' dir='ltr'>qua</span> 
     </span>
     <span class='ocr_line' id='line_1_58' title="bbox 1205 2370 1520 2415; baseline -0.003 -12"><span class='ocrx_word' id='word_1_364' title='bbox 1205 2370 1367 2415; x_wconf 73' lang='lat' dir='ltr'>formatur</span> <span class='ocrx_word' id='word_1_365' title='bbox 1392 2370 1520 2402; x_wconf 55' lang='lat' dir='ltr'>oratius«</span> 
     </span>
    </p>

    <p class='ocr_par' dir='ltr' id='par_1_28' title="bbox 1207 2430 2164 2597">
     <span class='ocr_line' id='line_1_59' title="bbox 1283 2430 2164 2476; baseline 0.001 -13"><span class='ocrx_word' id='word_1_366' title='bbox 1283 2430 1397 2476; x_wconf 79' lang='lat' dir='ltr'>literis]</span> <span class='ocrx_word' id='word_1_367' title='bbox 1421 2431 1555 2464; x_wconf 85' lang='lat' dir='ltr'>Grotius</span> <span class='ocrx_word' id='word_1_368' title='bbox 1577 2431 1735 2463; x_wconf 78' lang='lat' dir='ltr'>ediderat:</span> <span class='ocrx_word' id='word_1_369' title='bbox 1761 2432 1815 2463; x_wconf 73' lang='lat' dir='ltr'>»id</span> <span class='ocrx_word' id='word_1_370' title='bbox 1835 2437 1884 2464; x_wconf 80' lang='lat' dir='ltr'>est</span> <span class='ocrx_word' id='word_1_371' title='bbox 1908 2444 1950 2464; x_wconf 83' lang='lat' dir='ltr'>ex</span> <span class='ocrx_word' id='word_1_372' title='bbox 1968 2432 2081 2473; x_wconf 82' lang='lat' dir='ltr'>literis,</span> <span class='ocrx_word' id='word_1_373' title='bbox 2102 2430 2164 2476; x_wconf 73' lang='lat' dir='ltr'>syl-</span> 
     </span>
     <span class='ocr_line' id='line_1_60' title="bbox 1208 2494 2164 2536; baseline -0.001 -10"><span class='ocrx_word' id='word_1_374' title='bbox 1208 2495 1306 2536; x_wconf 78' lang='lat' dir='ltr'>labis,</span> <span class='ocrx_word' id='word_1_375' title='bbox 1338 2500 1371 2526; x_wconf 88' lang='lat' dir='ltr'>et</span> <span class='ocrx_word' id='word_1_376' title='bbox 1396 2507 1439 2526; x_wconf 71' lang='lat' dir='ltr'>ex</span> <span class='ocrx_word' id='word_1_377' title='bbox 1466 2494 1600 2527; x_wconf 67' lang='lat' dir='ltr'>verbis«</span> <span class='ocrx_word' id='word_1_378' title='bbox 1647 2494 1732 2525; x_wconf 81' lang='lat' dir='ltr'>illud</span> <span class='ocrx_word' id='word_1_379' title='bbox 1762 2494 1796 2525; x_wconf 79' lang='lat' dir='ltr'>id</span> <span class='ocrx_word' id='word_1_380' title='bbox 1818 2500 1865 2526; x_wconf 83' lang='lat' dir='ltr'>est</span> <span class='ocrx_word' id='word_1_381' title='bbox 1889 2494 1993 2527; x_wconf 85' lang='lat' dir='ltr'>delevi</span> <span class='ocrx_word' id='word_1_382' title='bbox 2020 2494 2164 2527; x_wconf 85' lang='lat' dir='ltr'>codicum</span> 
     </span>
     <span class='ocr_line' id='line_1_61' title="bbox 1207 2557 2164 2597; baseline -0.003 -6"><span class='ocrx_word' id='word_1_383' title='bbox 1207 2558 1482 2592; x_wconf 58' lang='lat' dir='ltr'>Reiz-lienanensis</span> <span class='ocrx_word' id='word_1_384' title='bbox 1505 2564 1536 2589; x_wconf 81' lang='lat' dir='ltr'>et</span> <span class='ocrx_word' id='word_1_385' title='bbox 1554 2558 1731 2590; x_wconf 78' lang='lat' dir='ltr'>Britannici</span> <span class='ocrx_word' id='word_1_386' title='bbox 1750 2558 1948 2597; x_wconf 75' lang='lat' dir='ltr'>anctoritate,</span> <span class='ocrx_word' id='word_1_387' title='bbox 1966 2564 1998 2589; x_wconf 91' lang='lat' dir='ltr'>et</span> <span class='ocrx_word' id='word_1_388' title='bbox 2018 2558 2072 2589; x_wconf 79' lang='lat' dir='ltr'>illa</span> <span class='ocrx_word' id='word_1_389' title='bbox 2090 2557 2164 2589; x_wconf 86' lang='lat' dir='ltr'>bina</span> 
     </span>
    </p>
   </div>
   <div class='ocr_carea' id='block_1_24' title="bbox 1209 2621 2164 2665">
    <p class='ocr_par' dir='ltr' id='par_1_29' title="bbox 1209 2621 2164 2665">
     <span class='ocr_line' id='line_1_62' title="bbox 1209 2621 2164 2665; baseline -0.003 -9"><span class='ocrx_word' id='word_1_390' title='bbox 1209 2635 1251 2656; x_wconf 69' lang='lat' dir='ltr'>ex</span> <span class='ocrx_word' id='word_1_391' title='bbox 1268 2623 1381 2655; x_wconf 83' lang='lat' dir='ltr'>melius</span> <span class='ocrx_word' id='word_1_392' title='bbox 1405 2622 1679 2665; x_wconf 77' lang='lat' dir='ltr'>Cantabrigiensis</span> <span class='ocrx_word' id='word_1_393' title='bbox 1704 2622 1830 2662; x_wconf 60' lang='lat' dir='ltr'>omisit7</span> <span class='ocrx_word' id='word_1_394' title='bbox 1856 2621 1937 2654; x_wconf 77' lang='lat' dir='ltr'>sicut</span> <span class='ocrx_word' id='word_1_395' title='bbox 1958 2627 1989 2654; x_wconf 82' lang='lat' dir='ltr'>et</span> <span class='ocrx_word' id='word_1_396' title='bbox 2010 2633 2069 2663; x_wconf 83' lang='lat' dir='ltr'>ego</span> <span class='ocrx_word' id='word_1_397' title='bbox 2094 2621 2164 2654; x_wconf 85' lang='lat' dir='ltr'>feci.</span> 
     </span>
    </p>
   </div>
  </div>
 </body>
</html>
