2310 2860
768 149 963 191 Martiani
995 148 1193 206 Capellae
1223 149 1293 190 lib.
1316 149 1391 189 ΙΙΙ.
1427 151 1458 201 §-
1484 149 1585 190 255.

2064 154 2149 195 275

198 266 297 299 nota
329 266 502 313 putatur
533 272 641 308 esse,
681 270 796 297 nune
825 257 964 308 litera3
1002 270 1103 296 nam
1135 256 1225 309 ejus
1256 256 1428 298 effeetus
1460 256 1494 297 C
1524 258 1731 314 integrare
1761 273 1846 300 non
1877 259 2058 302 dubium
2088 271 2148 302 est

196 337 359 392 absque
398 336 483 388 his,
520 337 687 392 kapite,
728 337 960 387 kalendae,
1008 336 1277 378 kalumniae.

195 418 377 469 calibus;
425 419 464 459 R
499 418 644 460 literae
691 419 989 473 praeponitur,
1039 427 1086 458 ut
1125 416 1356 473 prander03
1412 418 1470 465 L,
1508 427 1554 458 ut
1584 418 1774 473 placere3
1829 421 1880 472 S,
1920 422 2146 476 psittacus;

194 497 258 547 Τ,
288 498 576 551 Ptolemaeus3
615 499 674 549 N,
717 507 762 538 ut
793 498 833 537 iu
864 497 1074 552 Sypnuin.

1132 496 1354 537 Terminat
1387 512 1490 539 vero
1523 499 1640 540 nihil.

193 591 277 621 non
309 578 535 633 putabant,
568 588 607 619 et
639 578 872 628 vincerent,
912 578 988 618 nisi
1020 578 1062 619 in
1093 592 1204 633 equo
1238 588 1276 619 et
1306 579 1497 634 equitatu
1529 590 1752 635 appareret
1783 597 1990 636 expresse.
2030 583 2146 623 Haec

193 695 412 738 levigationis,
440 697 494 730 illa
524 697 724 743 aspirationis
747 703 831 730 nota.
849 697 953 730 GnoT.
970 716 1015 720 —-—
1043 696 1144 729 Isido-

193 772 247 792 rus
263 762 370 805 (etym.
388 763 425 802 1,
447 764 509 803 18,
534 763 573 803 93
599 775 630 807 p.
644 763 689 794 51
710 760 836 804 Arev.)=
858 761 1032 804 »Accaezcg
1059 761 1146 804 quod

192 825 418 867 interpretatur
433 826 605 867 aspirati03
632 824 686 855 ubi
705 824 789 856 enim
807 823 842 854 Η
862 824 938 866 poni
960 823 1065 863 debet,
1090 823 1146 854 tali

192 882 292 923 figura
314 891 497 916 annotatur:
523 885 561 926 Ι,
586 883 697 931 ψιλή,
728 886 815 929 quod
841 886 1065 929 interpretatur
1088 886 1146 916 sie-

193 948 291 986 citas,
320 948 387 979 sive
416 961 552 991 pumnn,
580 948 613 979 id
640 954 689 979 cst
718 949 774 980 ubi
798 949 890 980 litera
919 949 953 980 Π
982 959 1053 978 esse
1081 960 1147 979 non

192 1007 303 1048 dehet,
332 1009 387 1040 tali
418 1014 494 1040 nota
526 1009 721 1040 ostenditur:
747 1010 798 1043 -I.«
844 1009 964 1041 Confer
987 1010 1146 1051 palaeogr.

191 1083 292 1103 meam
315 1072 352 1115 (Ι.
380 1070 516 1115 §.1143
549 1085 579 1115 p.
603 1073 664 1114 91)
684 1079 716 1103 et
740 1073 772 1102 in
795 1072 904 1116 primis
928 1072 1146 1104 Vitloisonum

189 1135 335 1178 (aneedd.
357 1134 414 1166 Gr.
431 1134 481 1175 II,
503 1147 534 1178 p.
557 1134 644 1177 288)
667 1141 699 1166 ct
719 1135 745 1166 F
748 1135 907 1167 isclierum
928 1135 981 1179 (ad
1002 1135 1146 1167 'chllcri

190 1210 319 1241 gramm.
344 1198 401 1230 Gr.
422 1198 448 1238 I,
475 1211 504 1241 p.
523 1198 619 1239 259).

266 1273 353 1293 nunc
368 1260 458 1305 nota]
474 1262 567 1292 Hane
587 1272 716 1304 quoquc
736 1273 963 1304 supervacuam
982 1273 1052 1293 esse
1071 1273 1145 1293 con-

192 1323 294 1355 tendit
315 1323 499 1354 Priscianus
525 1324 610 1366 (loco
636 1323 760 1366 citato):
787 1335 887 1366 »quac
911 1324 1072 1367 quamvis«
1099 1325 1145 1356 in-

193 1385 262 1428 quit
289 1383 480 1423 »sci-ibatur,
507 1383 627 1415 nullam
648 1383 739 1415 aliam
762 1384 824 1415 vim
843 1385 939 1415 habet
964 1397 1058 1428 quam
1080 1386 1146 1425 C«3

193 1459 274 1491 quae
303 1447 413 1478 eadem
449 1447 553 1478 nostri
583 1447 740 1478 sententia
773 1457 844 1478 esse
880 1447 1020 1487 videtur,
1050 1460 1148 1492 quum

192 1509 316 1540 literam
340 1508 368 1540 C
392 1519 521 1539 nomnes
548 1508 618 1549 ejus
643 1509 773 1540 effectus
796 1508 969 1549 integrare«
1002 1510 1063 1540 hoe
1087 1515 1147 1549 cst,

191 1570 355 1609 omnibus,
377 1581 459 1612 quae
479 1569 512 1601 R
532 1570 654 1601 efficere
677 1569 796 1613 possit,
821 1570 951 1610 integris
968 1571 1146 1613 exprimen-

191 1632 239 1663 dis
264 1631 406 1663 sufficere
435 1630 529 1664 dicat.
556 1630 677 1663 Confer
698 1636 729 1662 ct
748 1630 906 1661 Isidorum
929 1631 983 1673 (1,
1005 1632 1045 1670 4,
1078 1632 1148 1671 123

191 1706 220 1737 p.
238 1693 313 1736 10),
333 1693 404 1736 qui:
429 1692 535 1731 nidco,
558 1692 678 1735 inquit,
701 1704 897 1736 supervacua
919 1692 1048 1732 dieitur,
1070 1691 1145 1736 quia

193 1754 334 1798 exceptis
351 1755 507 1786 Kalendis
528 1765 723 1798 supervacua
735 1754 912 1796 judicatur,
940 1766 997 1798 per
1013 1754 1041 1786 C
1061 1753 1145 1785 enim

193 1818 339 1849 universa
361 1817 596 1861 exprimimus«
629 1817 868 1860 Quinctilianus
887 1829 1015 1860 quoque
1036 1817 1084 1860 (1,
1108 1817 1144 1857 4,

193 1881 233 1918 9,
266 1893 297 1924 p.
317 1881 366 1912 62
388 1880 573 1923 Spalding.)
604 1880 799 1911 »redundare
823 1892 909 1911 eam«
939 1880 981 1910 ait
1001 1892 1061 1912 nec
1082 1880 1145 1912 nisi

202 1943 418 1986 »quorundam
445 1943 608 1974 nominum
635 1949 744 1974 notam
771 1954 878 1982 esse«,
915 1948 948 1973 ct
979 1943 1041 1974 alio
1072 1943 1144 1975 loco

193 2007 246 2049 (l,
281 2007 314 2046 7,
342 2006 405 2045 103
439 2018 469 2048 p.
496 2006 579 2047 177)
612 2005 643 2036 in
675 2006 772 2037 nullis
802 2006 906 2037 verbis
932 2006 1084 2037 utendum
1107 2017 1145 2037 ca

193 2072 283 2111 putat
309 2066 370 2097 nisi
394 2079 475 2110 quae
509 2067 683 2110 ,si-qnificet,
717 2067 811 2097 ctiam
842 2072 878 2098 ut
902 2068 969 2098 sola
991 2072 1144 2111 ponatur3

201 2132 294 2168 ahoe,
329 2130 447 2173 inquit,
481 2141 520 2161 eo
554 2141 619 2161 non
654 2129 762 2170 omisi,
793 2130 880 2174 quod
910 2131 1038 2174 quidam
1063 2143 1143 2171 eam,

194 2192 318 2235 quoties
353 2190 386 2222 A
415 2196 583 2235 sequatur,
614 2191 826 2222 necessariam
860 2192 1010 2232 credunt,
1045 2205 1143 2236 quum

196 2253 236 2283 sit
257 2253 286 2285 C
307 2253 399 2284 litera
419 2265 501 2296 qnae
528 2253 567 2284 ad
595 2264 705 2284 omnes
729 2253 856 2285 vocales
879 2253 941 2285 vim
964 2266 1053 2285 suam
1073 2266 1143 2297 per-

195 2314 300 2345 ferat«
348 2313 446 2345 Plura
471 2313 559 2345 dabit
582 2313 799 2345 Schneidcrus
824 2315 932 2358 (elem.
959 2315 991 2356 1,
1015 2328 1045 2359 p.
1069 2316 1142 2348 290

198 2375 308 2418 sequs).
332 2376 418 2408 Vide
443 2382 475 2407 et
495 2377 653 2419 palaeogr.
673 2389 773 2408 meam
790 2378 836 2421 (1,
863 2377 1006 2422 §.117).

270 2437 388 2481 absque
417 2435 484 2480 lais]
519 2437 557 2468 ld
588 2444 638 2469 est
664 2445 792 2482 praeter
815 2441 911 2479 haec,
937 2446 973 2471 ut
995 2440 1076 2472 infra
1100 2438 1142 2483 (ἓ.

197 2498 270 2529 280
293 2497 341 2540 t).
380 2498 456 2529 Tria
475 2497 642 2532 Ausonius
662 2514 789 2546 quoquc
817 2503 934 2547 exeipit
956 2504 1015 2548 (ld.
1041 2504 1080 2535 de
1105 2503 1141 2534 li-

197 2567 254 2592 ter.
271 2561 348 2603 20):

1248 700 1354 731 »Haec
1370 701 1472 732 tribus
1489 701 1522 731 in
1537 701 1629 731 Latio
1644 706 1768 732 lantum
1783 702 1891 732 addila
1906 703 2086 733 nominibus
2096 701 2144 733 11⁸·

1197 768 1290 806 atquc
1318 763 1427 794 eadem
1452 775 1599 806 prorsus,
1635 776 1715 807 quac
1747 765 1940 801 Martianus,
1972 765 2147 796 Diomedes

1196 826 1322 869 (psssss
1342 826 1491 869 Putscli.)
1514 828 1603 858 affert
1620 827 1777 858 scribens:
1797 828 1847 859 »li
1864 840 2042 860 consonans
2062 833 2148 859 muta

1198 899 1413 930 supervacua,
1443 900 1505 931 qua
1528 888 1645 919 utimur
1667 889 1794 932 quando
1817 888 1849 920 Α
1872 896 2015 933 correpta
2043 889 2146 932 sequi-

1198 954 1264 988 tur,
1290 954 1325 979 ut
1349 949 1535 987 Kalendae,
1561 950 1675 991 kaput,
1704 950 1892 980 kal11mnia.u
1926 949 2070 981 Isidorus
2093 962 2145 980 au-

1198 1018 1260 1042 tem
1287 1012 1394 1055 (etym.
1417 1014 1452 1049 1,
1476 1013 1540 1052 26,
1567 1014 1630 1051 15,
1665 1026 1693 1055 p.
1711 1013 1760 1044 »M
1778 1012 1905 1055 Arcv.):
1934 1014 1984 1045 „R
2001 1013 2139 1044 literam«

1198 1075 1301 1118 inquit
1316 1075 1455 1118 »antiqui
1477 1076 1714 1118 praeponebant
1729 1077 1877 1120 quotiens
1895 1076 1927 1108 A
1945 1077 2148 1119 sequebatur,

1198 1142 1232 1167 ut
1256 1137 1369 1178 kaput,
1395 1137 1521 1175 kanna,
1552 1137 1713 1176 kalamus,-
1748 1149 1832 1169 nuuc
1858 1143 1961 1168 autem
1983 1138 2150 1169 Kalendae

1197 1205 1229 1231 ct
1255 1200 1423 1242 Kartha-qo
1444 1212 1500 1242 per
1524 1200 1657 1231 candem
1678 1205 1799 1231 tautum
1825 1200 2021 1238 scribuntur,
2046 1201 2150 1232 omnia

1198 1267 1302 1292 autem
1334 1261 1457 1292 Graeca
1488 1261 1616 1292 nomina
1647 1273 1837 1304 quacunque
1868 1268 2020 1305 sequente
2048 1262 2151 1293 vocali

1196 1337 1254 1368 per
1276 1325 1307 1356 li
1325 1324 1520 1355 scribendam
1553 1325 1738 1357 Notandum
1760 1331 1939 1369 praeterea,
1966 1337 2023 1369 pro
2047 1326 2151 1368 kapite

1198 1385 1282 1429 apud
1301 1390 1444 1416 nostrum
1468 1385 1601 1427 margini
1622 1385 1796 1418 Grotianae
1816 1387 1975 1431 appictum
1998 1398 2068 1419 esse
2091 1387 2149 1417 nal.

1197 1447 1341 1489 Rapum«

1272 1507 1467 1553 kalumniae]
1495 1509 1665 1541 Calunmia
1686 1509 1762 1541 olim
1778 1522 1835 1553 per
1854 1511 1874 1543 k
1894 1511 2091 1552 scribebant,
2115 1517 2151 1543 ut

1198 1570 1299 1613 liquet
1328 1582 1369 1601 ex
1397 1582 1452 1610 co,
1483 1571 1568 1613 quod
1593 1571 1646 1601 lex
1666 1571 1824 1603 Rhemnia
1847 1573 1957 1604 statuit
1979 1574 2148 1606 calumnia-

1198 1633 1332 1664 tioribus
1353 1633 1538 1664 inurendam
1558 1634 1682 1665 literam
1696 1634 1729 1666 R
1745 1635 1783 1665 ad
1801 1635 1968 1668 infamiam.
1983 1636 2086 1668 Guo'r.
2100 1657 2146 1663 ——

1195 1694 1245 1725 De
1261 1694 1332 1736 lege
1345 1694 1490 1725 Remmia
1505 1694 1576 1725 vide
1594 1694 1705 1726 doctos
1719 1695 1757 1726 ad
1768 1695 1835 1728 Cic.
1850 1708 1908 1740 pro
1921 1698 1961 1728 R.
1971 1696 2080 1729 Anicr.
2090 1698 2147 1730 20.

1269 1764 1305 1789 ut
1331 1756 1510 1802 prandere]
1551 1758 1633 1790 »Ut«
1665 1759 1817 1790 exhibent
1849 1760 2022 1801 editiones,
2062 1761 2148 1804 quod

1196 1819 1302 1853 Grotii
1330 1820 1450 1852 incuria
1475 1820 1628 1852 omissum
1646 1827 1722 1853 crat.

1267 1880 1429 1926 Sypnum]
1456 1882 1504 1913 Ita
1530 1883 1633 1914 codex
1658 1883 1863 1915 Monacensis
1885 1883 1951 1928 (C).
1988 1885 2146 1928 Quartum

1195 1957 1303 1977 casum
1329 1945 1505 1977 Martianus
1530 1946 1654 1990 posuit,
1692 1952 1727 1977 ut
1754 1948 1793 1978 ad
1821 1949 2017 1991 superiorem
2042 1949 2147 1980 locum

1195 2006 1238 2051 (§.
1261 2008 1362 2050 157),
1387 2021 1481 2051 quem
1503 2009 1645 2053 respice,
1669 2021 1741 2041 sese
1766 2012 1908 2042 rct'errct.
1931 2012 2030 2043 Nihili
2053 2012 2146 2053 igitur

1195 2075 1270 2103 nota
1293 2077 1343 2103 cst
1369 2071 1475 2104 Grotii
1497 2073 1620 2105 edentis
1643 2073 1761 2117 Sypm's
1783 2080 1815 2106 et
1832 2075 2031 2117 conjicientis
2055 2076 2144 2106 iutel-

1193 2132 1353 2175 ligendam
1375 2134 1486 2165 urbem
1511 2146 1583 2166 esse
1605 2134 1765 2177 Aclnajae,
1798 2148 1879 2180 quac
1904 2137 2090 2169 Ptolemaeo
2113 2143 2144 2167 ct

1194 2197 1346 2229 Straboni
1367 2196 1529 2243 Σιφνος.

1266 2259 1392 2290 literam
1413 2271 1479 2290 uon
1502 2258 1679 2305 putabant]
1712 2260 1856 2292 Isidorus
1889 2272 2016 2304 quoque
2043 2260 2082 2291 de
2109 2259 2141 2301 Q

1193 2319 1285 2350 litera
1310 2320 1419 2363 (etym.
1442 2321 1479 2359 1,
1503 2321 1544 2360 4,
1576 2320 1649 2363 15):
1679 2323 1791 2353 »haec«
1818 2321 1922 2365 inquit
1945 2321 2050 2365 »prius
2076 2331 2140 2351 non

1194 2385 1278 2420 crat,
1310 2381 1394 2412 unde
1423 2386 1455 2412 et
1484 2381 1538 2413 illa
1563 2394 1757 2425 supervacua
1782 2388 1910 2419 vocata,
1939 2381 2009 2424 quia
2032 2391 2089 2424 per
2110 2380 2138 2412 C

1193 2446 1306 2473 cuncta
1328 2447 1451 2473 veteres
1482 2442 1704 2486 scripserunt«
1742 2443 1840 2473 Plura
1862 2441 1947 2472 dabit
1968 2440 2139 2484 Scioppius

1206 2514 1332 2544 gramm.
1350 2503 1465 2546 philos
1484 2516 1515 2547 p.
1529 2504 1602 2536 250
1616 2503 1729 2545 Hcrz.)
1751 2509 1781 2533 et
1798 2501 2011 2533 Schneidcrus
2034 2501 2137 2544 (elem-

1193 2565 1225 2606 1,
1250 2578 1279 2610 p.
1295 2564 1392 2608 521).

1645 2625 1736 2659 53*

1354 336 1386 376 P
1430 345 1571 377 autem
1612 339 1807 379 convenit
1837 339 2038 395 utrinque
2070 356 2146 381 vo—
2175 342 2263 386 254

1702 501 1741 551 Q
1774 502 1948 556 quidam
1981 503 2146 544 literam
2174 511 2262 553 235
