2310 2860
237 232 322 275 164

808 231 1007 274 Martiani
1047 228 1250 285 Capellae
1288 228 1360 270 lib.
1388 228 1442 270 ΙΙ.
1484 231 1515 281 ᾗ.
1538 230 1632 272 119.

745 339 799 381 Et
828 339 906 381 scis
936 336 1191 380 Pindaream
1221 334 1377 391 chelyn
1407 335 1567 377 referre
1578 352 1591 389 3

747 419 813 462 Te
843 419 1024 461 dictante
1055 417 1157 460 fides
1188 432 1450 474 sacrumque
1479 418 1690 474 plectrum

743 501 882 543 Movit
910 501 1166 543 Threicium
1196 513 1348 540 sonare
1381 514 1568 540 carmen.

746 583 786 624 O
816 583 893 623 lux
918 590 1089 631 nostra,
1127 594 1267 620 sacros
1298 578 1483 634 probare
1514 588 1661 621 cantus

746 663 923 714 Suesce,
962 672 1091 717 atque
1121 661 1327 716 organicis
1358 662 1486 703 beare
1518 662 1652 703 circis.

229 791 299 818 tero
322 788 489 828 poetarum
508 782 647 815 carmina
663 785 722 814 mit
744 783 865 814 sitozen
891 780 1001 812 metris
1027 780 1189 825 (agnoscis

229 853 396 892 po'e'tarum
427 846 566 879 carmina
591 858 662 879 cum
681 846 831 878 suavibus
851 843 1000 888 metris).«

303 907 435 954 chelyn]
462 909 676 940 Teutonicus:
704 909 779 938 »Da
805 908 918 939 chu'nst
940 907 1115 938 keanteron
1145 905 1187 939 ci-

227 975 349 1005 tharam
379 971 504 1016 pindari
537 972 650 1004 musici
675 972 780 1016 (potes
809 970 925 1002 imitari
950 970 1003 1015 (Ἰ)
1035 971 1188 1003 citharam

226 1036 361 1069 Pindari
389 1035 544 1079 musici).«

297 1096 409 1142 mouit]
431 1097 542 1129 Malim
557 1099 654 1129 nouit.
670 1096 774 1129 Gnor.
785 1115 832 1120 —
852 1095 1086 1129 offendebatur
1103 1095 1185 1128 Gro-

224 1158 308 1199 tius,
345 1159 378 1191 ni
407 1159 518 1199 fallor,
562 1158 716 1190 insolenti
747 1158 873 1189 dicendi
900 1170 1037 1200 genere:
1072 1160 1186 1189 »movit

223 1219 380 1263 plectrum
404 1220 587 1252 Threicium
610 1232 726 1251 sonare
751 1231 906 1251 carmem«
941 1219 1008 1252 Sed
1037 1221 1115 1251 hacc
1137 1219 1183 1251 iu-

223 1283 361 1315 solentia
375 1283 405 1315 ei
419 1283 452 1314 in
468 1283 628 1316 Martiano
649 1295 715 1314 non
728 1283 892 1326 imponere
915 1283 1063 1323 debebat,
1086 1295 1184 1326 quum

221 1345 388 1378 commode
403 1344 556 1388 explicari
576 1344 679 1387 possit
694 1359 704 1372 n
712 1344 811 1374 movit
830 1344 999 1387 plectrum,
1018 1349 1053 1374 ut
1071 1344 1182 1375 Threi-

221 1408 305 1441 cium
327 1412 456 1439 sonaret
481 1419 636 1439 carmena«
663 1407 778 1438 Horat.
800 1408 830 1438 1.
847 1407 897 1438 od.
913 1408 971 1438 24.
996 1407 1132 1438 Phacdr.
1149 1408 1184 1438 5.

218 1472 282 1503 fab.
307 1472 364 1503 16.
386 1469 488 1502 Gom.
512 1489 560 1494 -—
602 1471 721 1501 Recte!
758 1469 964 1502 Graecismus
996 1470 1081 1501 cuim
1113 1475 1180 1509 est,

219 1531 317 1570 ὦότε
343 1546 414 1566 cum
443 1534 566 1565 infinito
598 1534 709 1573 modo,
745 1539 857 1565 nostro
891 1533 968 1565 satis
997 1533 1179 1574 familiaris,

215 1596 261 1630 ita
275 1596 356 1628 infra
376 1594 419 1640 (ξ.
434 1595 518 1638 125)
541 1601 639 1627 »rotet
657 1595 795 1627 circulus
815 1595 889 1627 anni
908 1596 1056 1627 claudere
1076 1595 1178 1628 secla«

215 1669 275 1704 pro
310 1663 363 1689 »ut
394 1657 522 1690 claudat
557 1657 702 1696 secula«;
737 1656 782 1687 ita
806 1655 918 1699 Nepos
950 1656 996 1699 (in
1017 1656 1118 1687 Phoe.
1146 1657 1178 1695 1,

215 1718 253 1763 5)
286 1720 451 1750 »hortatur
484 1717 664 1760 accipere«,
703 1716 860 1747 Horatius
892 1715 978 1760 (Od.
1004 1717 1034 1748 1.
1059 1717 1092 1748 2.
1117 1715 1178 1759 8)=

223 1782 308 1824 »egit
333 1781 436 1813 visere
461 1785 606 1812 montes«
633 1785 695 1813 cet.
732 1778 840 1823 (Adde
862 1779 1024 1811 Rufinian.
1052 1792 1084 1823 p.
1104 1780 1177 1811 258

214 1843 366 1887 Rul1uk.).
392 1843 490 1874 Haud
508 1847 612 1873 tamen
629 1841 770 1881 inficior,
794 1853 844 1872 me
863 1841 1014 1872 maluisse
1036 1842 1178 1873 codicem

214 1907 372 1953 reperire,
404 1906 438 1938 in
467 1916 531 1950 quo
560 1904 753 1937 Gratianum
781 1904 862 1935 illud
895 1906 984 1936 nouit
1007 1904 1176 1946 legeretur.

213 1972 323 2005 Vertit
351 1975 444 2003 vetus
480 1968 654 2013 interpres:
698 1969 780 2000 »Dir
817 1968 1062 2000 ircle'nehentero
1094 1969 1179 2001 elain

213 2036 270 2069 der
290 2036 371 2068 se'z‘to
395 2034 482 2066 zznde
506 2033 568 2064 da'z
592 2031 718 2074 ziterfin.
739 2035 855 2075 singyen
877 2032 1080 2064 intrauislcun
1107 2032 1179 2077 (tibi

214 2096 412 2139 excogitanti
431 2099 569 2139 possunt
594 2093 673 2125 fides
699 2098 731 2124 et
758 2092 917 2137 plectrum
938 2105 1051 2126 cancre
1077 2094 1177 2127 Thre-

213 2156 320 2200 icium)
347 2157 408 2188 ddz.
434 2157 500 2188 cluit
533 2156 600 2187 also
624 2156 764 2198 orpheus
797 2157 880 2199 sa'ng]
902 2155 980 2198 fdne
1008 2156 1106 2188 tracia
1127 2156 1178 2200 (id

214 2224 265 2252 est
292 2219 558 2263 quemadmodum
590 2218 742 2262 Orpheus
780 2219 913 2250 canebat
943 2231 961 2250 e
994 2219 1170 2264 Thracia).-

216 2280 367 2315 Martiani
392 2280 582 2312 sententiam
615 2279 788 2310 illustrabit
810 2280 1004 2313 Plutarchus
1033 2281 1086 2326 (de
1108 2295 1177 2314 mu-

216 2345 281 2378 sica
301 2357 331 2389 p.
351 2344 447 2376 1152
470 2343 519 2387 s.):
547 2342 718 2388 »Orpheus
741 2349 845 2375 autem
872 2345 1032 2377 neminem
1051 2346 1177 2379 videtur

215 2408 376 2441 imitatus:
402 2418 497 2439 nemo
531 2407 614 2439 enim
650 2412 726 2439 tunc
760 2413 854 2439 natus
884 2415 1011 2453 practer
1045 2416 1174 2455 poetas,

215 2472 270 2517 qui
291 2472 433 2504 facerent
461 2482 515 2510 ea,
550 2482 631 2514 quae
655 2470 694 2501 ad
720 2471 811 2502 tibias
837 2479 1041 2504 canerentur:
1059 2475 1173 2506 horum

215 2539 319 2566 autem
353 2544 425 2566 cum
457 2543 553 2576 opere
583 2531 760 2575 Orphicum
790 2533 868 2564 nihil
905 2535 1002 2567 hahet
1034 2536 1165 2568 simile«

215 2597 301 2629 Hinc
318 2602 427 2629 noster
456 2593 706 2636 »Philologiam«
740 2595 783 2626 ait
813 2596 969 2630 »dictasse
994 2599 1171 2645 Orphicum

216 2671 340 2694 carmen
363 2658 450 2705 quod
470 2658 607 2704 primum
632 2658 672 2691 ad
695 2658 774 2691 fides
800 2661 989 2694 sonuerim«

1314 778 1392 825 lux]
1420 780 1634 812 Teutonicus:
1662 784 1779 813 „anser
1803 785 1886 825 ὀιιῃα
1911 782 1992 814 hctbe
2015 785 2049 814 in
2072 786 2188 826 qemei-

1239 842 1365 874 neheite
1387 846 1486 874 zinser
1507 843 1605 886 lze'iliq
1628 844 1711 886 scius]
1735 855 1770 874 ze
1797 844 1930 875 hiberiae
1947 842 2070 887 (noster
2097 845 2188 877 ocule

1240 915 1353 936 suesce
1373 909 1519 935 nostrum
1542 916 1666 936 sacrum
1690 909 1819 936 cantum
1837 904 2009 949 laudare).‹ae

1316 964 1422 1011 circis]
1449 966 1585 1010 Proprie
1608 966 1682 998 circi
1707 971 1781 998 sunt
1804 966 2029 1011 symphoniae,
2053 978 2133 1011 quac
2151 967 2191 997 ad

1239 1027 1372 1060 eandem
1388 1028 1545 1060 rationem
1560 1028 1717 1060 melodiae
1737 1033 1914 1061 recurrunt.
1921 1029 2023 1062 ch.
2034 1047 2082 1052 ——
2097 1027 2191 1060 Sum-

1239 1090 1280 1121 sit
1301 1091 1381 1122 liacc
1402 1090 1450 1123 vir
1475 1091 1588 1122 doctus
1608 1102 1626 1122 e
1650 1091 1810 1122 veteribus
1832 1091 1960 1133 glossis.
1995 1089 2191 1122 Teutonicus

1237 1154 1415 1197 interpres,
1455 1160 1626 1198 postquam
1652 1155 1749 1186 verba
1777 1160 1891 1199 »atque
1917 1153 2073 1197 organicis
2094 1154 2189 1186 beare

1237 1217 1348 1250 circis«
1369 1224 1507 1250 verterat
1529 1220 1634 1251 »ttnde
1660 1223 1750 1251 uuirt
1773 1220 1926 1264 lcesdliqot
1943 1219 2022 1263 f'o'nc
2046 1220 2189 1263 erynnis·

1236 1282 1336 1322 ke‘n«,
1364 1282 1544 1314 uberiorem
1565 1284 1647 1315 hanc
1673 1283 1928 1327 explanationem
1958 1282 2087 1325 adjecit:
2110 1283 2189 1314 »da'z

1235 1345 1300 1375 chit
1318 1345 1506 1388 sa'nqlz'chen
1529 1349 1646 1388 rinyen
1668 1344 1743 1388 (hoc
1765 1350 1815 1376 est
1832 1345 1977 1376 cantibus
2000 1345 2033 1375 in
2056 1343 2188 1388 orbem).

1233 1408 1313 1439 Also
1338 1408 1447 1438 dcinne
1469 1411 1544 1450 ring]
1571 1409 1615 1438 a'n
1633 1408 1723 1439 demo
1745 1410 1846 1451 sdnye
1867 1411 1957 1439 uuirt
1977 1404 2188 1451 (quandoqui-

1234 1469 1306 1500 dem
1321 1468 1408 1500 orbis
1427 1468 1461 1500 in
1478 1474 1574 1500 cantu
1591 1467 1736 1512 efficitur)
1750 1471 1785 1500 .ςό
1804 1470 1834 1500 iz
1857 1471 1888 1501 ῗο
1907 1469 2040 1501 uuidere
2058 1473 2188 1502 erimin-

1232 1530 1285 1562 det
1314 1531 1428 1562 zede'ro
1445 1531 1560 1562 selbun
1588 1532 1668 1562 ste'te
1694 1530 1754 1562 dar
1775 1532 1806 1562 iz
1830 1533 1896 1562 ιιήα
1914 1530 2002 1575 fienq
2021 1531 2134 1576 (quum
2159 1531 2187 1563 is

1230 1604 1341 1624 rursus
1358 1592 1441 1624 redit
1460 1593 1500 1624 ad
1516 1591 1652 1623 cundem
1665 1591 1772 1623 locum
1788 1603 1851 1636 quo
1869 1592 2064 1636 incipiebat).
2092 1593 2188 1625 Heiie

1229 1656 1315 1687 unde
1329 1659 1402 1698 sing]
1421 1667 1439 1685 ο
1457 1655 1611 1698 sapientia
1628 1654 1734 1698 (Habe
1749 1660 1782 1687 et
1799 1661 1907 1688 canta:
1926 1655 1975 1688 O!
2004 1656 2186 1701 sapientiA)

1229 1718 1265 1748 sd
1283 1716 1407 1759 findest
1433 1718 1469 1747 m
1495 1717 1549 1747 clia
1572 1717 1686 1748 se'lbun
1715 1718 1814 1749 littun
1835 1720 1880 1749 cin
1903 1718 1993 1750 demo
2008 1731 2038 1750 α.
2059 1719 2116 1750 dia
2136 1719 2184 1751 zd-

1229 1785 1313 1811 erest
1327 1792 1408 1811 meas
1422 1791 1466 1810 tm
1482 1780 1570 1811 demo
1588 1792 1605 1811 o
1621 1779 1755 1824 (reperis
1774 1781 1904 1814 eosdem
1921 1792 2020 1813 sonos
2035 1780 2186 1827 [eundem

1230 1839 1358 1886 sonum]
1388 1841 1421 1872 in
1442 1840 1492 1882 A,
1527 1841 1582 1886 qui
1610 1841 1746 1886 primum
1769 1848 1836 1874 erat
1861 1843 1894 1874 in
1916 1842 1961 1886 Ο)
1991 1844 2049 1876 de'r
2071 1846 2108 1876 .ςό
2132 1856 2185 1889 ye-

1229 1904 1306 1936 ἰᾶηο
1326 1903 1511 1947 perhiodus.
1538 1904 1598 1935 drtz
1625 1904 1689 1936 chit
1707 1903 1866 1937 circuitus.
1888 1906 1991 1939 heizet
2014 1906 2110 1939 colon
2128 1907 2186 1952 (ita

1229 1965 1407 2010 composita
1432 1965 1601 2009 periodus,
1637 1966 1700 1999 hoc
1729 1972 1781 1999 est
1803 1966 1971 2009 circuitus,
2005 1969 2186 2013 appellatur

1230 2026 1348 2070 colon).
1372 2028 1432 2059 ube
1458 2028 1518 2058 daz
1540 2031 1637 2060 ιιιιόνί
1657 2028 1710 2060 τᾶν
1736 2029 1778 2061 az
1801 2028 1856 2061 luit
1881 2031 1917 2061 sd
1937 2030 1971 2062 ih
1995 2031 2040 2063 tir
2059 2032 2106 2062 mz
2122 2032 2183 2064 zei-

1229 2097 1305 2136 90la
1331 2090 1373 2135 (si
1394 2090 1490 2122 dictio
1519 2091 1564 2123 ibi
1587 2091 1673 2132 finit,
1701 2097 1737 2124 ut
1757 2092 1817 2125 tibi
1835 2093 2105 2138 demonstrabam)
2123 2095 2183 2128 tibe

1228 2156 1313 2191 neisvt
1329 2154 1365 2184 εό
1386 2153 1488 2185 he'izet
1509 2165 1546 2185 er
1567 2165 1690 2186 comma
1708 2154 1750 2199 (si
1766 2166 1887 2199 paene;
1912 2160 1989 2188 tunc
2005 2155 2184 2200 appellatur

1229 2215 1391 2260 comma).«
1409 2237 1457 2242 —-
1491 2216 1560 2250 Sed
1584 2222 1620 2249 ut
1642 2218 1682 2250 ad
1707 2217 1809 2250 circos
1831 2218 1908 2249 illos
1928 2218 2040 2251 redeat
2067 2220 2180 2262 oratio,

1230 2281 1345 2314 Cicero
1360 2281 1465 2325 (Brut.
1484 2280 1543 2324 19)
1562 2281 1736 2313 carminum
1754 2280 1912 2322 meminit,
1941 2294 2041 2327 »quae
2053 2283 2088 2315 in
2104 2295 2180 2328 cpu-

1226 2346 1267 2378 lis
1290 2358 1309 2377 a
1330 2345 1464 2387 singulis
1489 2345 1632 2377 convivis
1657 2345 1917 2378 cantitabantur.«
1954 2346 2074 2379 Totum
2095 2360 2181 2382 nunc

1225 2408 1321 2450 hujus
1345 2408 1459 2440 Musae
1483 2419 1611 2439 carmen
1636 2407 1682 2439 sie
1707 2407 1957 2441 construendum
1986 2420 2059 2442 esse
2083 2416 2180 2455 puto:

1233 2471 1301 2502 »Tu
1329 2468 1513 2511 Pbilologia
1544 2468 1649 2502 Musis
1682 2469 1880 2513 complacitis
1912 2481 2039 2516 semper
2063 2473 2178 2514 amica,

1223 2533 1276 2566 cui
1294 2533 1460 2575 Magnesia
1490 2533 1610 2564 fluenta
1639 2537 1672 2565 et
1692 2533 1765 2565 sons
1787 2534 1953 2576 Gorgonei
1981 2535 2095 2568 caballi
2120 2548 2177 2581 po·

1222 2596 1329 2630 culum
1351 2595 1439 2636 tulit,
1469 2595 1520 2627 cui
1541 2600 1652 2628 vertex
1671 2594 1837 2628 Aonidum
1854 2596 1960 2629 virens
1976 2598 2104 2630 frondet
2125 2609 2176 2631 co-

1219 2658 1328 2701 milis,
1370 2657 1473 2692 violas
1511 2663 1643 2706 parante
1677 2658 1810 2700 Cirrha,
1850 2664 1885 2692 tu
1917 2659 1981 2692 scis
2004 2660 2175 2693 Camoenis
