2310 2860
721 140 922 183 Martiani
952 138 1152 195 Capellae
1181 138 1255 180 lib.
1275 138 1354 179 IX.
1385 140 1416 191 §-
1437 138 1536 180 868.

2010 137 2098 178 753

133 251 362 294 dulationis
401 250 639 308 apponitur.
699 248 852 290 Omnis
885 248 1013 304 igitur
1048 258 1257 286 numerus
1295 246 1446 301 triplici
1484 245 1647 286 ratione
1680 243 1957 294 discernitur,
2002 243 2098 285 visu

139 331 379 388 audituque
410 332 479 373 vel
513 341 639 373 tactu.
707 330 837 382 Visu,
886 329 993 369 sicut
1035 336 1134 369 sunt
1175 341 1224 368 ea
1270 341 1382 382 quae
1425 335 1546 367 motu
1587 326 1774 381 corporis
1821 325 2098 379 colliguntur3

138 414 310 465 auditu,
346 428 484 470 quum
518 413 570 454 ad
600 412 808 467 judicium
841 408 1142 452 modulationis
1176 406 1456 458 intendimus3
1496 415 1608 446 tactu
1641 421 1765 456 vero,
1806 414 1851 446 ut
1882 420 1934 446 ex
1965 405 2100 460 digitis

138 511 351 538 venarum
399 495 675 551 exploramus
729 492 896 534 indicia.
972 491 1140 532 Verum
1184 488 1304 530 nobis
1345 487 1588 528 attribuitur
1629 486 1818 527 maxime
1860 486 1901 527 in
1952 486 2100 527 auditu

139 577 336 632 visuque.
396 574 480 616 Sed
513 573 757 629 rhythmice
798 581 857 613 est
897 585 963 612 ars
1003 569 1140 610 omnis
1171 568 1212 608 in
1244 565 1456 617 numeris,
1503 580 1615 620 quae
1649 580 1852 607 numeros
1888 566 2099 621 quosdam

139 656 337 711 propriae
369 654 653 697 conversionis
685 652 880 708 accipiat,
932 649 1157 704 flexusque
1195 648 1402 704 legitimos
1445 647 1654 687 sortiatur.
1713 647 1787 688 Est
1827 661 2003 702 quoque
2034 646 2100 687 di-

138 736 288 777 stantia
325 737 432 777 inter
475 735 731 791 rhythmum
779 741 1058 788 metrumque
1101 746 1186 772 non
1230 744 1388 786 parva,
1445 728 1554 769 sicut
1590 728 1796 784 posterius
1837 728 2101 772 memorabo.

139 815 222 856 Sed
261 816 362 871 quia
406 816 518 857 visus
558 814 816 871 auditusque
854 828 1036 855 numero
1075 813 1174 854 dieti
1217 821 1315 853 sunt
1355 810 1575 861 accedere,
1632 809 1675 850 hi
1715 823 1891 864 quoque
1941 810 1983 850 in
2022 809 2103 850 tria

138 896 282 937 itidem
320 912 474 952 genera
503 895 769 938 dividentur:
800 895 842 936 in
875 895 1061 950 corporis
1101 904 1289 945 motum,
1334 894 1378 934 in
1414 907 1620 934 sonorum
1658 890 1997 945 modulandique
2032 905 2103 932 ra-

141 976 321 1027 tionem,
368 987 494 1032 atque
525 978 567 1017 in
599 977 758 1028 verba,
792 991 904 1032 quae
936 985 1031 1032 apta
1062 974 1199 1016 modis
1230 975 1337 1016 ratio
1370 974 1593 1029 colligarit3
1625 987 1736 1027 quae
1769 980 1918 1012 cuncta
1949 971 2104 1011 sociata

142 1056 372 1112 perfectam
406 1058 566 1098 faciunt
597 1058 863 1098 cantilenam.
911 1056 1128 1097 Dividitur
1159 1070 1259 1095 sane
1284 1068 1491 1095 numerus
1517 1053 1556 1092 in
1582 1052 1770 1092 oratione
1801 1066 1877 1108 per
1905 1050 2104 1106 syllabas,

140 1137 182 1177 in
220 1137 509 1178 modulatione
540 1152 617 1192 per
651 1138 765 1178 arsin
798 1146 837 1178 et
867 1137 1025 1188 thesin,
1079 1138 1121 1178 in
1153 1146 1270 1191 gestu
1303 1135 1446 1190 figuris
1476 1134 1762 1174 determinatis
1793 1133 2106 1187 schematisque

143 1232 236 1258 com
245 1217 398 1274 pletur.

1727 1293 1741 1311 ·.
1749 1269 1797 1319 ,ξ’

555 1351 634 1393 DE
665 1350 895 1392 SEPTEM
926 1349 1257 1391 GENERIBUS
1289 1347 1694 1391 NUMERORUM.

315 1458 484 1501 Verum
516 1459 688 1500 numeri
721 1472 876 1514 genera
905 1465 1004 1498 sunt
1025 1465 1206 1512 septem:
1238 1455 1428 1510 primum
1461 1453 1513 1495 de
1547 1453 1831 1510 temporibu83
1872 1452 2111 1495 secundum

143 1541 198 1582 de
237 1539 558 1582 enumeratione
603 1540 863 1588 verborum,
917 1553 1028 1594 quae
1073 1538 1115 1578 in
1159 1551 1394 1578 numerum
1437 1535 1587 1576 cadere
1631 1550 1715 1575 non
1755 1543 1952 1590 possunt,
2001 1547 2114 1587 quae

145 1622 468 1680 rhythmoides,
520 1622 564 1664 id
607 1631 667 1664 est
708 1622 862 1663 similia
907 1620 1097 1663 numeris
1140 1619 1406 1675 judicantur,
1462 1631 1661 1672 quaeque
1710 1616 1844 1658 tribus
1894 1614 2113 1656 vocabulis

222 1763 279 1789 met
309 1757 429 1801 species
462 1753 709 1800 nnodzdationis]
753 1754 810 1787 Sic
841 1754 941 1799 probe
976 1754 1106 1799 scripti5

148 1820 253 1853 editus
278 1821 329 1852 ad.
374 1820 511 1864 Species
540 1820 592 1852 hie
632 1820 717 1851 idem
748 1819 835 1863 quod
865 1818 990 1862 forma,
1025 1829 1107 1862 quae

148 1883 281 1913 sormam
301 1882 354 1913 dat
377 1882 502 1922 cantui,
531 1893 629 1924 quum
659 1880 746 1912 modi
768 1880 831 1912 sint
851 1880 990 1911 materia.
1022 1879 1107 1912 Vide

148 1942 326 1976 Aristidem
358 1956 389 1988 Ρ.
406 1944 454 1975 45
478 1955 506 1975 v.
528 1943 740 1975 12.]113[B0)1.
755 1960 802 1965 —
830 1941 1107 1974 Reichenauensis

151 2015 280 2051 quoque
311 2012 368 2037 aut
388 2005 528 2049 praebet.

224 2068 366 2114 triplici]
402 2069 525 2102 Confer
554 2066 732 2099 Aristidem
766 2067 1021 2111 Quinctilianum
1054 2067 1108 2112 (1,

151 2145 182 2177 p.
203 2133 248 2164 51
276 2132 297 2163 f.
319 2130 450 2175 Meib.):
478 2127 633 2177 ῥυθμὸς
667 2127 805 2164 τοίνυν
836 2129 1011 2164 καλεῖται
1037 2140 1110 2175 τρι-

152 2194 258 2239 χώς’
285 2193 440 2241 λέγεται
469 2190 543 2240 γὰρ
573 2190 638 2228 ἐπὶ
666 2192 748 2227 τῶν
775 2189 969 2239 ἀκινήτων
990 2188 1112 2237 σωμά-

153 2269 251 2300 των,
282 2254 336 2296 ὥς
362 2270 491 2304 φαμεν
522 2255 725 2303 εὔρυθμον
745 2253 974 2303 ἀνδριάντα,
1014 2253 1111 2291 κάπὶ

153 2316 315 2354 πάντων
333 2317 414 2353 τῶν
436 2318 693 2363 κινουμένων,
730 2315 857 2358 οὕτως
881 2315 954 2365 γάρ
984 2331 1112 2366 φαμεν

156 2379 363 2430 εὐρύθμως
410 2379 497 2417 τινὰ
546 2382 738 2428 βαδίζειν,
784 2380 849 2417 καὶ
894 2382 1001 2423 laicos
1047 2380 1113 2420 ἐπὶ

159 2444 308 2493 φωνῆς.

230 2505 404 2553 venarum]
431 2507 517 2540 Vide
543 2507 692 2552 superius
709 2507 752 2553 (ἓ.
769 2508 842 2541 926
862 2509 906 2552 fi).

231 2574 318 2606 inter
349 2570 552 2618 rhythmum]
586 2572 826 2616 Quinctilianus
853 2573 947 2618 (inst.
973 2577 1053 2608 orat.
1080 2572 1117 2613 9,

1157 1753 1198 1793 4,
1234 1752 1300 1788 433
1343 1764 1373 1794 p.
1398 1751 1470 1782 555
1503 1749 1650 1793 Spald.):
1683 1748 1782 1781 »Nam
1808 1749 1965 1792 rhythmi,
2004 1748 2038 1780 id
2066 1754 2115 1780 cst

1159 1815 1301 1855 numeri,
1343 1814 1447 1857 spatio
1481 1819 1660 1857 temporum
1695 1818 1857 1845 constant:
1886 1818 1988 1844 metra
2022 1811 2115 1843 etiam

1159 1878 1290 1910 ordine:
1314 1878 1452 1921 ideoque
1484 1877 1617 1908 alterum
1648 1888 1720 1908 esse
1757 1876 1943 1921 quantitatis
1973 1875 2116 1916 videtur,

1160 1940 1293 1972 alterum
1320 1938 1510 1982 qualitatis«
1560 1938 1683 1971 Confer
1709 1943 1741 1970 et
1771 1937 1993 1980 grammaticos
2014 1936 2116 1969 Maxi—

1159 2016 1245 2036 mum
1257 2003 1459 2035 Victorinum
1471 2002 1622 2046 (Ρ.1955
1635 2001 1793 2045 ΡιιῑεοΙι.),
1813 2001 1936 2033 Bedam
1952 2001 1994 2044 (Ρ.
2003 1999 2115 2042 2580)

1159 2067 1296 2101 Marium
1314 2066 1516 2099 Victorinum
1535 2068 1577 2110 (Ρ.
1594 2066 1723 2109 2484),
1751 2065 1887 2097 Atilium
1906 2065 2115 2096 Fortunatam

1160 2130 1203 2174 (p.
1221 2128 1349 2171 2889),
1381 2128 1524 2172 inprimis
1549 2134 1655 2159 autem
1683 2126 1822 2169 Longini
1842 2127 2051 2168 fragmentum
2075 2136 2115 2156 ex

1160 2192 1397 2238 prolegomenis
1427 2192 1466 2223 ad
1491 2192 1766 2237 Hephaestionem
1785 2191 1824 2222 de
1851 2190 1960 2222 metris
1983 2189 2027 2233 (p.
2044 2188 2115 2220 160

1161 2269 1252 2301 sequ.
1281 2255 1448 2299 Weisk.),
1488 2256 1543 2287 ubi
1579 2256 1671 2300 plura
1705 2254 1859 2296 Touphis.
1906 2252 2002 2284 Adde
2030 2251 2115 2283 Boe·

1162 2321 1289 2354 elihium
1315 2320 1368 2363 (de
1392 2325 1480 2350 metr.
1503 2319 1598 2351 Pind.
1623 2332 1654 2362 p.
1673 2320 1716 2349 18
1743 2315 1855 2360 sequ).

1238 2383 1329 2413 arsin
1351 2387 1382 2413 et
1408 2379 1525 2426 thesin]
1553 2381 1609 2413 Sic
1635 2379 1761 2412 codices
1780 2375 1986 2409 Monacensis
2004 2374 2060 2419 (C)
2084 2379 2118 2406 et

1163 2444 1448 2485 Damnstattensis,
1490 2445 1571 2476 male
1606 2444 1639 2475 in
1678 2441 1770 2473 editis
1805 2442 1903 2471 arsim
1933 2445 1965 2470 et
1995 2439 2116 2471 thesim.

1164 2509 1424 2556 Explicationem
1452 2508 1522 2540 vide
1547 2506 1688 2539 inferiori
1710 2505 1782 2536 loeo
1813 2502 1854 2547 (ξ.
1871 2501 1967 2544 974).

1245 2571 1348 2605 tribus
1372 2567 1552 2616 vocabulis]
1587 2568 1625 2601 1‹1
1654 2571 1783 2598 estnom
1799 2565 1917 2598 inibus.
1956 2561 2118 2596 Aristides

1662 2628 1711 2659 95

2130 568 2220 612 969

2148 1455 2237 1498 970
