2310 2860
82 435 169 477 974

79 668 165 711 975

72 1160 160 1205 976

202 156 291 198 756
344 133 349 135 .
767 151 966 194 Martiani
996 149 1198 210 Capellae
1225 148 1299 194 lib.
1328 148 1409 193 IX.
1437 151 1470 203 §.
1497 150 1601 195 974.

760 320 910 371 QUID
950 319 1041 361 SIT
1081 320 1182 362 PES
1219 318 1282 361 IN
1319 319 1600 362 NUMERIS.

368 427 452 469 Sed
483 437 726 484 temporum
762 427 841 468 alia
868 427 1076 483 simplicia
1105 435 1225 477 sunt,
1256 440 1369 481 quae
1399 426 1550 482 podica
1580 426 1706 467 etiam
1734 426 2023 482 perhibentur.
2080 431 2157 471 Pes

203 523 305 559 vero
345 518 404 550 est
442 508 612 549 numeri
652 508 791 564 prima
831 507 1065 564 progressio
1104 522 1181 562 per
1218 507 1425 563 legitimos
1470 518 1509 549 et
1547 510 1803 550 necessarios
1843 525 1967 552 sonos
1999 511 2160 564 juncta,

200 589 322 643 cujus
360 598 499 645 partes
545 587 656 630 duae
690 598 811 640 sunt,
857 588 958 629 arsis
1004 597 1044 628 et
1087 587 1226 628 thesis.
1298 589 1415 631 Arsis
1447 599 1506 631 est
1536 590 1736 644 elevati03
1781 590 1908 632 thesis
1947 591 2151 647 depositio

195 671 310 712 vocis
349 684 395 711 ac
441 669 645 711 remissio.
705 669 788 711 Sed
828 669 987 726 pedum
1026 668 1288 711 differentiae
1326 680 1424 712 sunt
1465 680 1647 727 septem:
1679 686 1756 727 per
1799 670 2158 727 magnitudinem,

201 764 339 805 quum
380 749 481 790 alios
520 749 752 806 simplices,
799 750 900 791 alios
938 750 1191 807 multiplices
1232 752 1358 808 pedes
1390 753 1611 809 ponimus3
1656 762 1696 794 et
1724 752 1935 808 simplices
1967 751 2159 807 quidem,

199 841 247 873 ut
284 840 344 872 est
381 831 679 887 pyrrhichius3
725 832 945 888 compositi
984 846 1110 884 vero,
1155 840 1203 872 ut
1241 842 1339 873 sunt
1381 848 1584 888 paeones,
1622 833 1691 875 vel
1723 848 1873 874 eorum
1911 846 2047 888 pares.
2104 832 2160 873 Et

195 913 409 969 simplices
441 913 616 969 quidem
649 913 872 966 dicuntur,
914 913 989 970 qui
1020 912 1286 969 temporibus
1316 912 1591 965 dividuntur,
1630 913 1851 969 compositi
1883 923 2047 964 autem,
2079 912 2155 967 qui

194 995 238 1036 in
269 994 397 1051 pedes
436 996 563 1037 etiam
607 996 896 1038 resolvuntur.
954 996 1070 1038 Alios
1111 1010 1214 1037 vero
1255 994 1417 1050 alogos,
1462 993 1544 1035 hoc
1584 1004 1644 1035 est
1681 994 1987 1035 irrationabiles
2017 993 2158 1034 nomi-

195 1093 373 1131 namus,
414 1093 694 1134 quorumque
729 1080 835 1120 ratio
866 1079 984 1120 nulla
1015 1085 1276 1134 praestatur,
1318 1075 1390 1116 sed
1421 1075 1633 1116 incondita
1665 1075 1879 1130 quaedam
1912 1074 2158 1131 compositio

193 1161 422 1217 profertur.
481 1160 577 1201 Alia
606 1159 759 1200 deinde
790 1158 1027 1199 differentia
1058 1167 1139 1208 est,
1189 1172 1302 1213 quae
1344 1172 1421 1212 per
1450 1157 1701 1198 divisionem
1734 1156 1978 1210 quaeritur,
2015 1155 2153 1209 qualis

195 1241 372 1290 exsistit,
414 1239 497 1279 hoc
538 1247 597 1278 est
626 1241 742 1285 ποία,
788 1251 925 1291 quum
967 1236 1085 1277 varie
1116 1246 1155 1277 et
1187 1237 1476 1292 multipliciter
1507 1251 1578 1288 ea,
1619 1252 1731 1292 quae
1762 1251 1954 1278 connexa
1985 1236 2156 1286 fuerint,

192 1320 462 1371 dividuntur3
504 1328 631 1373 atque
661 1318 755 1369 illa,
795 1332 882 1372 qua
913 1318 1125 1372 simplices
1162 1318 1289 1373 pedes
1321 1332 1409 1358 esse
1441 1316 1696 1371 multiplices
1727 1315 2013 1356 nominamus.
2059 1314 2155 1355 Alia

193 1411 273 1452 est,
321 1415 433 1455 quae
472 1414 547 1454 per
593 1399 842 1440 divisionem
887 1398 977 1438 fieri
1015 1399 1255 1451 consuevit3
1328 1398 1529 1454 septima,
1575 1412 1688 1453 quae
1727 1413 1803 1453 per
1841 1397 2149 1453 oppositionem

191 1480 256 1531 fit,
293 1480 333 1522 id
363 1490 422 1521 est
452 1494 590 1535 quum
622 1479 793 1520 duobus
828 1480 1008 1535 pedibus
1039 1480 1218 1536 acceptis
1255 1494 1373 1533 >unus
1404 1479 1534 1520 habet
1564 1479 1773 1535 prolixius
1803 1488 1991 1535 tempus,
2036 1478 2155 1534 quod

190 1561 403 1618 praecedit
441 1577 494 1602 ex
537 1560 705 1612 ordine,
750 1560 855 1602 illud
898 1570 1040 1602 autem
1080 1571 1270 1618 tempus,
1316 1560 1435 1615 quod
1477 1561 1738 1615 insequitur,
1788 1560 2029 1616 angustius,
2081 1560 2148 1602 vel

189 1658 328 1699 quum
362 1658 437 1699 per
467 1642 730 1683 contrarium
765 1641 959 1682 ordinem
990 1651 1184 1697 tempora
1214 1641 1431 1697 praedicta
1464 1650 1708 1682 vertuntur.

263 1775 390 1822 podica]
416 1777 490 1808 IIoc
509 1787 636 1821 quoquc
660 1787 699 1807 cx
719 1773 864 1806 Aristide
890 1776 932 1818 (p.
949 1776 1022 1819 51).
1047 1774 1143 1807 Adde

190 1838 349 1871 Isidorum
371 1839 464 1882 (orig.
488 1840 520 1878 1,
544 1839 600 1878 17,
625 1838 663 1878 13
689 1838 776 1881 p.25
796 1836 917 1879 Aren).
943 1837 1146 1869 Plura-dabit

190 1900 375 1932 Boeckhius
397 1900 449 1943 (dc
474 1905 563 1930 metr.
582 1899 677 1930 Pind.
699 1912 731 1942 p.
749 1900 793 1930 15
820 1899 932 1942 sequ).

264 1962 411 2008 elevatio]
429 1962 485 1995 Sic
502 1963 583 1994 male
597 1962 647 1994 hic
664 1974 784 1994 omncS.
810 1962 1022 1994 Scrihendum
1037 1963 1145 2001 elatio,

190 2027 278 2071 quod
307 2034 393 2059 recte
423 2027 541 2070 ubique
565 2026 720 2070 seqnitur.
753 2026 910 2069 Quamvis
933 2026 1081 2058 Latinius
1104 2026 1146 2057 sit

192 2092 349 2129 sublatio,
375 2090 461 2133 quod
479 2090 549 2121 aliis
577 2090 760 2122 auctoribus
782 2101 839 2133 pro
862 2090 923 2121 isto
948 2096 1145 2134 usurpatum.

190 2153 389 2186 Mnmou.—-
407 2151 625 2184 sublationem
647 2151 818 2194 appellavit.
839 2152 1078 2195 Quinctilianus
1097 2153 1145 2195 (9,

192 2215 233 2254 ll,
260 2214 326 2254 483
353 2226 384 2257 p.
403 2213 506 2256 55G);
534 2213 589 2244 scd
613 2212 757 2244 Isidorus
783 2214 834 2256 (l,
868 2215 929 2253 17,
957 2214 1018 2256 21)
1043 2215 1145 2245 eleva·

194 2278 328 2314 tionem,
354 2280 389 2306 ut
409 2286 469 2306 nce
492 2274 747 2318 reprehendendi
771 2286 830 2307 nec
851 2275 994 2307 nudandi
1017 2287 1146 2308 causam

194 2337 225 2369 in
249 2342 359 2368 nostro
386 2336 522 2370 videam.

268 2413 377 2432 eorum
395 2398 508 2445 pares]
536 2399 676 2433 Codices
698 2398 902 2432 Monacensis
923 2401 988 2444 (C)
1016 2407 1048 2434 ct
1068 2401 1148 2433 Mei-

195 2463 362 2496 bomianus
383 2470 515 2507 uterquc
541 2464 661 2495 addunt
682 2465 822 2507 epitriti,
843 2465 927 2508 quod
949 2471 1054 2497 tamen
1072 2465 1147 2497 ferri

194 2526 321 2569 nequit,
344 2524 406 2556 nisi
430 2524 594 2569 praeterea
620 2532 650 2558 et
672 2526 825 2557 inscrtum
848 2526 952 2557 suerit.
979 2527 1146 2558 Paeonum

196 2586 280 2619 enim
311 2599 374 2619 non
402 2587 518 2630 epitriti
553 2587 608 2619 sed
633 2586 741 2620 cretici
766 2599 859 2632 pares
891 2593 964 2619 sunt
991 2587 1032 2632 (ἓ.
1050 2589 1147 2632 990).

1195 1775 1389 1819 Quanquam
1412 1775 1642 1819 incompositos
1666 1775 1759 1807 etiam
1785 1787 1927 1821 paeones
1946 1787 2018 1808 esse
2041 1782 2153 1808 noster

1195 1837 1264 1881 ipsc
1289 1838 1434 1879 agnoscit
1456 1837 1498 1881 (ξ.
1518 1838 1615 1881 989).

1270 1900 1396 1946 aloqos]
1430 1900 1593 1933 Aristides
1625 1901 1863 1945 Quinctilianns
1888 1902 1935 1946 (p.
1952 1903 2000 1934 55
2018 1902 2151 1945 Meib.)2

1197 1963 1276 1997 ἔστι
1301 1961 1342 1998 δὲ
1365 1961 1428 1997 καὶ
1451 1960 1550 1997 ἄλλα
1572 1961 1666 2009 γένη
1691 1959 1790 2010 ἅπερ
1815 1960 1939 2008 ἄλογα
1964 1964 2148 2007 καλεῖται,

1196 2022 1293 2069 οὐχὶ
1309 2024 1365 2072 τῷ
1381 2023 1529 2070 μηδένα
1546 2021 1665 2070 λόγον
1681 2026 1800 2069 ἔχειν,
1825 2022 1926 2059 ἀλλὰ
1939 2024 1995 2072 τῷ
2013 2023 2148 2072 μηδενὶ

1195 2085 1277 2120 τῶν
1297 2085 1587 2133 προειρημένων
1603 2083 1732 2133 λόγων
1743 2086 1893 2126 οἰκείως
1910 2088 2027 2132 ἔχειν,
2050 2084 2148 2122 κατὰ

1196 2145 1389 2196 ἀριθμοὺς
1419 2148 1460 2184 δὲ
1493 2148 1643 2193 μᾶλλον
1670 2145 1697 2195 ἢ
1733 2146 1832 2183 κατὰ
1860 2150 1945 2196 γείὃη
1973 2146 2146 2195 ῥυθμικοὶ

1197 2208 1338 2250 σώζειν
1366 2207 1438 2250 τὰς
1461 2207 1687 2255 ἀναλογίας.
1725 2210 1825 2242 Plura
1853 2210 1939 2241 dabit
1964 2210 2147 2243 Boeelahius

1196 2274 1250 2318 (dc
1268 2279 1357 2305 metr.
1372 2274 1466 2306 Pind.
1489 2287 1522 2318 p.
1536 2274 1607 2317 59).
1633 2272 1729 2305 Adde
1749 2273 1968 2305 (ladon-edum
1991 2275 2147 2308 Herman-

1196 2350 1271 2370 num
1296 2336 1404 2380 (clem.
1424 2337 1523 2369 doctr.
1547 2342 1636 2368 metr.
1659 2349 1690 2380 p.
1703 2336 1775 2378 20).

1268 2411 1327 2442 per
1349 2396 1590 2442 oppositionem]
1619 2397 1675 2430 Sic
1694 2398 1820 2430 codices
1838 2404 1870 2429 ct
1890 2399 2095 2432 Meibomiani
2113 2406 2147 2432 et

1197 2460 1300 2493 nostri
1326 2459 1617 2500 Reichenauensis,
1656 2459 1936 2502 Darmstattensis,
1973 2466 2005 2493 et
2033 2462 2145 2494 Mona-

1198 2524 1302 2557 censis
1318 2524 1390 2567 (C);
1417 2523 1512 2565 vulgo
1537 2525 1730 2567 oppositum,
1754 2524 1839 2568 quod
1857 2524 1923 2567 jam
1948 2537 1987 2557 cx
2004 2525 2144 2558 inferiori

1197 2587 1269 2620 loco
1295 2584 1336 2630 (§.
1352 2586 1439 2630 980)
1464 2585 1684 2628 corrigendum
1708 2591 1786 2621 crat.
