<?xml version="1.0" encoding="UTF-8"?>
<!DOCTYPE html PUBLIC "-//W3C//DTD XHTML 1.0 Transitional//EN"
    "http://www.w3.org/TR/xhtml1/DTD/xhtml1-transitional.dtd">
<html xmlns="http://www.w3.org/1999/xhtml" xml:lang="en" lang="en">
 <head>
  <title>
</title>
<meta http-equiv="Content-Type" content="text/html;charset=utf-8" />
  <meta name='ocr-system' content='tesseract 3.04.00' />
  <meta name='ocr-capabilities' content='ocr_page ocr_carea ocr_par ocr_line ocrx_word'/>
</head>
<body>
  <div class='ocr_page' id='page_1' title='image "./denuptiisphilolo00martuoft/denuptiisphilolo00martuoft_0466.png"; bbox 0 0 2310 2860; ppageno 0'>
   <div class='ocr_carea' id='block_1_1' title="bbox 61 351 148 393">
    <p class='ocr_par' dir='ltr' id='par_1_1' title="bbox 61 351 148 393">
     <span class='ocr_line' id='line_1_1' title="bbox 61 351 148 393; baseline -0.023 0"><span class='ocrx_word' id='word_1_1' title='bbox 61 351 148 393; x_wconf 71' lang='lat'>507</span> 
     </span>
    </p>
   </div>
   <div class='ocr_carea' id='block_1_2' title="bbox 50 1189 138 1232">
    <p class='ocr_par' dir='ltr' id='par_1_2' title="bbox 50 1189 138 1232">
     <span class='ocr_line' id='line_1_2' title="bbox 50 1189 138 1232; baseline 0 -1"><span class='ocrx_word' id='word_1_2' title='bbox 50 1189 138 1232; x_wconf 75' lang='lat'>508</span> 
     </span>
    </p>
   </div>
   <div class='ocr_carea' id='block_1_3' title="bbox 178 153 1542 213">
    <p class='ocr_par' dir='ltr' id='par_1_3' title="bbox 178 153 1542 213">
     <span class='ocr_line' id='line_1_3' title="bbox 178 153 1542 213; baseline -0.007 -6"><span class='ocrx_word' id='word_1_3' title='bbox 178 164 269 207; x_wconf 80' lang='lat'>456</span> <span class='ocrx_word' id='word_1_4' title='bbox 754 157 952 200; x_wconf 88' lang='lat' dir='ltr'>Martiani</span> <span class='ocrx_word' id='word_1_5' title='bbox 982 156 1182 213; x_wconf 82' lang='lat' dir='ltr'>Capellae</span> <span class='ocrx_word' id='word_1_6' title='bbox 1210 155 1284 197; x_wconf 87' lang='lat' dir='ltr'>lib.</span> <span class='ocrx_word' id='word_1_7' title='bbox 1303 153 1358 197; x_wconf 88' lang='lat' dir='ltr'>V.</span> <span class='ocrx_word' id='word_1_8' title='bbox 1388 157 1419 207; x_wconf 87' lang='lat'>§.</span> <span class='ocrx_word' id='word_1_9' title='bbox 1441 154 1542 197; x_wconf 76' lang='lat'>506.</span> 
     </span>
    </p>
   </div>
   <div class='ocr_carea' id='block_1_4' title="bbox 180 261 2123 388">
    <p class='ocr_par' dir='ltr' id='par_1_4' title="bbox 180 261 2123 388">
     <span class='ocr_line' id='line_1_4' title="bbox 180 261 2123 320; baseline -0.002 -7"><span class='ocrx_word' id='word_1_10' title='bbox 180 272 358 313; x_wconf 86' lang='lat' dir='ltr'>refutata</span> <span class='ocrx_word' id='word_1_11' title='bbox 376 277 473 310; x_wconf 87' lang='lat' dir='ltr'>sunt</span> <span class='ocrx_word' id='word_1_12' title='bbox 498 267 695 317; x_wconf 86' lang='lat' dir='ltr'>crimina,</span> <span class='ocrx_word' id='word_1_13' title='bbox 725 280 836 320; x_wconf 86' lang='lat' dir='ltr'>quae</span> <span class='ocrx_word' id='word_1_14' title='bbox 860 274 1002 306; x_wconf 87' lang='lat' dir='ltr'>secuta</span> <span class='ocrx_word' id='word_1_15' title='bbox 1031 272 1127 304; x_wconf 87' lang='lat' dir='ltr'>sunt</span> <span class='ocrx_word' id='word_1_16' title='bbox 1153 261 1440 313; x_wconf 83' lang='lat' dir='ltr'>tribunatum,</span> <span class='ocrx_word' id='word_1_17' title='bbox 1484 271 1577 318; x_wconf 85' lang='lat' dir='ltr'>post</span> <span class='ocrx_word' id='word_1_18' title='bbox 1609 261 1660 303; x_wconf 87' lang='lat' dir='ltr'>ad</span> <span class='ocrx_word' id='word_1_19' title='bbox 1687 263 1828 318; x_wconf 91' lang='lat' dir='ltr'>ipsum</span> <span class='ocrx_word' id='word_1_20' title='bbox 1858 267 2123 309; x_wconf 84' lang='lat' dir='ltr'>tribunatum</span> 
     </span>
     <span class='ocr_line' id='line_1_5' title="bbox 2074 348 2121 388; baseline 0 0"><span class='ocrx_word' id='word_1_21' title='bbox 2074 348 2121 388; x_wconf 91' lang='lat' dir='ltr'>In</span> 
     </span>
    </p>
   </div>
   <div class='ocr_carea' id='block_1_5' title="bbox 178 426 2124 483">
    <p class='ocr_par' dir='ltr' id='par_1_5' title="bbox 178 426 2124 483">
     <span class='ocr_line' id='line_1_6' title="bbox 178 426 2124 483; baseline -0.001 -11"><span class='ocrx_word' id='word_1_22' title='bbox 178 433 359 474; x_wconf 82' lang='lat' dir='ltr'><strong>Verrem</strong></span> <span class='ocrx_word' id='word_1_23' title='bbox 398 439 539 470; x_wconf 88' lang='lat' dir='ltr'>autem</span> <span class='ocrx_word' id='word_1_24' title='bbox 573 428 810 469; x_wconf 78' lang='lat' dir='ltr'>naturalem</span> <span class='ocrx_word' id='word_1_25' title='bbox 843 436 1086 482; x_wconf 88' lang='lat' dir='ltr'>temporum</span> <span class='ocrx_word' id='word_1_26' title='bbox 1120 426 1313 467; x_wconf 86' lang='lat' dir='ltr'>ordinem</span> <span class='ocrx_word' id='word_1_27' title='bbox 1347 426 1499 478; x_wconf 86' lang='lat' dir='ltr'>tenuit,</span> <span class='ocrx_word' id='word_1_28' title='bbox 1534 436 1581 466; x_wconf 91' lang='lat' dir='ltr'>ut</span> <span class='ocrx_word' id='word_1_29' title='bbox 1610 426 1801 482; x_wconf 88' lang='lat' dir='ltr'>primum</span> <span class='ocrx_word' id='word_1_30' title='bbox 1837 437 2124 483; x_wconf 81' lang='lat' dir='ltr'>quaesturam,</span> 
     </span>
    </p>
   </div>
   <div class='ocr_carea' id='block_1_6' title="bbox 178 343 2011 404">
    <p class='ocr_par' dir='ltr' id='par_1_6' title="bbox 178 343 2011 404">
     <span class='ocr_line' id='line_1_7' title="bbox 178 343 2011 404; baseline -0.003 -11"><span class='ocrx_word' id='word_1_31' title='bbox 178 366 373 394; x_wconf 72' lang='lat' dir='ltr'>recursus</span> <span class='ocrx_word' id='word_1_32' title='bbox 413 359 472 391; x_wconf 90' lang='lat' dir='ltr'>est</span> <span class='ocrx_word' id='word_1_33' title='bbox 505 350 662 402; x_wconf 72' lang='lat' dir='ltr'>factus,</span> <span class='ocrx_word' id='word_1_34' title='bbox 712 363 822 404; x_wconf 89' lang='lat' dir='ltr'>quae</span> <span class='ocrx_word' id='word_1_35' title='bbox 864 347 1079 403; x_wconf 84' lang='lat' dir='ltr'>dispositio</span> <span class='ocrx_word' id='word_1_36' title='bbox 1124 343 1368 395; x_wconf 79' lang='lat' dir='ltr'>artificialis,</span> <span class='ocrx_word' id='word_1_37' title='bbox 1412 353 1460 384; x_wconf 90' lang='lat' dir='ltr'>ut</span> <span class='ocrx_word' id='word_1_38' title='bbox 1492 343 1702 395; x_wconf 83' lang='lat' dir='ltr'>diximus,</span> <span class='ocrx_word' id='word_1_39' title='bbox 1755 346 2011 388; x_wconf 82' lang='lat' dir='ltr'>nominatur.</span> 
     </span>
    </p>
   </div>
   <div class='ocr_carea' id='block_1_7' title="bbox 173 507 2127 889">
    <p class='ocr_par' dir='ltr' id='par_1_7' title="bbox 173 507 2127 889">
     <span class='ocr_line' id='line_1_8' title="bbox 176 507 2124 566; baseline -0.002 -12"><span class='ocrx_word' id='word_1_40' title='bbox 176 523 268 555; x_wconf 89' lang='lat' dir='ltr'>tum</span> <span class='ocrx_word' id='word_1_41' title='bbox 292 511 564 566; x_wconf 78' lang='lat' dir='ltr'>legationem,</span> <span class='ocrx_word' id='word_1_42' title='bbox 599 509 751 550; x_wconf 87' lang='lat' dir='ltr'>deinde</span> <span class='ocrx_word' id='word_1_43' title='bbox 777 509 882 549; x_wconf 87' lang='lat' dir='ltr'>duas</span> <span class='ocrx_word' id='word_1_44' title='bbox 908 508 945 548; x_wconf 92' lang='lat' dir='ltr'>ei</span> <span class='ocrx_word' id='word_1_45' title='bbox 970 517 1189 563; x_wconf 85' lang='lat' dir='ltr'>praeturas</span> <span class='ocrx_word' id='word_1_46' title='bbox 1223 507 1444 561; x_wconf 82' lang='lat' dir='ltr'>objiceret,</span> <span class='ocrx_word' id='word_1_47' title='bbox 1476 517 1642 550; x_wconf 85' lang='lat' dir='ltr'>servata</span> <span class='ocrx_word' id='word_1_48' title='bbox 1668 517 1914 564; x_wconf 88' lang='lat' dir='ltr'>temporum</span> <span class='ocrx_word' id='word_1_49' title='bbox 1946 510 2124 563; x_wconf 82' lang='lat' dir='ltr'>ratione3</span> 
     </span>
     <span class='ocr_line' id='line_1_9' title="bbox 178 589 2127 649; baseline 0 -16"><span class='ocrx_word' id='word_1_50' title='bbox 178 607 332 649; x_wconf 89' lang='lat' dir='ltr'>quam,</span> <span class='ocrx_word' id='word_1_51' title='bbox 367 592 443 632; x_wconf 86' lang='lat' dir='ltr'>nisi</span> <span class='ocrx_word' id='word_1_52' title='bbox 475 606 626 632; x_wconf 85' lang='lat' dir='ltr'>causae</span> <span class='ocrx_word' id='word_1_53' title='bbox 657 599 864 646; x_wconf 81' lang='lat' dir='ltr'><strong>repugnet</strong></span> <span class='ocrx_word' id='word_1_54' title='bbox 898 589 1073 640; x_wconf 79' lang='lat' dir='ltr'>utilitas,</span> <span class='ocrx_word' id='word_1_55' title='bbox 1112 590 1346 631; x_wconf 85' lang='lat' dir='ltr'>necessario</span> <span class='ocrx_word' id='word_1_56' title='bbox 1379 604 1709 646; x_wconf 82' lang='lat' dir='ltr'>prosequemur.</span> <span class='ocrx_word' id='word_1_57' title='bbox 1767 591 1822 631; x_wconf 89' lang='lat' dir='ltr'>At</span> <span class='ocrx_word' id='word_1_58' title='bbox 1850 590 1923 632; x_wconf 86' lang='lat' dir='ltr'>ubi</span> <span class='ocrx_word' id='word_1_59' title='bbox 1964 590 2127 644; x_wconf 85' lang='lat' dir='ltr'>majora</span> 
     </span>
     <span class='ocr_line' id='line_1_10' title="bbox 176 669 2123 730; baseline -0.002 -16"><span class='ocrx_word' id='word_1_60' title='bbox 176 688 376 728; x_wconf 87' lang='lat' dir='ltr'>quaeque</span> <span class='ocrx_word' id='word_1_61' title='bbox 406 674 671 730; x_wconf 88' lang='lat' dir='ltr'>potissimum</span> <span class='ocrx_word' id='word_1_62' title='bbox 699 682 738 713; x_wconf 94' lang='lat' dir='ltr'>et</span> <span class='ocrx_word' id='word_1_63' title='bbox 761 671 1035 713; x_wconf 84' lang='lat' dir='ltr'>invidiosiora</span> <span class='ocrx_word' id='word_1_64' title='bbox 1067 669 1290 726; x_wconf 82' lang='lat' dir='ltr'>purganda</span> <span class='ocrx_word' id='word_1_65' title='bbox 1319 680 1436 721; x_wconf 89' lang='lat' dir='ltr'>sunt,</span> <span class='ocrx_word' id='word_1_66' title='bbox 1473 670 1524 710; x_wconf 85' lang='lat' dir='ltr'>ab</span> <span class='ocrx_word' id='word_1_67' title='bbox 1555 669 1619 710; x_wconf 86' lang='lat' dir='ltr'>his</span> <span class='ocrx_word' id='word_1_68' title='bbox 1648 670 1832 710; x_wconf 82' lang='lat' dir='ltr'>sumitur</span> <span class='ocrx_word' id='word_1_69' title='bbox 1862 669 2123 711; x_wconf 81' lang='lat' dir='ltr'>refutationis</span> 
     </span>
     <span class='ocr_line' id='line_1_11' title="bbox 174 750 2126 811; baseline -0.003 -15"><span class='ocrx_word' id='word_1_70' title='bbox 174 755 422 807; x_wconf 79' lang='lat' dir='ltr'>exordium3</span> <span class='ocrx_word' id='word_1_71' title='bbox 472 765 518 796; x_wconf 89' lang='lat' dir='ltr'>ut</span> <span class='ocrx_word' id='word_1_72' title='bbox 552 770 629 811; x_wconf 87' lang='lat' dir='ltr'>pro</span> <span class='ocrx_word' id='word_1_73' title='bbox 664 754 857 795; x_wconf 89' lang='lat' dir='ltr'>Cluentio</span> <span class='ocrx_word' id='word_1_74' title='bbox 890 754 1158 809; x_wconf 83' lang='lat' dir='ltr'>conjecturae</span> <span class='ocrx_word' id='word_1_75' title='bbox 1196 752 1388 809; x_wconf 83' lang='lat' dir='ltr'>partibus</span> <span class='ocrx_word' id='word_1_76' title='bbox 1422 750 1625 806; x_wconf 81' lang='lat' dir='ltr'>expeditis</span> <span class='ocrx_word' id='word_1_77' title='bbox 1665 750 1717 791; x_wconf 86' lang='lat' dir='ltr'>ad</span> <span class='ocrx_word' id='word_1_78' title='bbox 1753 751 2126 807; x_wconf 83' lang='lat' dir='ltr'>praescriptionem</span> 
     </span>
     <span class='ocr_line' id='line_1_12' title="bbox 173 832 2125 889; baseline -0.001 -15"><span class='ocrx_word' id='word_1_79' title='bbox 173 834 272 889; x_wconf 79' lang='lat' dir='ltr'>legis</span> <span class='ocrx_word' id='word_1_80' title='bbox 311 833 499 885; x_wconf 88' lang='lat' dir='ltr'>accessit,</span> <span class='ocrx_word' id='word_1_81' title='bbox 555 833 701 874; x_wconf 88' lang='lat' dir='ltr'>ordine</span> <span class='ocrx_word' id='word_1_82' title='bbox 745 833 940 875; x_wconf 87' lang='lat' dir='ltr'>videlicet</span> <span class='ocrx_word' id='word_1_83' title='bbox 982 844 1262 887; x_wconf 87' lang='lat' dir='ltr'>commutato,</span> <span class='ocrx_word' id='word_1_84' title='bbox 1314 849 1368 876; x_wconf 92' lang='lat' dir='ltr'>ne</span> <span class='ocrx_word' id='word_1_85' title='bbox 1405 834 1439 875; x_wconf 90' lang='lat' dir='ltr'>si</span> <span class='ocrx_word' id='word_1_86' title='bbox 1484 833 1731 875; x_wconf 85' lang='lat' dir='ltr'>Cluentium</span> <span class='ocrx_word' id='word_1_87' title='bbox 1770 833 1871 889; x_wconf 85' lang='lat' dir='ltr'>legis</span> <span class='ocrx_word' id='word_1_88' title='bbox 1901 832 2125 875; x_wconf 83' lang='lat' dir='ltr'>assertione</span> 
     </span>
    </p>
   </div>
   <div class='ocr_carea' id='block_1_8' title="bbox 171 912 1359 972">
    <p class='ocr_par' dir='ltr' id='par_1_8' title="bbox 171 912 1359 972">
     <span class='ocr_line' id='line_1_13' title="bbox 171 912 1359 972; baseline -0.003 -15"><span class='ocrx_word' id='word_1_89' title='bbox 171 915 436 969; x_wconf 82' lang='lat' dir='ltr'>defenderet,</span> <span class='ocrx_word' id='word_1_90' title='bbox 480 915 626 972; x_wconf 84' lang='lat' dir='ltr'>fugere</span> <span class='ocrx_word' id='word_1_91' title='bbox 661 929 835 957; x_wconf 87' lang='lat' dir='ltr'>causam</span> <span class='ocrx_word' id='word_1_92' title='bbox 868 914 1101 957; x_wconf 86' lang='lat' dir='ltr'>diffidentia</span> <span class='ocrx_word' id='word_1_93' title='bbox 1130 912 1359 956; x_wconf 86' lang='lat' dir='ltr'>videretur.</span> 
     </span>
    </p>
   </div>
   <div class='ocr_carea' id='block_1_9' title="bbox 887 1082 1407 1126">
    <p class='ocr_par' dir='ltr' id='par_1_9' title="bbox 887 1082 1407 1126">
     <span class='ocr_line' id='line_1_14' title="bbox 887 1082 1407 1126; baseline -0.004 -1"><span class='ocrx_word' id='word_1_94' title='bbox 887 1084 967 1125; x_wconf 91' lang='lat' dir='ltr'>DE</span> <span class='ocrx_word' id='word_1_95' title='bbox 1004 1082 1407 1126; x_wconf 87' lang='lat' dir='ltr'>ELOCUTIONE.</span> 
     </span>
    </p>
   </div>
   <div class='ocr_carea' id='block_1_10' title="bbox 170 1187 2126 1407">
    <p class='ocr_par' dir='ltr' id='par_1_10' title="bbox 170 1187 2126 1407">
     <span class='ocr_line' id='line_1_15' title="bbox 338 1187 2121 1245; baseline -0.002 -14"><span class='ocrx_word' id='word_1_96' title='bbox 338 1190 519 1231; x_wconf 88' lang='lat' dir='ltr'>Duabus</span> <span class='ocrx_word' id='word_1_97' title='bbox 559 1189 624 1231; x_wconf 88' lang='lat' dir='ltr'>his</span> <span class='ocrx_word' id='word_1_98' title='bbox 662 1189 788 1231; x_wconf 87' lang='lat' dir='ltr'>officii</span> <span class='ocrx_word' id='word_1_99' title='bbox 827 1190 1016 1245; x_wconf 89' lang='lat' dir='ltr'>partibus</span> <span class='ocrx_word' id='word_1_100' title='bbox 1054 1188 1275 1238; x_wconf 86' lang='lat' dir='ltr'>absolutis,</span> <span class='ocrx_word' id='word_1_101' title='bbox 1331 1187 1577 1228; x_wconf 86' lang='lat' dir='ltr'>elocutionis</span> <span class='ocrx_word' id='word_1_102' title='bbox 1625 1201 1729 1229; x_wconf 87' lang='lat' dir='ltr'>cura</span> <span class='ocrx_word' id='word_1_103' title='bbox 1767 1196 1827 1228; x_wconf 88' lang='lat' dir='ltr'>est</span> <span class='ocrx_word' id='word_1_104' title='bbox 1863 1187 2121 1240; x_wconf 75' lang='lat' dir='ltr'>intimanda,</span> 
     </span>
     <span class='ocr_line' id='line_1_16' title="bbox 172 1268 2126 1327; baseline -0.002 -14"><span class='ocrx_word' id='word_1_105' title='bbox 172 1286 283 1327; x_wconf 83' lang='lat' dir='ltr'>quae</span> <span class='ocrx_word' id='word_1_106' title='bbox 307 1286 444 1326; x_wconf 87' lang='lat' dir='ltr'>quum</span> <span class='ocrx_word' id='word_1_107' title='bbox 469 1281 625 1312; x_wconf 89' lang='lat' dir='ltr'>constet</span> <span class='ocrx_word' id='word_1_108' title='bbox 646 1271 689 1311; x_wconf 89' lang='lat' dir='ltr'>in</span> <span class='ocrx_word' id='word_1_109' title='bbox 715 1271 980 1326; x_wconf 83' lang='lat' dir='ltr'>singulorum</span> <span class='ocrx_word' id='word_1_110' title='bbox 1006 1268 1374 1311; x_wconf 86' lang='lat' dir='ltr'>animadversione</span> <span class='ocrx_word' id='word_1_111' title='bbox 1394 1269 1645 1319; x_wconf 87' lang='lat' dir='ltr'>verborum,</span> <span class='ocrx_word' id='word_1_112' title='bbox 1673 1269 1755 1309; x_wconf 89' lang='lat' dir='ltr'>hoc</span> <span class='ocrx_word' id='word_1_113' title='bbox 1780 1269 1832 1309; x_wconf 87' lang='lat' dir='ltr'>ab</span> <span class='ocrx_word' id='word_1_114' title='bbox 1860 1269 2126 1324; x_wconf 86' lang='lat' dir='ltr'>eloquentiae</span> 
     </span>
     <span class='ocr_line' id='line_1_17' title="bbox 170 1333 2125 1407; baseline -0.003 -13"><span class='ocrx_word' id='word_1_115' title='bbox 170 1354 341 1395; x_wconf 90' lang='lat' dir='ltr'>nomine</span> <span class='ocrx_word' id='word_1_116' title='bbox 363 1361 605 1407; x_wconf 86' lang='lat' dir='ltr'>separatur,</span> <span class='ocrx_word' id='word_1_117' title='bbox 638 1351 754 1406; x_wconf 88' lang='lat' dir='ltr'>quod</span> <span class='ocrx_word' id='word_1_118' title='bbox 784 1351 855 1391; x_wconf 87' lang='lat' dir='ltr'>illa</span> <span class='ocrx_word' id='word_1_119' title='bbox 880 1351 1004 1391; x_wconf 89' lang='lat' dir='ltr'>totius</span> <span class='ocrx_word' id='word_1_120' title='bbox 1036 1350 1173 1405; x_wconf 86' lang='lat' dir='ltr'>operis</span> <span class='ocrx_word' id='word_1_121' title='bbox 1206 1333 1378 1390; x_wconf 67' lang='lat' dir='ltr'>ora&#39;torii</span> <span class='ocrx_word' id='word_1_122' title='bbox 1407 1349 1540 1389; x_wconf 85' lang='lat' dir='ltr'>virtus</span> <span class='ocrx_word' id='word_1_123' title='bbox 1565 1358 1644 1399; x_wconf 87' lang='lat' dir='ltr'>est,</span> <span class='ocrx_word' id='word_1_124' title='bbox 1676 1348 1782 1389; x_wconf 85' lang='lat' dir='ltr'>haee</span> <span class='ocrx_word' id='word_1_125' title='bbox 1809 1363 1906 1404; x_wconf 89' lang='lat' dir='ltr'>pars</span> <span class='ocrx_word' id='word_1_126' title='bbox 1943 1349 2125 1390; x_wconf 86' lang='lat' dir='ltr'>habetur</span> 
     </span>
    </p>
   </div>
   <div class='ocr_carea' id='block_1_11' title="bbox 1223 1398 1252 1437">
    <p class='ocr_par' dir='ltr' id='par_1_11' title="bbox 1223 1398 1252 1437">
     <span class='ocr_line' id='line_1_18' title="bbox 1223 1398 1252 1437; baseline 0 -2"><span class='ocrx_word' id='word_1_127' title='bbox 1223 1398 1252 1437; x_wconf 58' lang='lat' dir='ltr'>Q</span> 
     </span>
    </p>
   </div>
   <div class='ocr_carea' id='block_1_12' title="bbox 167 1429 2124 1488">
    <p class='ocr_par' dir='ltr' id='par_1_12' title="bbox 167 1429 2124 1488">
     <span class='ocr_line' id='line_1_19' title="bbox 167 1429 2124 1488; baseline -0.003 -13"><span class='ocrx_word' id='word_1_128' title='bbox 167 1433 304 1475; x_wconf 87' lang='lat' dir='ltr'>officii.</span> <span class='ocrx_word' id='word_1_129' title='bbox 345 1433 478 1487; x_wconf 84' lang='lat' dir='ltr'>Cujus</span> <span class='ocrx_word' id='word_1_130' title='bbox 506 1433 653 1474; x_wconf 85' lang='lat' dir='ltr'>Cicero</span> <span class='ocrx_word' id='word_1_131' title='bbox 679 1432 766 1473; x_wconf 88' lang='lat' dir='ltr'>duo</span> <span class='ocrx_word' id='word_1_132' title='bbox 793 1432 914 1488; x_wconf 83' lang='lat' dir='ltr'>quasi</span> <span class='ocrx_word' id='word_1_133' title='bbox 942 1431 1242 1484; x_wconf 77' lang='lat' dir='ltr'>fundamenta,</span> <span class='ocrx_word' id='word_1_134' title='bbox 1272 1429 1358 1472; x_wconf 89' lang='lat' dir='ltr'>duo</span> <span class='ocrx_word' id='word_1_135' title='bbox 1386 1429 1483 1471; x_wconf 90' lang='lat' dir='ltr'>dicit</span> <span class='ocrx_word' id='word_1_136' title='bbox 1508 1445 1597 1470; x_wconf 88' lang='lat' dir='ltr'>esse</span> <span class='ocrx_word' id='word_1_137' title='bbox 1624 1429 1796 1485; x_wconf 78' lang='lat' dir='ltr'>fastigia.</span> <span class='ocrx_word' id='word_1_138' title='bbox 1827 1429 2124 1472; x_wconf 82' lang='lat' dir='ltr'>Fundamenta</span> 
     </span>
    </p>
   </div>
   <div class='ocr_carea' id='block_1_13' title="bbox 165 1588 1119 1635">
    <p class='ocr_par' dir='ltr' id='par_1_13' title="bbox 165 1588 1119 1635">
     <span class='ocr_line' id='line_1_20' title="bbox 165 1588 1119 1635; baseline -0.004 -12"><span class='ocrx_word' id='word_1_139' title='bbox 165 1591 248 1635; x_wconf 84' lang='lat' dir='ltr'>(cap.</span> <span class='ocrx_word' id='word_1_140' title='bbox 267 1590 318 1633; x_wconf 77' lang='lat'>5),</span> <span class='ocrx_word' id='word_1_141' title='bbox 339 1595 371 1621; x_wconf 87' lang='lat' dir='ltr'>et</span> <span class='ocrx_word' id='word_1_142' title='bbox 391 1589 452 1622; x_wconf 88' lang='lat' dir='ltr'>Cn.</span> <span class='ocrx_word' id='word_1_143' title='bbox 473 1589 664 1632; x_wconf 85' lang='lat' dir='ltr'>Pompejum</span> <span class='ocrx_word' id='word_1_144' title='bbox 691 1588 857 1631; x_wconf 81' lang='lat' dir='ltr'>rogati0ne</span> <span class='ocrx_word' id='word_1_145' title='bbox 884 1600 941 1620; x_wconf 85' lang='lat' dir='ltr'>sua</span> <span class='ocrx_word' id='word_1_146' title='bbox 963 1593 995 1620; x_wconf 89' lang='lat' dir='ltr'>et</span> <span class='ocrx_word' id='word_1_147' title='bbox 1022 1589 1061 1620; x_wconf 90' lang='lat' dir='ltr'>de</span> <span class='ocrx_word' id='word_1_148' title='bbox 1085 1600 1119 1620; x_wconf 86' lang='lat' dir='ltr'>re</span> 
     </span>
    </p>
   </div>
   <div class='ocr_carea' id='block_1_14' title="bbox 166 1650 1117 1758">
    <p class='ocr_par' dir='ltr' id='par_1_14' title="bbox 166 1650 1117 1758">
     <span class='ocr_line' id='line_1_21' title="bbox 166 1650 694 1693; baseline -0.004 -10"><span class='ocrx_word' id='word_1_149' title='bbox 166 1652 253 1683; x_wconf 84' lang='lat' dir='ltr'>etde</span> <span class='ocrx_word' id='word_1_150' title='bbox 277 1663 373 1684; x_wconf 83' lang='lat' dir='ltr'>causa</span> <span class='ocrx_word' id='word_1_151' title='bbox 391 1651 555 1692; x_wconf 83' lang='lat' dir='ltr'>judicasse</span> <span class='ocrx_word' id='word_1_152' title='bbox 579 1650 619 1693; x_wconf 89' lang='lat' dir='ltr'>(e.</span> <span class='ocrx_word' id='word_1_153' title='bbox 647 1650 694 1692; x_wconf 83' lang='lat' dir='ltr'>G).</span> 
     </span>
     <span class='ocr_line' id='line_1_22' title="bbox 240 1711 1117 1758; baseline -0.005 -12"><span class='ocrx_word' id='word_1_154' title='bbox 240 1720 276 1746; x_wconf 83' lang='lat' dir='ltr'>ut</span> <span class='ocrx_word' id='word_1_155' title='bbox 299 1726 357 1756; x_wconf 85' lang='lat' dir='ltr'>pro</span> <span class='ocrx_word' id='word_1_156' title='bbox 379 1712 539 1758; x_wconf 80' lang='lat' dir='ltr'>Cluentio]</span> <span class='ocrx_word' id='word_1_157' title='bbox 573 1714 615 1745; x_wconf 84' lang='lat' dir='ltr'>Ut</span> <span class='ocrx_word' id='word_1_158' title='bbox 635 1712 753 1744; x_wconf 87' lang='lat' dir='ltr'>inserui</span> <span class='ocrx_word' id='word_1_159' title='bbox 775 1724 792 1743; x_wconf 86' lang='lat' dir='ltr'>e</span> <span class='ocrx_word' id='word_1_160' title='bbox 812 1711 921 1743; x_wconf 86' lang='lat' dir='ltr'>codiee</span> <span class='ocrx_word' id='word_1_161' title='bbox 940 1711 1117 1742; x_wconf 76' lang='lat' dir='ltr'>Dal-instat-</span> 
     </span>
    </p>
   </div>
   <div class='ocr_carea' id='block_1_15' title="bbox 157 1773 1117 2568">
    <p class='ocr_par' dir='ltr' id='par_1_15' title="bbox 162 1773 1117 2378">
     <span class='ocr_line' id='line_1_23' title="bbox 164 1773 1117 1818; baseline -0.001 -12"><span class='ocrx_word' id='word_1_162' title='bbox 164 1775 259 1815; x_wconf 84' lang='lat' dir='ltr'>tensi,</span> <span class='ocrx_word' id='word_1_163' title='bbox 281 1780 508 1818; x_wconf 84' lang='lat' dir='ltr'>praetereaque</span> <span class='ocrx_word' id='word_1_164' title='bbox 524 1774 796 1806; x_wconf 74' lang='lat' dir='ltr'>Reiclienauensis</span> <span class='ocrx_word' id='word_1_165' title='bbox 813 1773 1000 1804; x_wconf 81' lang='lat' dir='ltr'>auctoritate</span> <span class='ocrx_word' id='word_1_166' title='bbox 1014 1773 1117 1805; x_wconf 80' lang='lat' dir='ltr'>delevi</span> 
     </span>
     <span class='ocr_line' id='line_1_24' title="bbox 164 1834 1117 1880; baseline -0.003 -12"><span class='ocrx_word' id='word_1_167' title='bbox 164 1849 249 1875; x_wconf 80' lang='lat' dir='ltr'>non,</span> <span class='ocrx_word' id='word_1_168' title='bbox 279 1837 364 1880; x_wconf 87' lang='lat' dir='ltr'>quod</span> <span class='ocrx_word' id='word_1_169' title='bbox 387 1837 482 1878; x_wconf 78' lang='lat' dir='ltr'>vulgo</span> <span class='ocrx_word' id='word_1_170' title='bbox 511 1841 584 1867; x_wconf 88' lang='lat' dir='ltr'>ante</span> <span class='ocrx_word' id='word_1_171' title='bbox 610 1835 793 1878; x_wconf 65' lang='lat' dir='ltr'>defenderet</span> <span class='ocrx_word' id='word_1_172' title='bbox 822 1835 1002 1876; x_wconf 75' lang='lat' dir='ltr'>legebatur3</span> <span class='ocrx_word' id='word_1_173' title='bbox 1030 1834 1117 1878; x_wconf 86' lang='lat' dir='ltr'>quod</span> 
     </span>
     <span class='ocr_line' id='line_1_25' title="bbox 163 1898 1115 1942; baseline -0.001 -11"><span class='ocrx_word' id='word_1_174' title='bbox 163 1906 249 1931; x_wconf 83' lang='lat' dir='ltr'>recte</span> <span class='ocrx_word' id='word_1_175' title='bbox 274 1912 323 1931; x_wconf 89' lang='lat' dir='ltr'>me</span> <span class='ocrx_word' id='word_1_176' title='bbox 344 1900 458 1931; x_wconf 85' lang='lat' dir='ltr'>secisse</span> <span class='ocrx_word' id='word_1_177' title='bbox 481 1898 639 1940; x_wconf 81' lang='lat' dir='ltr'>intelliget</span> <span class='ocrx_word' id='word_1_178' title='bbox 663 1899 718 1942; x_wconf 89' lang='lat' dir='ltr'>qui</span> <span class='ocrx_word' id='word_1_179' title='bbox 739 1899 839 1942; x_wconf 80' lang='lat' dir='ltr'>ipsam</span> <span class='ocrx_word' id='word_1_180' title='bbox 859 1898 1025 1930; x_wconf 80' lang='lat' dir='ltr'>Ciceronis</span> <span class='ocrx_word' id='word_1_181' title='bbox 1048 1910 1115 1930; x_wconf 84' lang='lat' dir='ltr'>ora-</span> 
     </span>
     <span class='ocr_line' id='line_1_26' title="bbox 164 1960 1115 2004; baseline -0.001 -12"><span class='ocrx_word' id='word_1_182' title='bbox 164 1961 284 1992; x_wconf 86' lang='lat' dir='ltr'>tionem</span> <span class='ocrx_word' id='word_1_183' title='bbox 308 1962 389 2004; x_wconf 78' lang='lat' dir='ltr'>(cap.</span> <span class='ocrx_word' id='word_1_184' title='bbox 412 1962 458 1992; x_wconf 78' lang='lat'>52</span> <span class='ocrx_word' id='word_1_185' title='bbox 479 1960 581 2004; x_wconf 86' lang='lat' dir='ltr'>sequ.)</span> <span class='ocrx_word' id='word_1_186' title='bbox 609 1961 798 2003; x_wconf 72' lang='lat' dir='ltr'>inspexerit,</span> <span class='ocrx_word' id='word_1_187' title='bbox 831 1960 884 1991; x_wconf 83' lang='lat' dir='ltr'>ubi</span> <span class='ocrx_word' id='word_1_188' title='bbox 910 1960 1057 1992; x_wconf 88' lang='lat' dir='ltr'>consulto</span> <span class='ocrx_word' id='word_1_189' title='bbox 1081 1972 1115 1991; x_wconf 90' lang='lat' dir='ltr'>se</span> 
     </span>
     <span class='ocr_line' id='line_1_27' title="bbox 164 2023 1115 2065; baseline 0 -10"><span class='ocrx_word' id='word_1_190' title='bbox 164 2024 207 2055; x_wconf 84' lang='lat' dir='ltr'>ait</span> <span class='ocrx_word' id='word_1_191' title='bbox 242 2024 385 2056; x_wconf 86' lang='lat' dir='ltr'>Cluentii</span> <span class='ocrx_word' id='word_1_192' title='bbox 420 2035 546 2055; x_wconf 85' lang='lat' dir='ltr'>causam</span> <span class='ocrx_word' id='word_1_193' title='bbox 579 2035 644 2055; x_wconf 87' lang='lat' dir='ltr'>non</span> <span class='ocrx_word' id='word_1_194' title='bbox 673 2024 744 2065; x_wconf 81' lang='lat' dir='ltr'>lege</span> <span class='ocrx_word' id='word_1_195' title='bbox 771 2024 828 2055; x_wconf 89' lang='lat' dir='ltr'>sed</span> <span class='ocrx_word' id='word_1_196' title='bbox 854 2024 937 2055; x_wconf 82' lang='lat' dir='ltr'>sacto</span> <span class='ocrx_word' id='word_1_197' title='bbox 964 2023 1034 2065; x_wconf 83' lang='lat' dir='ltr'>ejus</span> <span class='ocrx_word' id='word_1_198' title='bbox 1061 2024 1115 2056; x_wconf 85' lang='lat' dir='ltr'>de-</span> 
     </span>
     <span class='ocr_line' id='line_1_28' title="bbox 162 2085 1114 2126; baseline 0.001 -10"><span class='ocrx_word' id='word_1_199' title='bbox 162 2085 320 2124; x_wconf 83' lang='lat' dir='ltr'>fendisse,</span> <span class='ocrx_word' id='word_1_200' title='bbox 358 2089 393 2115; x_wconf 92' lang='lat' dir='ltr'>ut</span> <span class='ocrx_word' id='word_1_201' title='bbox 421 2096 486 2115; x_wconf 88' lang='lat' dir='ltr'>nou</span> <span class='ocrx_word' id='word_1_202' title='bbox 518 2085 612 2115; x_wconf 84' lang='lat' dir='ltr'>saluti</span> <span class='ocrx_word' id='word_1_203' title='bbox 648 2086 743 2116; x_wconf 90' lang='lat' dir='ltr'>modo</span> <span class='ocrx_word' id='word_1_204' title='bbox 779 2085 849 2126; x_wconf 85' lang='lat' dir='ltr'>ejus</span> <span class='ocrx_word' id='word_1_205' title='bbox 879 2097 989 2117; x_wconf 84' lang='lat' dir='ltr'>verum</span> <span class='ocrx_word' id='word_1_206' title='bbox 1020 2086 1114 2117; x_wconf 88' lang='lat' dir='ltr'>etiam</span> 
     </span>
     <span class='ocr_line' id='line_1_29' title="bbox 163 2145 1113 2191; baseline 0 -13"><span class='ocrx_word' id='word_1_207' title='bbox 163 2145 395 2178; x_wconf 75' lang='lat' dir='ltr'>existimationi</span> <span class='ocrx_word' id='word_1_208' title='bbox 419 2146 630 2189; x_wconf 74' lang='lat' dir='ltr'>prospiceret,</span> <span class='ocrx_word' id='word_1_209' title='bbox 659 2147 806 2190; x_wconf 81' lang='lat' dir='ltr'>factoque</span> <span class='ocrx_word' id='word_1_210' title='bbox 830 2148 955 2178; x_wconf 87' lang='lat' dir='ltr'>demum</span> <span class='ocrx_word' id='word_1_211' title='bbox 977 2153 1113 2191; x_wconf 80' lang='lat' dir='ltr'>purgato</span> 
     </span>
     <span class='ocr_line' id='line_1_30' title="bbox 162 2206 1115 2249; baseline 0 -9"><span class='ocrx_word' id='word_1_212' title='bbox 162 2209 203 2240; x_wconf 83' lang='lat' dir='ltr'>ad</span> <span class='ocrx_word' id='word_1_213' title='bbox 221 2207 302 2249; x_wconf 82' lang='lat' dir='ltr'>legis</span> <span class='ocrx_word' id='word_1_214' title='bbox 326 2206 519 2238; x_wconf 85' lang='lat' dir='ltr'>mentionem</span> <span class='ocrx_word' id='word_1_215' title='bbox 544 2207 671 2247; x_wconf 84' lang='lat' dir='ltr'>transit,</span> <span class='ocrx_word' id='word_1_216' title='bbox 699 2208 759 2239; x_wconf 87' lang='lat' dir='ltr'>etsi</span> <span class='ocrx_word' id='word_1_217' title='bbox 783 2208 958 2249; x_wconf 83' lang='lat' dir='ltr'>videretur,</span> <span class='ocrx_word' id='word_1_218' title='bbox 986 2209 1012 2240; x_wconf 85' lang='lat' dir='ltr'>si</span> <span class='ocrx_word' id='word_1_219' title='bbox 1035 2209 1115 2240; x_wconf 86' lang='lat' dir='ltr'>nihil</span> 
     </span>
     <span class='ocr_line' id='line_1_31' title="bbox 163 2270 1112 2314; baseline 0.001 -11"><span class='ocrx_word' id='word_1_220' title='bbox 163 2272 251 2304; x_wconf 80' lang='lat' dir='ltr'>aliud</span> <span class='ocrx_word' id='word_1_221' title='bbox 275 2270 446 2310; x_wconf 83' lang='lat' dir='ltr'>voluisset,</span> <span class='ocrx_word' id='word_1_222' title='bbox 477 2270 537 2300; x_wconf 85' lang='lat' dir='ltr'>nisi</span> <span class='ocrx_word' id='word_1_223' title='bbox 566 2275 601 2300; x_wconf 91' lang='lat' dir='ltr'>ut</span> <span class='ocrx_word' id='word_1_224' title='bbox 624 2282 749 2303; x_wconf 88' lang='lat' dir='ltr'>eausam</span> <span class='ocrx_word' id='word_1_225' title='bbox 774 2272 946 2314; x_wconf 82' lang='lat' dir='ltr'>obtineret,</span> <span class='ocrx_word' id='word_1_226' title='bbox 973 2273 1043 2314; x_wconf 82' lang='lat' dir='ltr'>lege</span> <span class='ocrx_word' id='word_1_227' title='bbox 1064 2285 1112 2304; x_wconf 88' lang='lat' dir='ltr'>re-</span> 
     </span>
     <span class='ocr_line' id='line_1_32' title="bbox 162 2333 604 2378; baseline -0.011 -10"><span class='ocrx_word' id='word_1_228' title='bbox 162 2336 259 2369; x_wconf 84' lang='lat' dir='ltr'>citata</span> <span class='ocrx_word' id='word_1_229' title='bbox 280 2345 429 2378; x_wconf 84' lang='lat' dir='ltr'>perorare</span> <span class='ocrx_word' id='word_1_230' title='bbox 452 2333 604 2377; x_wconf 80' lang='lat' dir='ltr'>potuisse.</span> 
     </span>
    </p>

    <p class='ocr_par' dir='ltr' id='par_1_16' title="bbox 157 2395 1112 2568">
     <span class='ocr_line' id='line_1_33' title="bbox 232 2395 1112 2444; baseline -0.005 -14"><span class='ocrx_word' id='word_1_231' title='bbox 232 2395 452 2444; x_wconf 75' lang='lat' dir='ltr'>eloquentiae]</span> <span class='ocrx_word' id='word_1_232' title='bbox 487 2396 657 2428; x_wconf 87' lang='lat' dir='ltr'>Cornelius</span> <span class='ocrx_word' id='word_1_233' title='bbox 682 2396 808 2429; x_wconf 88' lang='lat' dir='ltr'>&#39;Fronto</span> <span class='ocrx_word' id='word_1_234' title='bbox 842 2398 910 2442; x_wconf 80' lang='lat'>(11,</span> <span class='ocrx_word' id='word_1_235' title='bbox 945 2401 1112 2443; x_wconf 72' lang='lat' dir='ltr'>pag‚478</span> 
     </span>
     <span class='ocr_line' id='line_1_34' title="bbox 157 2460 1107 2510; baseline 0.002 -17"><span class='ocrx_word' id='word_1_236' title='bbox 157 2461 264 2505; x_wconf 75' lang='lat' dir='ltr'>Maji)x</span> <span class='ocrx_word' id='word_1_237' title='bbox 285 2461 485 2507; x_wconf 69' lang='lat' dir='ltr'>„eloquentia</span> <span class='ocrx_word' id='word_1_238' title='bbox 510 2460 649 2503; x_wconf 78' lang='lat' dir='ltr'>perfecta</span> <span class='ocrx_word' id='word_1_239' title='bbox 674 2460 720 2491; x_wconf 81' lang='lat' dir='ltr'>vis</span> <span class='ocrx_word' id='word_1_240' title='bbox 748 2461 914 2503; x_wconf 84' lang='lat' dir='ltr'>orationis,</span> <span class='ocrx_word' id='word_1_241' title='bbox 942 2463 1107 2510; x_wconf 79' lang='lat' dir='ltr'>eloquiam</span> 
     </span>
     <span class='ocr_line' id='line_1_35' title="bbox 162 2522 836 2568; baseline -0.004 -12"><span class='ocrx_word' id='word_1_242' title='bbox 162 2536 235 2568; x_wconf 82' lang='lat' dir='ltr'>pars</span> <span class='ocrx_word' id='word_1_243' title='bbox 258 2523 423 2568; x_wconf 85' lang='lat' dir='ltr'>supposita</span> <span class='ocrx_word' id='word_1_244' title='bbox 449 2522 612 2556; x_wconf 88' lang='lat' dir='ltr'>commode</span> <span class='ocrx_word' id='word_1_245' title='bbox 637 2522 836 2566; x_wconf 78' lang='lat' dir='ltr'>eloquendi.«</span> 
     </span>
    </p>
   </div>
   <div class='ocr_carea' id='block_1_16' title="bbox 238 2583 1114 2631">
    <p class='ocr_par' dir='ltr' id='par_1_17' title="bbox 238 2583 1114 2631">
     <span class='ocr_line' id='line_1_36' title="bbox 238 2583 1114 2631; baseline 0.001 -13"><span class='ocrx_word' id='word_1_246' title='bbox 238 2583 362 2631; x_wconf 77' lang='lat' dir='ltr'>Cicero]</span> <span class='ocrx_word' id='word_1_247' title='bbox 392 2586 499 2629; x_wconf 79' lang='lat' dir='ltr'>Quem</span> <span class='ocrx_word' id='word_1_248' title='bbox 523 2585 724 2630; x_wconf 74' lang='lat' dir='ltr'>potissimum</span> <span class='ocrx_word' id='word_1_249' title='bbox 745 2585 850 2618; x_wconf 87' lang='lat' dir='ltr'>locum</span> <span class='ocrx_word' id='word_1_250' title='bbox 869 2586 1046 2621; x_wconf 78' lang='lat' dir='ltr'>Martianus</span> <span class='ocrx_word' id='word_1_251' title='bbox 1067 2601 1114 2622; x_wconf 84' lang='lat' dir='ltr'>re.</span> 
     </span>
    </p>
   </div>
   <div class='ocr_carea' id='block_1_17' title="bbox 1169 1585 2124 1754">
    <p class='ocr_par' dir='ltr' id='par_1_18' title="bbox 1169 1585 2124 1754">
     <span class='ocr_line' id='line_1_37' title="bbox 1171 1585 2123 1631; baseline -0.002 -13"><span class='ocrx_word' id='word_1_252' title='bbox 1171 1587 1295 1631; x_wconf 83' lang='lat' dir='ltr'>spiciat,</span> <span class='ocrx_word' id='word_1_253' title='bbox 1313 1587 1443 1628; x_wconf 64' lang='lat' dir='ltr'>ignoro,</span> <span class='ocrx_word' id='word_1_254' title='bbox 1469 1585 1613 1629; x_wconf 79' lang='lat' dir='ltr'>proxime</span> <span class='ocrx_word' id='word_1_255' title='bbox 1635 1592 1740 1617; x_wconf 86' lang='lat' dir='ltr'>tamen</span> <span class='ocrx_word' id='word_1_256' title='bbox 1761 1585 1882 1617; x_wconf 89' lang='lat' dir='ltr'>aceedit</span> <span class='ocrx_word' id='word_1_257' title='bbox 1901 1585 1956 1616; x_wconf 85' lang='lat' dir='ltr'>ille</span> <span class='ocrx_word' id='word_1_258' title='bbox 1974 1585 2027 1629; x_wconf 87' lang='lat' dir='ltr'>(de</span> <span class='ocrx_word' id='word_1_259' title='bbox 2046 1589 2123 1616; x_wconf 79' lang='lat' dir='ltr'>orat.</span> 
     </span>
     <span class='ocr_line' id='line_1_38' title="bbox 1169 1646 2123 1691; baseline -0.003 -10"><span class='ocrx_word' id='word_1_260' title='bbox 1169 1651 1210 1689; x_wconf 81' lang='grc'>5,</span> <span class='ocrx_word' id='word_1_261' title='bbox 1243 1650 1291 1680; x_wconf 88' lang='grc'>57</span> <span class='ocrx_word' id='word_1_262' title='bbox 1313 1649 1363 1691; x_wconf 75' lang='lat' dir='ltr'>s.)=</span> <span class='ocrx_word' id='word_1_263' title='bbox 1394 1648 1503 1691; x_wconf 84' lang='lat' dir='ltr'>»quasi</span> <span class='ocrx_word' id='word_1_264' title='bbox 1526 1650 1588 1680; x_wconf 86' lang='lat' dir='ltr'>hoc</span> <span class='ocrx_word' id='word_1_265' title='bbox 1613 1648 1717 1678; x_wconf 88' lang='lat' dir='ltr'>solum</span> <span class='ocrx_word' id='word_1_266' title='bbox 1747 1648 1907 1690; x_wconf 83' lang='lat' dir='ltr'>quoddam</span> <span class='ocrx_word' id='word_1_267' title='bbox 1933 1653 2027 1691; x_wconf 84' lang='lat' dir='ltr'>atque</span> <span class='ocrx_word' id='word_1_268' title='bbox 2046 1646 2123 1690; x_wconf 75' lang='lat' dir='ltr'>fun-</span> 
     </span>
     <span class='ocr_line' id='line_1_39' title="bbox 1170 1711 2124 1754; baseline -0.001 -12"><span class='ocrx_word' id='word_1_269' title='bbox 1170 1711 1356 1742; x_wconf 80' lang='lat' dir='ltr'>damentum</span> <span class='ocrx_word' id='word_1_270' title='bbox 1382 1716 1447 1751; x_wconf 86' lang='lat' dir='ltr'>est,</span> <span class='ocrx_word' id='word_1_271' title='bbox 1483 1711 1651 1742; x_wconf 81' lang='lat' dir='ltr'>verborum</span> <span class='ocrx_word' id='word_1_272' title='bbox 1676 1722 1754 1741; x_wconf 89' lang='lat' dir='ltr'>usus</span> <span class='ocrx_word' id='word_1_273' title='bbox 1780 1716 1812 1741; x_wconf 91' lang='lat' dir='ltr'>et</span> <span class='ocrx_word' id='word_1_274' title='bbox 1836 1711 1927 1754; x_wconf 87' lang='lat' dir='ltr'>copia</span> <span class='ocrx_word' id='word_1_275' title='bbox 1950 1711 2124 1751; x_wconf 61' lang='lat' dir='ltr'>bonorum,</span> 
     </span>
    </p>
   </div>
   <div class='ocr_carea' id='block_1_18' title="bbox 1169 1773 2125 1818">
    <p class='ocr_par' dir='ltr' id='par_1_19' title="bbox 1169 1773 2125 1818">
     <span class='ocr_line' id='line_1_40' title="bbox 1169 1773 2125 1818; baseline -0.001 -13"><span class='ocrx_word' id='word_1_276' title='bbox 1169 1774 1226 1805; x_wconf 89' lang='lat' dir='ltr'>sed</span> <span class='ocrx_word' id='word_1_277' title='bbox 1253 1774 1329 1817; x_wconf 85' lang='lat' dir='ltr'>quid</span> <span class='ocrx_word' id='word_1_278' title='bbox 1359 1774 1428 1817; x_wconf 86' lang='lat' dir='ltr'>ipse</span> <span class='ocrx_word' id='word_1_279' title='bbox 1459 1773 1601 1815; x_wconf 80' lang='lat' dir='ltr'>aedificet</span> <span class='ocrx_word' id='word_1_280' title='bbox 1631 1778 1738 1804; x_wconf 84' lang='lat' dir='ltr'>orator</span> <span class='ocrx_word' id='word_1_281' title='bbox 1768 1779 1801 1805; x_wconf 87' lang='lat' dir='ltr'>et</span> <span class='ocrx_word' id='word_1_282' title='bbox 1826 1773 1859 1805; x_wconf 90' lang='lat' dir='ltr'>in</span> <span class='ocrx_word' id='word_1_283' title='bbox 1883 1786 1946 1818; x_wconf 90' lang='lat' dir='ltr'>qno</span> <span class='ocrx_word' id='word_1_284' title='bbox 1973 1774 2125 1816; x_wconf 79' lang='lat' dir='ltr'>adjungat</span> 
     </span>
    </p>
   </div>
   <div class='ocr_carea' id='block_1_19' title="bbox 1164 1834 2124 2254">
    <p class='ocr_par' dir='ltr' id='par_1_20' title="bbox 1164 1834 2124 2254">
     <span class='ocr_line' id='line_1_41' title="bbox 1169 1834 2124 1878; baseline 0 -12"><span class='ocrx_word' id='word_1_285' title='bbox 1169 1841 1283 1875; x_wconf 85' lang='lat' dir='ltr'>artem,</span> <span class='ocrx_word' id='word_1_286' title='bbox 1312 1835 1345 1866; x_wconf 85' lang='lat' dir='ltr'>id</span> <span class='ocrx_word' id='word_1_287' title='bbox 1369 1846 1441 1866; x_wconf 88' lang='lat' dir='ltr'>esse</span> <span class='ocrx_word' id='word_1_288' title='bbox 1458 1846 1475 1865; x_wconf 88' lang='lat' dir='ltr'>a</span> <span class='ocrx_word' id='word_1_289' title='bbox 1493 1834 1586 1865; x_wconf 86' lang='lat' dir='ltr'>nobis</span> <span class='ocrx_word' id='word_1_290' title='bbox 1607 1834 1825 1878; x_wconf 87' lang='lat' dir='ltr'>quaerendum</span> <span class='ocrx_word' id='word_1_291' title='bbox 1847 1840 1879 1866; x_wconf 90' lang='lat' dir='ltr'>et</span> <span class='ocrx_word' id='word_1_292' title='bbox 1903 1835 2124 1878; x_wconf 82' lang='lat' dir='ltr'>explicandum</span> 
     </span>
     <span class='ocr_line' id='line_1_42' title="bbox 1168 1896 2124 1943; baseline 0 -13"><span class='ocrx_word' id='word_1_293' title='bbox 1168 1898 1320 1930; x_wconf 73' lang='lat' dir='ltr'>videtui-‚u</span> <span class='ocrx_word' id='word_1_294' title='bbox 1355 1896 1450 1928; x_wconf 85' lang='lat' dir='ltr'>Adde</span> <span class='ocrx_word' id='word_1_295' title='bbox 1479 1897 1658 1930; x_wconf 82' lang='lat' dir='ltr'>Gerardum</span> <span class='ocrx_word' id='word_1_296' title='bbox 1683 1897 1822 1929; x_wconf 63' lang='lat' dir='ltr'>«Ioannis</span> <span class='ocrx_word' id='word_1_297' title='bbox 1843 1898 1999 1930; x_wconf 88' lang='lat' dir='ltr'>Vossium</span> <span class='ocrx_word' id='word_1_298' title='bbox 2022 1899 2124 1943; x_wconf 87' lang='lat' dir='ltr'>(insti-</span> 
     </span>
     <span class='ocr_line' id='line_1_43' title="bbox 1167 1957 2122 2002; baseline 0.001 -12"><span class='ocrx_word' id='word_1_299' title='bbox 1167 1964 1224 1990; x_wconf 83' lang='lat' dir='ltr'>tut.</span> <span class='ocrx_word' id='word_1_300' title='bbox 1252 1963 1369 1990; x_wconf 88' lang='lat' dir='ltr'>orator.</span> <span class='ocrx_word' id='word_1_301' title='bbox 1388 1958 1428 1998; x_wconf 81' lang='lat'>4,</span> <span class='ocrx_word' id='word_1_302' title='bbox 1458 1959 1494 1999; x_wconf 88' lang='lat'>1,</span> <span class='ocrx_word' id='word_1_303' title='bbox 1524 1957 1576 2001; x_wconf 80' lang='lat'>2)=</span> <span class='ocrx_word' id='word_1_304' title='bbox 1602 1959 1886 2002; x_wconf 84' lang='lat' dir='ltr'>»quemadmodum</span> <span class='ocrx_word' id='word_1_305' title='bbox 1909 1965 2015 1992; x_wconf 88' lang='lat' dir='ltr'>autem</span> <span class='ocrx_word' id='word_1_306' title='bbox 2039 1959 2122 1991; x_wconf 83' lang='lat' dir='ltr'>aedi·</span> 
     </span>
     <span class='ocr_line' id='line_1_44' title="bbox 1165 2021 2120 2066; baseline -0.001 -13"><span class='ocrx_word' id='word_1_307' title='bbox 1165 2022 1251 2062; x_wconf 88' lang='lat' dir='ltr'>ficia,</span> <span class='ocrx_word' id='word_1_308' title='bbox 1275 2022 1319 2053; x_wconf 85' lang='lat' dir='ltr'>ita</span> <span class='ocrx_word' id='word_1_309' title='bbox 1342 2021 1480 2053; x_wconf 86' lang='lat' dir='ltr'>elocutio</span> <span class='ocrx_word' id='word_1_310' title='bbox 1506 2021 1655 2053; x_wconf 78' lang='lat' dir='ltr'>universa</span> <span class='ocrx_word' id='word_1_311' title='bbox 1683 2022 1809 2054; x_wconf 83' lang='lat' dir='ltr'>duobus</span> <span class='ocrx_word' id='word_1_312' title='bbox 1833 2028 1974 2064; x_wconf 83' lang='lat' dir='ltr'>constat,</span> <span class='ocrx_word' id='word_1_313' title='bbox 2000 2022 2120 2066; x_wconf 79' lang='lat' dir='ltr'>funda-</span> 
     </span>
     <span class='ocr_line' id='line_1_45' title="bbox 1165 2084 2120 2128; baseline -0.002 -12"><span class='ocrx_word' id='word_1_314' title='bbox 1165 2091 1272 2117; x_wconf 83' lang='lat' dir='ltr'>mento</span> <span class='ocrx_word' id='word_1_315' title='bbox 1294 2089 1326 2115; x_wconf 86' lang='lat' dir='ltr'>et</span> <span class='ocrx_word' id='word_1_316' title='bbox 1351 2084 1613 2127; x_wconf 83' lang='lat' dir='ltr'>exaedificatione</span> <span class='ocrx_word' id='word_1_317' title='bbox 1641 2084 1707 2116; x_wconf 84' lang='lat' dir='ltr'>sive</span> <span class='ocrx_word' id='word_1_318' title='bbox 1736 2091 1917 2124; x_wconf 75' lang='lat' dir='ltr'>stmctura,</span> <span class='ocrx_word' id='word_1_319' title='bbox 1949 2084 2009 2115; x_wconf 84' lang='lat' dir='ltr'>suh</span> <span class='ocrx_word' id='word_1_320' title='bbox 2045 2095 2120 2128; x_wconf 81' lang='lat' dir='ltr'>qua,</span> 
     </span>
     <span class='ocr_line' id='line_1_46' title="bbox 1164 2147 2122 2191; baseline -0.001 -11"><span class='ocrx_word' id='word_1_321' title='bbox 1164 2153 1200 2180; x_wconf 89' lang='lat' dir='ltr'>ut</span> <span class='ocrx_word' id='word_1_322' title='bbox 1227 2147 1358 2179; x_wconf 76' lang='lat' dir='ltr'>inferius</span> <span class='ocrx_word' id='word_1_323' title='bbox 1389 2147 1546 2188; x_wconf 77' lang='lat' dir='ltr'>dicemus,</span> <span class='ocrx_word' id='word_1_324' title='bbox 1583 2150 1838 2191; x_wconf 82' lang='lat' dir='ltr'>compositionem</span> <span class='ocrx_word' id='word_1_325' title='bbox 1872 2152 1904 2178; x_wconf 89' lang='lat' dir='ltr'>et</span> <span class='ocrx_word' id='word_1_326' title='bbox 1934 2147 2122 2190; x_wconf 61' lang='lat' dir='ltr'>dignitatem</span> 
     </span>
     <span class='ocr_line' id='line_1_47' title="bbox 1165 2208 2119 2254; baseline -0.001 -11"><span class='ocrx_word' id='word_1_327' title='bbox 1165 2210 1492 2254; x_wconf 58' lang='lat' dir='ltr'>comprehendimus«</span> <span class='ocrx_word' id='word_1_328' title='bbox 1525 2211 1786 2242; x_wconf 75' lang='lat' dir='ltr'>Fundamentmn</span> <span class='ocrx_word' id='word_1_329' title='bbox 1806 2208 1889 2240; x_wconf 90' lang='lat' dir='ltr'>enim</span> <span class='ocrx_word' id='word_1_330' title='bbox 1905 2209 2046 2253; x_wconf 83' lang='lat' dir='ltr'>appellat</span> <span class='ocrx_word' id='word_1_331' title='bbox 2059 2211 2119 2242; x_wconf 81' lang='lat' dir='ltr'>ele-</span> 
     </span>
    </p>
   </div>
   <div class='ocr_carea' id='block_1_20' title="bbox 1160 2271 2120 2570">
    <p class='ocr_par' dir='ltr' id='par_1_21' title="bbox 1160 2271 2120 2570">
     <span class='ocr_line' id='line_1_48' title="bbox 1164 2271 2120 2319; baseline -0.001 -13"><span class='ocrx_word' id='word_1_332' title='bbox 1164 2275 1329 2319; x_wconf 74' lang='lat' dir='ltr'>qantiam‚</span> <span class='ocrx_word' id='word_1_333' title='bbox 1356 2284 1437 2316; x_wconf 87' lang='lat' dir='ltr'>quae</span> <span class='ocrx_word' id='word_1_334' title='bbox 1467 2273 1642 2305; x_wconf 86' lang='lat' dir='ltr'>seeundum</span> <span class='ocrx_word' id='word_1_335' title='bbox 1662 2271 1838 2303; x_wconf 82' lang='lat' dir='ltr'>Auctorem</span> <span class='ocrx_word' id='word_1_336' title='bbox 1862 2271 1901 2302; x_wconf 84' lang='lat' dir='ltr'>ad</span> <span class='ocrx_word' id='word_1_337' title='bbox 1921 2273 2120 2306; x_wconf 81' lang='lat' dir='ltr'>Herennium</span> 
     </span>
     <span class='ocr_line' id='line_1_49' title="bbox 1160 2335 2118 2381; baseline 0 -13"><span class='ocrx_word' id='word_1_338' title='bbox 1160 2337 1218 2381; x_wconf 77' lang='grc'>(4,</span> <span class='ocrx_word' id='word_1_339' title='bbox 1249 2336 1308 2379; x_wconf 81' lang='lat'>12)</span> <span class='ocrx_word' id='word_1_340' title='bbox 1331 2336 1531 2367; x_wconf 81' lang='lat' dir='ltr'>distribuitur</span> <span class='ocrx_word' id='word_1_341' title='bbox 1556 2335 1589 2365; x_wconf 89' lang='lat' dir='ltr'>in</span> <span class='ocrx_word' id='word_1_342' title='bbox 1614 2336 1823 2366; x_wconf 77' lang='lat' dir='ltr'>Latinitatem</span> <span class='ocrx_word' id='word_1_343' title='bbox 1848 2340 1943 2379; x_wconf 88' lang='lat' dir='ltr'>atque</span> <span class='ocrx_word' id='word_1_344' title='bbox 1965 2337 2118 2380; x_wconf 79' lang='lat' dir='ltr'>explana-</span> 
     </span>
     <span class='ocr_line' id='line_1_50' title="bbox 1164 2397 2118 2443; baseline 0.001 -12"><span class='ocrx_word' id='word_1_345' title='bbox 1164 2402 1289 2432; x_wconf 81' lang='lat' dir='ltr'>tionem.</span> <span class='ocrx_word' id='word_1_346' title='bbox 1316 2398 1420 2429; x_wconf 89' lang='lat' dir='ltr'>Paulo</span> <span class='ocrx_word' id='word_1_347' title='bbox 1448 2397 1540 2429; x_wconf 85' lang='lat' dir='ltr'>aliter</span> <span class='ocrx_word' id='word_1_348' title='bbox 1566 2397 1680 2428; x_wconf 84' lang='lat' dir='ltr'>Cicero</span> <span class='ocrx_word' id='word_1_349' title='bbox 1708 2398 1760 2440; x_wconf 87' lang='lat' dir='ltr'>(de</span> <span class='ocrx_word' id='word_1_350' title='bbox 1786 2403 1864 2429; x_wconf 84' lang='lat' dir='ltr'>orat.</span> <span class='ocrx_word' id='word_1_351' title='bbox 1883 2399 1920 2439; x_wconf 83' lang='lat'>1,</span> <span class='ocrx_word' id='word_1_352' title='bbox 1945 2399 2022 2443; x_wconf 76' lang='lat'>52)=</span> <span class='ocrx_word' id='word_1_353' title='bbox 2046 2412 2118 2432; x_wconf 86' lang='lat' dir='ltr'>»au-</span> 
     </span>
     <span class='ocr_line' id='line_1_51' title="bbox 1164 2460 2118 2505; baseline 0.001 -10"><span class='ocrx_word' id='word_1_354' title='bbox 1164 2463 1282 2495; x_wconf 89' lang='lat' dir='ltr'>dieram</span> <span class='ocrx_word' id='word_1_355' title='bbox 1313 2461 1407 2492; x_wconf 87' lang='lat' dir='ltr'>etiam</span> <span class='ocrx_word' id='word_1_356' title='bbox 1433 2472 1514 2504; x_wconf 86' lang='lat' dir='ltr'>quae</span> <span class='ocrx_word' id='word_1_357' title='bbox 1542 2460 1580 2491; x_wconf 92' lang='lat' dir='ltr'>de</span> <span class='ocrx_word' id='word_1_358' title='bbox 1614 2461 1766 2492; x_wconf 86' lang='lat' dir='ltr'>orationis</span> <span class='ocrx_word' id='word_1_359' title='bbox 1794 2461 1894 2505; x_wconf 86' lang='lat' dir='ltr'>ipsius</span> <span class='ocrx_word' id='word_1_360' title='bbox 1924 2464 2118 2496; x_wconf 81' lang='lat' dir='ltr'>ornamentis</span> 
     </span>
     <span class='ocr_line' id='line_1_52' title="bbox 1164 2523 2117 2570; baseline 0.002 -12"><span class='ocrx_word' id='word_1_361' title='bbox 1164 2526 1379 2565; x_wconf 75' lang='lat' dir='ltr'>traderentur3</span> <span class='ocrx_word' id='word_1_362' title='bbox 1406 2523 1439 2554; x_wconf 91' lang='lat' dir='ltr'>in</span> <span class='ocrx_word' id='word_1_363' title='bbox 1467 2535 1529 2567; x_wconf 86' lang='lat' dir='ltr'>qua</span> <span class='ocrx_word' id='word_1_364' title='bbox 1554 2524 1746 2567; x_wconf 83' lang='lat' dir='ltr'>praecipitur</span> <span class='ocrx_word' id='word_1_365' title='bbox 1771 2525 1907 2568; x_wconf 86' lang='lat' dir='ltr'>primum</span> <span class='ocrx_word' id='word_1_366' title='bbox 1931 2532 1966 2558; x_wconf 88' lang='lat' dir='ltr'>ut</span> <span class='ocrx_word' id='word_1_367' title='bbox 1984 2539 2065 2570; x_wconf 85' lang='lat' dir='ltr'>pure</span> <span class='ocrx_word' id='word_1_368' title='bbox 2085 2532 2117 2560; x_wconf 80' lang='lat' dir='ltr'>et</span> 
     </span>
    </p>
   </div>
   <div class='ocr_carea' id='block_1_21' title="bbox 1167 2584 2114 2633">
    <p class='ocr_par' dir='ltr' id='par_1_22' title="bbox 1167 2584 2114 2633">
     <span class='ocr_line' id='line_1_53' title="bbox 1167 2584 2114 2633; baseline -0.002 -8"><span class='ocrx_word' id='word_1_369' title='bbox 1167 2591 1282 2625; x_wconf 73' lang='lat' dir='ltr'>Latine</span> <span class='ocrx_word' id='word_1_370' title='bbox 1303 2587 1485 2633; x_wconf 82' lang='lat' dir='ltr'>loquamur,</span> <span class='ocrx_word' id='word_1_371' title='bbox 1513 2587 1627 2620; x_wconf 79' lang='lat' dir='ltr'>deinde</span> <span class='ocrx_word' id='word_1_372' title='bbox 1650 2593 1685 2620; x_wconf 88' lang='lat' dir='ltr'>ut</span> <span class='ocrx_word' id='word_1_373' title='bbox 1701 2584 1797 2632; x_wconf 64' lang='lat' dir='ltr'>plane</span> <span class='ocrx_word' id='word_1_374' title='bbox 1819 2594 1851 2622; x_wconf 77' lang='lat' dir='ltr'>et</span> <span class='ocrx_word' id='word_1_375' title='bbox 1876 2589 2022 2631; x_wconf 76' lang='lat' dir='ltr'>dilucide,</span> <span class='ocrx_word' id='word_1_376' title='bbox 2048 2596 2114 2623; x_wconf 83' lang='lat' dir='ltr'>tum</span> 
     </span>
    </p>
   </div>
  </div>
 </body>
</html>
