2310 2860
680 180 880 222 Martiani
912 179 1113 236 Capellae
1143 180 1216 221 lib.
1245 180 1324 222 IX.
1356 183 1386 233 ᾗ.
1417 180 1520 222 924.

2003 184 2087 224 717

122 288 251 329 nostri
282 289 480 330 comitem
512 289 823 344 Marsyamquc
856 289 1045 343 Lydium
1079 297 1334 340 sonuerunt3
1369 288 1553 329 calamos
1577 289 1851 344 Mariandyni
1883 300 1921 331 ct
1947 290 2088 331 Aones

119 368 163 409 in
194 369 341 410 laudes
373 369 578 411 inflavcre
602 370 869 422 coelestium3
903 369 1143 425 panduram
1177 369 1406 424 Aegyptios
1439 379 1641 411 attentare
1666 371 1860 426 permisi,
1896 372 2087 428 ipsisque

119 462 190 488 mo
221 450 502 504 pastoralibus
542 449 690 490 tistulis
734 449 801 492 vel
835 459 983 490 cantus
1026 450 1173 490 avium
1216 450 1283 491 vel
1328 451 1533 492 arborum
1567 453 1751 508 crepitus
1788 454 1856 494 vcl
1887 469 2086 495 susurros

118 528 351 572 fluminum
382 531 644 572 imitantibus
674 546 758 571 non
783 531 948 585 negavi.

195 675 406 722 Τνίίυηίιὶιιηι]
430 677 605 709 Minervam
623 677 716 708 tibias
731 676 903 716 invenisse,
926 675 1072 707 inventas

114 737 286 780 abjecisse,
322 739 462 781 abjectas
487 740 647 783 Marsyam
675 739 734 770 sibi
766 739 962 778 vindicasse,
997 744 1071 770 nota

112 801 220 833 sabula
239 808 300 837 est.
328 803 422 834 Unde
439 803 576 834 Ovidius
594 804 679 847 (met.
695 805 735 843 6,
758 802 846 845 584)
868 803 907 834 de
926 803 1070 846 Marsya:

165 877 177 891 υ
187 863 289 906 Quem
310 865 492 897 Tritoniaca
516 866 638 897 Latous
666 865 821 897 arundine
843 866 963 897 victum

159 926 278 970 Affecit
304 941 425 971 poena«
451 949 498 953 —
519 949 567 954 —

110 990 195 1023 Vide
220 991 431 1024 Aristotelem
460 994 563 1037 (polit.
584 995 623 1033 8,
650 995 690 1034 6,
721 993 774 1033 8),
803 993 957 1026 Ovidium
983 992 1069 1037 (fast.

108 1055 148 1094 6,
172 1056 246 1087 696
277 1056 395 1100 sequ),
425 1057 634 1089 Plutarchum
660 1057 716 1100 (in
740 1057 804 1091 vita
831 1057 990 1088 Alcibiad.
1013 1056 1067 1099 2),

107 1128 253 1160 quosque
276 1124 441 1161 praeterea
463 1119 594 1149 laudant
615 1118 831 1161 Spanhemius
850 1119 909 1162 (ad
936 1118 1065 1150 Gallim.

105 1180 134 1211 h.
154 1180 188 1211 iu
206 1180 341 1211 Dianam
366 1181 454 1223 244)
479 1187 512 1212 et
534 1181 741 1222 Boettigerus
766 1181 860 1224 (iiber
883 1181 934 1212 die
961 1181 1066 1212 Ertin-

105 1241 193 1283 dung
215 1241 272 1274 der
288 1243 382 1274 Flete
400 1242 434 1274 in
456 1242 630 1275 ‘viclandi
651 1243 737 1276 Mus.
752 1242 821 1274 Ait.
844 1244 882 1275 Τ.
896 1243 924 1284 Ι,
942 1255 975 1287 p.
990 1243 1064 1274 285

105 1304 219 1349 sequ).

176 1365 334 1412 Lydium]
368 1368 469 1399 Immo
498 1368 675 1411 Phrygium
706 1368 888 1411 (Plutarch.
917 1368 956 1398 de
984 1379 1065 1398 mus.

102 1441 133 1473 p.
154 1430 262 1461 1155.
282 1428 402 1461 Athen.
427 1430 488 1469 14,
512 1431 630 1473 Ρ.616
653 1429 707 1472 fi),
735 1429 793 1461 sed
814 1429 936 1461 vicinae
956 1428 1061 1470 regio-

102 1505 159 1525 nes
185 1494 277 1525 facile
300 1494 550 1526 confunduntur.

174 1556 407 1603 ,Mat-ianrlyni]
442 1559 492 1589 De
524 1558 744 1601 Mariandynis
777 1558 955 1590 Heracleae
972 1557 1060 1588 Pon-

99 1621 181 1653 ticae
201 1622 319 1653 accolis
341 1627 373 1653 et
390 1622 565 1653 tributariis
586 1621 658 1653 vide
677 1622 848 1653 Platonem
861 1622 914 1663 (de
932 1620 1059 1662 legibus

98 1686 137 1724 6,
166 1697 196 1728 p.
217 1687 288 1717 776
314 1685 459 1730 Steph.)‚
486 1685 680 1718 Strabonem
706 1686 786 1729 (12,
812 1697 842 1728 p.
862 1685 935 1716 542
955 1683 1059 1726 Cas),

98 1753 130 1778 et
151 1746 357 1779 Athenaeum
382 1749 435 1791 (6,
464 1761 494 1792 p.
513 1747 617 1791 285)3
646 1748 703 1778 scd
728 1746 874 1791 inprimis
901 1748 963 1778 huc
988 1755 1069 1790 per-‘

97 1808 178 1840 tinet
196 1809 359 1841 Eustathii
386 1810 477 1842 loens
503 1810 557 1854 (ad
578 1810 715 1852 Dionys,
734 1809 851 1852 perieg.
870 1809 974 1851 791),
994 1808 1059 1852 [qni

97 1882 214 1902 nomen
242 1883 352 1903 eorum
369 1871 491 1903 derivat
509 1884 527 1903 a
549 1871 761 1913 Mariandyno
786 1870 873 1913 Tityi
900 1869 982 1910 filio,
1002 1869 1057 1913 qui

96 1935 239 1967 Marsum
261 1935 470 1979 (Marsyam‘l)
493 1934 623 1966 Auletis
650 1934 686 1978 (i.
706 1946 734 1966 e.
758 1933 912 1977 tibicinis)
933 1939 1057 1977 patrem

96 1998 181 2029 tibiis
205 2009 322 2029 canere
343 1996 504 2036 docuerit3
532 1996 624 2038 enjus
648 1995 774 2027 fabulae
794 1995 856 2027 vim
876 2001 968 2027 acute
985 2007 1056 2039 per-

95 2060 201 2106 spexit
218 2060 420 2093 Welclxerus
452 2060 508 2104 (in
544 2061 669 2104 ephem.
694 2059 845 2091 scholast.
877 2060 991 2100 1850,
1024 2072 1055 2091 n.

94 2125 136 2165 2,
163 2137 193 2169 p.
216 2126 271 2156 11.
298 2125 356 2158 12.
385 2124 456 2168 15).

169 2187 298 2234 Aones]
327 2189 401 2221 Iloc
429 2194 480 2220 est
502 2188 622 2221 Boeoti
646 2188 770 2233 (Strab.
793 2188 826 2228 7,
850 2200 883 2232 p.
901 2188 992 2228 5215,
1019 2189 1054 2229 9,

92 2264 125 2295 p.
144 2252 215 2284 401
234 2252 374 2284 casaub.
391 2253 532 2284 Pausan.
557 2253 591 2293 9,
615 2253 649 2293 5,
672 2253 702 2283 1.
718 2251 834 2293 virgil.
857 2251 917 2283 ecl.
935 2252 969 2291 6,
995 2252 1053 2283 65¹.

93 2312 208 2357 Steph.
231 2313 367 2357 Byzant.
391 2327 421 2357 p.
440 2315 518 2357 90),
546 2326 628 2358 quos
648 2314 790 2346 omnium
813 2313 949 2345 maxime
967 2313 1053 2346 tibiis

94 2387 222 2419 operam
249 2375 376 2407 dedisse
403 2381 537 2408 constat.
578 2377 701 2408 Confer
723 2376 898 2409 Maximum
921 2376 1054 2420 Tyrium

92 2437 183 2481 (diss.
201 2437 266 2477 25,
287 2437 327 2478 2,
355 2438 393 2469 T.
412 2436 439 2480 I,
463 2449 496 2481 p.
514 2437 588 2469 440
603 2438 735 2482 Reisk):
754 2439 918 2484 Θηβαῖοι,
935 2434 1052 2484 αὐλη-

92 2498 204 2547 τικὴν
234 2495 508 2546 ἐπιτηδεύουσι
539 2497 604 2534 καὶ
635 2501 739 2536 ἐστιν
771 2498 796 2547 ἡ
836 2502 883 2537 δι’
915 2497 1052 2537 αὐλῶν

91 2561 216 2606 μοῦσα
239 2557 456 2608 ἐπιχώριος
478 2566 542 2596 τοῐ
545 2573 563 2601 ς
583 2562 793 2602 Βοιωτοῖςε
815 2570 848 2596 et
869 2563 1051 2608 inscriptio.

91 2639 163 2659 nem
189 2626 274 2671 apud
297 2626 436 2659 Dionem
456 2626 723 2671 chrysostomum
745 2628 799 2672 (7,
832 2640 866 2674 p.
885 2629 955 2664 125
979 2629 1050 2662 Μο-

1008 531 1189 582 Psaltas,
1224 531 1528 584 chordacistas,
1559 533 1815 584 sambucos,
1847 533 2084 588 hydraulas

1124 676 1224 721 rell.)z
1237 674 1372 718 Ἑλλὰς
1393 676 1463 721 μὲν
1483 675 1613 724 Θήβας
1634 678 1746 727 νικᾷν
1765 678 1998 727 προῦκρινεν
2019 679 2084 716 αὐ-

1125 739 1220 779 λοῖς.
1249 740 1421 771 Thebanos
1441 746 1473 771 et
1488 741 1699 773 Heracleotas
1718 742 1882 784 conjungit
1895 743 2083 775 Athenaeus

1124 802 1173 846 (4,
1197 802 1262 842 84,
1290 814 1319 845 p.
1342 802 1434 845 184).

1199 862 1373 909 altentare]
1402 864 1512 896 Malim
1533 876 1604 896 cum
1622 871 1713 910 patre
1734 856 1959 910 attemperare,
1983 879 2081 911 quan-

1124 939 1218 970 quam
1240 940 1335 971 supra
1356 928 1486 960 dixerit:

1174 1009 1222 1012 ——
1237 1009 1284 1013 ——-
1300 995 1421 1021 »tentat
1444 991 1581 1034 psallere
1603 991 1832 1034 lllelpomenem

1123 1051 1283 1084 GROT.-
1310 1052 1386 1084 Non
1418 1053 1525 1097 capio,
1557 1054 1634 1097 quid
1659 1059 1750 1097 pater
1772 1054 1920 1097 filiusque
1942 1055 1974 1086 in
1996 1055 2080 1087 Mar—

1120 1116 1205 1147 tiano
1236 1116 1287 1148 hic
1314 1118 1558 1160 reprehendant.
1597 1117 1756 1160 Superius
1788 1118 1871 1149 enim
1903 1119 2081 1151 Martianus

1114 1179 1182 1221 jam
1206 1181 1266 1213 hoc
1285 1181 1383 1211 verbo
1408 1193 1485 1211 usus
1505 1187 1555 1211 est
1577 1180 1620 1224 (ἓ.
1638 1183 1711 1212 888
1732 1187 1761 1212 et
1779 1183 1865 1224 895)
1886 1193 1921 1213 ae
1944 1183 2081 1214 vidimus.

1119 1243 1158 1274 ab
1190 1255 1229 1275 eo
1257 1243 1470 1275 Claudianum
1505 1250 1626 1276 attente
1659 1257 1730 1276 esse
1762 1245 1898 1287 lectum3
1934 1246 2023 1290 atqui
2054 1246 2081 1278 is

1117 1306 1164 1351 (in
1187 1312 1267 1350 rapt.
1286 1308 1380 1338 Pros.
1402 1309 1442 1348 5,
1469 1308 1556 1351 217)
1582 1308 1742 1340 similiter:

1169 1398 1217 1402 -—
1240 1380 1433 1426 »dz'yila'sque
1460 1385 1595 1411 attentat
1617 1382 1763 1413 ”uallibus
1788 1394 1928 1413 arcuna«

1115 1453 1269 1485 Ceterum
1293 1454 1420 1486 codices
1444 1454 1652 1487 Monacensis
1675 1455 1730 1498 (C)
1749 1461 1780 1486 et
1807 1456 2077 1489 Darnistattensis

1112 1517 1165 1549 liic
1189 1529 1318 1561 quoque
1346 1524 1536 1560 attemptare
1569 1518 1721 1550 scribunt.
1760 1519 1810 1550 De
1839 1520 1984 1563 pandura
2011 1520 2078 1553 dixi

1113 1579 1261 1623 superius
1286 1579 1338 1622 (ad
1364 1578 1391 1623 ἓ.
1411 1580 1507 1623 906).

1187 1666 1338 1685 susumus
1357 1653 1544 1699 flmnimtm]
1573 1653 1630 1687 Sic
1655 1654 1793 1686 Ovidius
1817 1657 1902 1700 (t'ast.
1921 1657 1961 1697 2,
1988 1658 2077 1700 516)

1109 1718 1280 1762 yarrulum
1304 1718 1445 1762 appellat
1466 1720 1591 1758 rivum,
1616 1718 1773 1750 Horatius
1790 1720 1855 1763 (od.
1874 1722 1909 1761 5,
1931 1722 1988 1762 15,
2014 1720 2075 1764 15)

1110 1783 1260 1829 loquaces
1280 1783 1435 1825 lymphas.

1184 1856 1320 1902 psallas]
1331 1857 1463 1888 Editnm
1477 1857 1537 1888 suit
1553 1858 1707 1889 hactenus
1722 1859 1857 1901 spallas,
1878 1859 1971 1897 male,
1987 1861 2076 1903 qnod

1105 1926 1138 1952 et
1165 1921 1345 1954 Vulcanius
1377 1921 1472 1960 viditz,
1513 1933 1585 1952 nam
1621 1927 1801 1965 sequuntur
1827 1923 2072 1964 choi-dacium,

1107 1983 1282 2025 hydraulae
1316 1988 1348 2014 et
1377 1982 1527 2014 sambuci.
1578 1975 1689 2014 Gloss.
1718 1983 1852 2014 Isidori:
1883 1985 2074 2017 »sambucus

1108 2044 1390 2076 saltator.«GnoT.
1408 2063 1454 2068 —
1484 2043 1562 2075 Pari
1587 2056 1695 2076 errore
1729 2044 1762 2075 in
1795 2057 1952 2077 marmore
1988 2045 2074 2089 apud

1109 2105 1285 2138 Gruterum
1305 2107 1409 2150 (942,
1443 2106 1502 2150 M)
1524 2107 1730 2150 Terspichore
1757 2118 1816 2150 pro
1850 2109 2072 2151 Terpsichore,

1106 2182 1211 2213 neque
1234 2182 1306 2201 raro
1331 2170 1365 2201 in
1383 2170 1484 2214 ipsius
1507 2170 1609 2201 nostri
1634 2170 1798 2202 codicibus
1817 2171 2069 2203 Monac-ensibus

1105 2234 1214 2265 inveni
1244 2234 1367 2278 Spyehe
1390 2246 1448 2277 pro
1471 2235 1605 2277 Psyche.
1631 2234 1696 2266 Hie
1715 2240 1823 2266 tamen
1850 2234 1883 2265 in
1906 2234 1978 2278 ipso
1998 2234 2069 2268 Mo-

1106 2296 1238 2329 nacensi
1258 2296 1314 2341 (C)
1336 2301 1422 2328 recte
1447 2296 1565 2338 legitur
1584 2297 1718 2340 psaltas.

1181 2371 1412 2418 chordae-istas]
1427 2370 1701 2420 Χορὸεικιστάς
1719 2372 1751 2404 in
1771 2372 1897 2405 Graeco
1921 2384 2068 2406 sermone

1103 2449 1169 2469 non
1203 2437 1368 2478 novimus,
1413 2437 1469 2469 sed
1504 2433 1775 2483 κορδακιότὰς,
1812 2435 1868 2479 qui
1898 2433 2068 2483 κόρδακα

1104 2499 1267 2540 saltarent,
1299 2499 1339 2530 de
1362 2510 1427 2542 quo
1446 2498 1517 2530 vide
1531 2498 1735 2530 Athenaeum
1753 2498 1828 2541 (14,
1846 2497 1912 2539 275
1937 2511 1967 2543 p.
1979 2500 2068 2542 629)

1102 2569 1135 2596 et
1163 2563 1342 2596 Lucianum
1378 2563 1431 2606 (de
1467 2562 1571 2594 saltat.
1595 2561 1674 2605 22);
1719 2567 1938 2594 verumtamen
1968 2575 2067 2607 quum

1101 2627 1153 2661 hic
1177 2627 1216 2661 de
1239 2626 1462 2660 instrumentis
1479 2626 1610 2663 musicis
1633 2630 1763 2668 agatur,
1787 2625 1938 2663 martiani
1956 2627 2066 2672 potins
