2310 2860
677 196 877 240 Martiani
914 196 1114 255 Capellae
1152 198 1224 241 lib.
1247 198 1301 241 ΙΙ.
1339 201 1370 252 §.
1397 198 1501 242 143.

112 301 311 345 manibus
347 303 586 346 involutam
623 303 985 348 immortalitatem
1026 306 1173 348 mortis
1214 305 1402 362 auspicio
1432 309 1697 351 consecrarit.

112 384 313 426 scendere
342 385 455 440 jussa
477 386 692 438 lecticam,
724 401 838 442 quae
866 386 909 427 in
940 396 1138 442 suggestu
1169 387 1360 428 maximo
1392 387 1599 442 quoniam
1630 389 1879 444 videbatur,
1909 392 2080 436 difficile

113 465 347 508 admodum
379 467 479 519 sibi,
517 483 572 509 ne
597 468 738 509 dicam
769 468 1048 522 impossibile,
1077 468 1323 525 deputabat.
1387 468 1438 510 In
1471 484 1605 525 quam
1639 485 1734 512 rem
1764 485 2075 530 consequenter

110 547 375 602 implendam
423 549 652 589 alumnum
697 561 828 588 suum
871 546 1076 589 dilectum
1121 563 1224 604 prae
1277 549 1430 591 ceteris
1473 553 1747 604 convocavit,
1796 569 1883 609 quo
1929 556 2076 598 innixa

109 643 284 670 omnem
321 629 611 672 difficultatem
650 645 831 686 superae
867 631 1139 672 consessionis
1180 632 1326 685 evicit3
1370 648 1527 675 verum
1557 634 1693 688 idem,
1739 636 1814 692 qui
1845 637 1989 679 Labor
2021 637 2075 678 ab

110 708 260 750 eadem
292 712 546 764 vocabatur,
586 727 672 754 non
702 711 842 753 solum
872 711 916 752 in
954 711 1126 753 lecticae
1157 712 1329 754 eulmen
1359 728 1457 754 eam
1486 716 1673 768 sustulit,
1715 732 1871 759 verum
1901 718 2072 759 coelum

110 805 210 833 eum
241 792 418 835 domina
447 794 628 850 impiger
664 793 914 850 permeavit.
971 792 1145 847 Quippe
1182 793 1418 835 consociato
1446 795 1526 836 sibi
1558 796 1749 851 quodam
1780 813 1917 853 puero
1948 798 2065 840 reni-

109 871 244 924 denti,
287 874 363 929 qui
393 889 471 915 nee
509 874 809 931 voluptuariae
838 874 1019 917 Veneris
1051 872 1162 915 filius
1192 884 1305 927 erat,
1345 883 1386 916 et
1415 884 1557 918 tamen
1588 877 1725 920 Amor
1756 893 1780 920 a
1808 879 2069 935 sapientibus

109 952 346 1006 ferebatur,
397 971 420 997 a
457 956 595 997 fronte
633 956 826 998 lecticam
864 954 1108 997 subvehere
1148 954 1397 997 moliuntur.
1464 956 1580 1000 Nam
1619 960 1824 1015 posticam
1854 962 2067 1018 Epimelia

108 1043 148 1074 et
169 1034 389 1090 Agrypnia
413 1035 564 1078 dilecta
596 1036 768 1092 virginis
792 1036 1002 1079 sustulere
1032 1036 1257 1092 mancipia·
1301 1038 1369 1078 Sic
1392 1038 1506 1081 enim
1530 1039 1761 1084 Athanasia
1783 1051 2073 1099 praeceperat,

1999 206 2083 249 197

1763 308 1928 354 Interea
1969 328 2072 356 con·
2104 317 2192 358 145

2104 799 2194 841 144

2108 965 2195 1007 1425

161 1195 223 1227 ·Et
242 1201 396 1238 pontum,
418 1202 449 1228 et
474 1195 587 1241 Slyyl'o
612 1208 713 1229 ranas
735 1198 771 1228 ι’νι
794 1198 924 1241 qut-qile
952 1197 1065 1241 niqroes

154 1257 264 1303 Atque
282 1269 349 1288 una
370 1260 510 1291 transire
536 1258 656 1290 vadum
681 1263 727 1291 tot
748 1259 848 1290 millia
873 1259 984 1301 cymba

156 1316 228 1350 IVeo
248 1319 343 1361 pueri
371 1319 526 1358 credunt,
565 1320 630 1351 nisi
661 1321 720 1367 qui
752 1319 896 1352 nondum
921 1330 997 1352 aere
1016 1319 1063 1351 la-

509 1386 659 1413 vamum«

105 1441 214 1487 (Cous.
240 1443 365 1488 Orphei
391 1442 516 1486 Argon.
547 1442 668 1487 1158).

178 1506 403 1553 consessionis]
420 1507 458 1539 In
472 1512 626 1549 suggestu
641 1506 789 1539 nimirum
805 1507 952 1539 maximo.
973 1505 1060 1538 Neu-

103 1570 225 1615 tiquam
248 1571 332 1603 cuim
352 1571 485 1603 aliorum
504 1570 759 1602 emendationem
779 1571 1053 1602 »conscensiom'su

102 1645 191 1667 curo.
237 1635 332 1678 Quae
359 1639 538 1679 sequuntur
566 1633 644 1666 satis
669 1634 891 1666 demonstrant
916 1644 1058 1665 »conses-

102 1699 204 1731 sionis
226 1697 400 1734 lab01·em‚«

179 1760 298 1808 Labor]
315 1763 366 1794 De
388 1761 589 1804 Philologiae
609 1761 774 1794 laboribus
792 1760 912 1792 multus
929 1759 1058 1803 quIdem

101 1828 153 1856 est
176 1829 287 1856 noster
311 1822 353 1868 (ξ.
375 1824 434 1855 22.
452 1824 511 1857 57.
530 1824 589 1856 59.
615 1823 700 1867 124)
723 1835 759 1855 ae
781 1823 882 1867 probe
910 1834 966 1854 eos
990 1822 1058 1853 lau-

101 1886 157 1918 dat
181 1885 278 1930 (conf.
308 1885 442 1917 Lucian.
470 1884 505 1916 in
532 1885 583 1916 his
613 1896 717 1917 aeeuS.
743 1884 801 1916 20.
830 1897 861 1928 p.
881 1885 927 1916 73
952 1882 1057 1928 Bip.):

101 1947 160 1979 sed
177 1948 240 1979 hoe
260 1946 333 1978 loeo
351 1958 410 1990 per
430 1951 698 1990 prosopopoeiam
721 1957 795 1977 eum
817 1945 939 1977 inducit
961 1957 1057 1988 quem

98 2008 265 2042 Hesiodus
282 2008 400 2052 (theog.
422 2008 510 2052 226)
529 2007 650 2048 Eridis,
678 2007 792 2040 Cicero
806 2007 859 2052 (N.
875 2008 916 2039 D.
934 2009 969 2048 5,
996 2006 1056 2051 17)

99 2072 212 2104 Noctis
241 2075 274 2103 et
305 2069 405 2102 Erebi
441 2069 541 2102 filium
571 2075 604 2101 et
634 2069 729 2101 (lenm
761 2068 859 2110 dixit,
896 2081 1055 2114 quemque

99 2135 256 2178 Virgilius
284 2133 386 2179 (Aen.
410 2135 450 2174 G,
481 2133 573 2178 277)
599 2133 692 2178 quasi
722 2133 840 2166 malum
867 2134 1056 2166 daemonem

98 2200 199 2232 finxit.
225 2199 342 2232 Cicero
364 2199 458 2230 ctiam
484 2199 596 2243 (Tuse.
622 2211 675 2242 qu.
700 2198 740 2238 2,
775 2198 833 2242 13)
862 2204 894 2230 et
917 2199 1056 2231 Plautus

99 2261 209 2306 (Cure.
227 2261 268 2302 2,
294 2262 332 2301 1,
359 2261 382 2293 4
405 2266 437 2292 et
452 2260 573 2292 Pseud.
597 2261 638 2301 2,
664 2262 705 2301 5,
730 2260 792 2304 20)
812 2260 955 2293 laborem
979 2273 1055 2293 eon-

98 2325 206 2356 ferunt
227 2336 300 2356 eum
317 2324 427 2356 dolore
453 2336 493 2355 ex
513 2324 662 2366 ambiguo
678 2324 822 2357 Graecae
839 2325 928 2358 vocis
946 2337 1053 2357 sensu.

174 2383 415 2429 voluptuariae]
443 2385 541 2417 Haud
570 2386 666 2417 dubie
689 2386 860 2418 Platonem
886 2387 920 2419 in
945 2393 1053 2419 mente

99 2446 237 2480 habehat
261 2446 438 2478 Martianus
466 2445 508 2490 (ἓ.
538 2448 585 2478 85
615 2447 704 2491 not.).
744 2447 929 2493 Appula-jus
955 2448 1053 2494 (apol.

99 2521 132 2554 p.
147 2508 222 2540 412
247 2506 346 2551 Oud.)
368 2507 578 2551 voluptariam
600 2508 686 2540 illam
710 2505 916 2556 πάνδημον
936 2511 1052 2543 Latine

98 2572 279 2616 vulgariam
305 2569 415 2612 vertit,
451 2575 485 2603 et
511 2575 621 2604 noster
646 2572 810 2608 »lascivire
834 2586 922 2608 eamn
951 2573 1052 2620 (infra

100 2635 128 2682 ξ.
144 2634 231 2679 703)
252 2633 339 2667 dicit.

1189 1195 1305 1244 Amor]
1331 1196 1407 1232 Non
1429 1199 1485 1233 ille
1511 1200 1640 1247 quidem
1665 1202 1823 1245 lascivus,
1847 1203 1887 1235 de
1914 1214 1978 1247 quo
1999 1213 2073 1235 mox

1114 1257 1161 1303 (§.
1186 1261 1276 1305 148)
1305 1262 1476 1306 Cupidinis
1513 1265 1643 1298 nomine
1677 1266 1750 1308 agit.
1786 1266 1958 1298 Geminum
1989 1266 2074 1297 enim

1114 1320 1299 1365 philosophi
1329 1323 1432 1367 (Plat.
1461 1336 1562 1370 synlp.
1590 1338 1621 1370 p.
1650 1327 1722 1358 180
1749 1325 1885 1371 Stcph.)
1911 1328 2075 1359 linxerunt

1111 1381 1268 1415 Amorem
1286 1385 1381 1428 (conf.
1395 1387 1529 1419 Lucian.
1546 1400 1667 1420 cncom.
1683 1390 1851 1422 Demosth.
1870 1392 1925 1422 13.
1941 1403 1972 1434 p.
1992 1391 2074 1423 145.

1111 1444 1187 1488 Bip.
1206 1446 1411 1479 xvidemann
1434 1448 1473 1480 de
1496 1461 1603 1493 propr.
1626 1461 1718 1482 serm.
1740 1464 1770 1494 p.
1788 1454 1846 1483 62.
1874 1453 2012 1486 Gesner.
2033 1455 2073 1485 ad

1112 1505 1214 1550 Orph.
1235 1519 1267 1550 p.
1286 1509 1317 1539 7.
1346 1508 1465 1552 Cuper.
1491 1509 1614 1542 observ.
1642 1512 1744 1555 132),
1771 1518 1900 1556 tresque
1922 1514 2003 1545 adeo
2025 1515 2072 1545 di-

1111 1569 1244 1610 stinguit
1269 1569 1453 1614 Appulejus
1478 1572 1530 1616 (de
1551 1574 1656 1615 dogm.
1676 1575 1762 1607 Plat.
1784 1576 1819 1609 2.
1844 1577 1919 1608 510
1944 1589 1976 1620 p.
1995 1577 2070 1610 259

1108 1630 1226 1673 (hut),
1258 1643 1395 1675 quorum
1432 1644 1534 1664 nunus
1566 1634 1608 1665 sit
1631 1635 1757 1667 (livinus
1782 1648 1855 1668 cum
1884 1637 2071 1682 incorrupta
2097 1652 2103 1657 ²

1109 1697 1234 1733 mente,
1270 1692 1351 1724 alter
1376 1693 1544 1736 degeneris
1562 1695 1658 1727 animi
1680 1701 1711 1727 et
1733 1698 1992 1742 corruptissimae
2014 1712 2069 1732 vo-

1107 1753 1250 1798 luptatis,
1269 1754 1382 1786 tertius
1401 1767 1442 1787 ex
1461 1761 1599 1801 utroque
1620 1757 1739 1790 mixtus
1756 1759 1926 1791 mediocris
1947 1761 2069 1803 ingenii

1109 1821 1142 1848 et
1165 1816 1326 1860 cupidinis
1347 1817 1520 1850 medicaea
1559 1818 1634 1852 Hoc
1657 1819 1730 1851 loeo
1756 1820 1797 1852 de
1820 1833 1858 1853 eo
1881 1814 1986 1854 sermo
2005 1829 2067 1865 est,

1109 1889 1173 1922 quo
1197 1878 1248 1910 via
1270 1879 1310 1910 ad
1326 1878 1515 1923 sapientiam
1534 1880 1696 1913 invenitur
1717 1882 1814 1926 (l‘lat.
1831 1896 1862 1928 p.
1879 1884 1951 1917 204
1976 1897 2066 1929 sequ.

1107 1941 1204 1985 209).
1222 1943 1274 1974 De
1290 1943 1440 1975 formosis
1461 1949 1566 1976 autem
1585 1946 1750 1977 calonibus
1768 1946 1913 1979 lecticam
1936 1949 2065 1981 serenti-

1106 2006 1168 2038 bus
1187 2005 1259 2039 vide
1278 2005 1436 2039 Senecam
1448 2008 1510 2053 (ep.
1530 2009 1615 2053 110)
1628 2009 1736 2054 ibique
1750 2010 1896 2055 Lipsium
1910 2011 1955 2056 (p.
1966 2014 2064 2058 841).

1179 2069 1317 2116 postica]
1343 2071 1410 2103 Pro
1432 2074 1588 2115 posticam
1611 2073 1645 2106 in
1673 2074 1766 2106 editis
1784 2087 1802 2106 e
1825 2074 1932 2107 Grotii
1953 2089 2064 2109 manu-

1107 2131 1226 2176 scripto
1253 2133 1387 2165 correxi.
1418 2133 1515 2176 Fugit
1538 2135 1617 2167 haec
1638 2134 1736 2168 lectio
1760 2142 1793 2168 et
1817 2136 2063 2178 W'Valthardum,

1107 2201 1139 2227 ct
1159 2195 1328 2237 Goezium,
1351 2197 1425 2241 quia
1442 2210 1508 2230 non
1526 2199 1565 2230 ad
1581 2200 1676 2240 hune,
1701 2200 1759 2232 sed
1775 2201 1815 2232 ad
1838 2201 1934 2233 alium
1953 2202 2061 2234 locum

1105 2258 1148 2303 (ξ.
1167 2258 1228 2303 66)
1247 2260 1381 2292 Grotius
1401 2273 1470 2292 eam
1487 2262 1684 2306 prodiderat.
1711 2264 1864 2297 Concinit
1885 2277 1957 2298 eum
1977 2265 2059 2298 Gro-

1103 2323 1190 2354 tiano
1214 2323 1480 2356 Darmstattensis
1502 2326 1615 2360 codex.

1179 2384 1357 2430 Epimelia]
1389 2385 1516 2418 Ficlum
1549 2387 1698 2432 mancipii
1732 2400 1850 2420 nemen
1880 2400 1899 2419 e
1931 2388 2057 2420 Gracco

1105 2445 1323 2489 ἐπιμέλεια,
1351 2447 1525 2489 diligentia.
1557 2449 1609 2481 De
1633 2449 1751 2489 altero,
1779 2449 1865 2492 quod
1887 2447 2055 2494 Agrypnia

1103 2510 1236 2551 dieitur,
1267 2511 1465 2555 superiorem
1488 2511 1530 2557 (ξ.
1551 2512 1636 2556 112)
1663 2513 1771 2544 confer
1789 2512 1906 2544 locum.

1176 2573 1325 2620 vir-asinis]
1356 2575 1489 2620 Virgini
1507 2576 1592 2620 apud
1614 2574 1762 2608 Grotium
1783 2574 1909 2606 correxi
1929 2587 1948 2607 e
1967 2576 2054 2609 codi-

1102 2637 1192 2672 cibus
1219 2639 1470 2675 Monaeensibus
1503 2638 1564 2685 (B.
1579 2638 1620 2671 E.
1636 2637 1703 2681 G),
1733 2637 1897 2675 Vossiano
1921 2638 2053 2683 (Ax-niz.
