2310 2860
146 1175 168 1214 ...N

180 1174 200 1215 μὴ

205 1175 234 1215 01

260 166 350 207 598
816 163 1014 205 Martiani
1053 161 1252 219 Capellae
1288 161 1359 203 lib.
1389 162 1444 203 V.
1484 163 1515 213 ᾗ.
1537 161 1642 203 442.

262 270 474 313 nonnullis
511 268 664 310 dicitur
710 284 829 325 pars,
878 269 1068 326 partibus
1101 268 1260 310 eunctis
1301 268 1554 310 adscribitur
1585 268 1950 325 idcircoquelipsa
1981 286 2076 327 pars
2123 286 2207 313 non

261 350 410 407 poterit
447 350 522 390 rite
561 350 734 402 censeri,
792 350 888 391 licet
932 349 1035 404 quid
1066 349 1295 390 dicendum
1330 349 1490 404 quidve
1527 349 1741 390 silendum
1778 349 1829 389 sit
1865 349 2113 405 dispensatio
2143 352 2211 405 ju-

261 430 476 470 dicationis
511 431 736 473 examinet.
798 430 990 472 Iuventio
1031 440 1089 471 est
1127 430 1426 484 quaestionum
1461 441 1903 487 argumentorumque
1934 446 2062 486 sagax
2091 435 2213 475 inve—

259 511 534 566 stigatrixque
573 512 919 567 comprehensi03
958 510 1174 567 dispositio
1215 521 1293 564 est,
1347 527 1458 567 quae
1490 512 1684 553 ordinem
1714 512 1844 552 rebus
1876 513 2084 564 attribuit3
2125 514 2213 554 elo-

262 594 391 645 cutio,
424 609 535 649 quae
562 594 706 649 arripit
731 595 864 635 verba
895 594 963 635 vel
996 593 1169 649 propria
1201 593 1267 634 vel
1299 593 1518 642 translata,
1552 606 1752 648 quaeque
1776 608 1890 634 nova
1918 594 2017 634 facit
2046 603 2211 636 vetera-

259 688 345 728 que
375 675 611 729 componit,
651 675 859 715 memoria
887 673 1012 715 firma
1042 687 1188 714 rerum
1223 674 1549 729 verborumque
1584 673 1774 715 custodia
1805 683 1884 726 est3
1924 673 2215 729 pronunciatio

2059 754 2142 795 Sed
2164 769 2214 795 ex

262 837 326 877 his
353 837 640 877 inventionem
676 846 837 877 certum
873 846 931 878 est
955 852 1042 877 csse
1066 837 1352 892 potissimam,
1386 836 1506 889 cujus
1538 850 1645 891 opus
1677 845 1737 876 est
1769 849 1922 876 causac
1953 835 2216 890 quaestiones

263 756 396 806 vocis,
429 765 587 805 motus,
619 764 845 809 gestusque
878 770 954 810 pro
987 769 1133 796 rerum
1168 753 1492 809 verborumque
1524 753 1720 809 dignitate
1751 754 1999 796 moderatio.

262 928 459 959 excutere
492 927 530 958 ct
561 927 810 972 argumenta
843 917 1027 973 probatu
1058 917 1211 959 vidonea
1241 917 1442 974 reperire.

421 1075 500 1115 DE
537 1074 1013 1124 QUAESTIONIBUS
1049 1074 1486 1116 PRINCIPALIBUS
1521 1074 1599 1116 ET
1633 1074 2066 1117 INCIDENTIBUS.

432 1180 742 1229 Quaestionum
775 1195 877 1221 vero
901 1179 1062 1234 duplex
1092 1179 1249 1233 species
1282 1188 1354 1220 est.
1392 1179 1511 1220 Aliae
1543 1189 1640 1220 sunt
1666 1179 1777 1220 enim
1810 1180 2084 1235 principaleS,
2117 1179 2222 1221 aliae

262 1260 501 1301 incidente-s.

568 1260 824 1315 Principales
863 1269 961 1300 sunt
998 1269 1149 1310 status,
1201 1274 1253 1299 ex
1293 1259 1450 1314 quibus
1491 1261 1678 1300 nascitur
1713 1274 1862 1310 causa,
1915 1274 2022 1313 quas
2053 1259 2223 1299 Tullius

263 1339 573 1380 constitutiones
615 1340 819 1394 appellat3
869 1338 1097 1378 incidentes
1129 1353 1252 1389 vern,
1301 1353 1412 1393 quae
1443 1338 1550 1379 dum
1582 1348 1786 1380 tractatur
1818 1353 1947 1380 causa
1976 1348 2224 1388 nascuntur,

264 1473 298 1498 ut
327 1469 627 1510 pronunciationem
654 1478 782 1509 quoque
816 1465 868 1498 vel
903 1465 1074 1509 plurimum
1108 1476 1148 1495 ex
1180 1476 1218 1495 co

263 1529 400 1559 mutuari
428 1535 572 1572 putemng
605 1540 669 1572 quo
695 1528 733 1559 de
764 1528 836 1559 loeo
864 1527 974 1569 confer
1000 1538 1081 1570 quac
1112 1526 1219 1570 dispu-

263 1592 340 1623 tavit
365 1592 538 1624 Schi'itzius
565 1592 610 1635 (in
632 1591 775 1634 opuscul.
800 1604 831 1634 p.
846 1591 916 1621 251
941 1589 1052 1632 scqu.).

339 1654 494 1699 inventio]
523 1655 638 1686 Cicero
662 1655 740 1697 (inv.
759 1656 790 1693 1,
818 1654 853 1695 7)
875 1655 1092 1684 inventionem
1112 1652 1218 1695 appel-

266 1718 311 1748 lat
334 1718 614 1759 »excogitationem
634 1729 740 1747 rorum
757 1728 902 1748 verarum
919 1722 972 1747 aut
991 1715 1219 1755 verisimilium,

267 1793 348 1825 quae
374 1794 500 1813 causam
529 1781 725 1824 prohabilem
748 1780 918 1819 reddant«,
952 1792 1046 1823 quem
1075 1779 1219 1823 plerique

267 1851 452 1888 sequuntur.
484 1845 634 1875 Nostram
662 1844 878 1875 definitionem
905 1844 1062 1874 Pithoeus
1089 1844 1219 1886 (rhetor.

269 1919 300 1949 p.
317 1907 403 1948 538)
431 1907 554 1937 Isidoro
580 1918 707 1949 quoquc
733 1906 859 1945 tribuit,
888 1905 945 1936 sed
972 1905 1004 1936 in
1030 1905 1100 1948 ipso
1134 1905 1220 1935 itlius

270 1981 364 2012 opere
384 1970 469 2000 nulla
487 1970 557 2010 ejus
576 1969 708 2011 vestigia
733 1974 870 2000 exstant.
896 1969 990 2000 Unde
1015 1974 1125 2000 noster
1145 1970 1220 1999 liau-

270 2031 360 2070 serit,
397 2043 527 2074 prorsus
556 2031 683 2072 ignoro,
717 2031 903 2074 pracsertim
932 2035 1063 2074 propter
1090 2030 1223 2065 inusita.

269 2099 336 2123 tuin
367 2093 554 2124 vocabulum
583 2095 830 2136 investigati-tlt,
863 2092 948 2135 qnod
979 2092 1134 2124 Graecam
1162 2092 1222 2123 ori·
1241 2082 1251 2090 ¹

270 2156 374 2198 gincm
401 2168 510 2198 sapere
538 2156 676 2193 xidctur,
710 2163 744 2187 ut
773 2157 855 2199 apud
881 2156 1069 2187 Ciceronem
1090 2155 1222 2199 (iuvent.

273 2221 310 2260 1,
344 2221 372 2250 l.
403 2220 435 2249 2.
463 2218 510 2261 4)
548 2220 759 2255 dominatrix,
797 2222 975 2258 imitatrix,
1009 2220 1222 2258 moderatrix,

272 2281 355 2323 apud
386 2280 638 2323 Quinctilianum
665 2281 718 2324 (2,
752 2283 811 2321 13,
843 2282 904 2324 21)
933 2283 1118 2320 inventrix,
1138 2281 1225 2325 jndi-

273 2343 399 2379 catm'x,
420 2343 635 2373 emunctam-iia

345 2404 589 2451 verbor-nmque]
617 2405 666 2435 Ita
691 2405 803 2435 melius
837 2405 869 2436 in
900 2406 1008 2438 codice
1038 2404 1226 2437 Monaecnsi

1272 1465 1398 1509 Spald.)
1427 1466 1644 1508 consulueris,
1678 1466 1800 1499 videbis
1828 1467 1908 1499 haec
1933 1478 1951 1498 a
1974 1453 2085 1498 nostro
2117 1476 2226 1509 presse

1271 1529 1429 1572 exscripta
1450 1542 1532 1561 esse.

1350 1605 1418 1624 esse
1442 1591 1658 1637 potissimam]
1691 1593 1817 1624 Pariter
1842 1592 1992 1624 Ciceroni
2017 1591 2070 1635 (de
2095 1591 2158 1622 inv.
2187 1592 2227 1630 1,

1271 1656 1347 1699 59)=
1370 1657 1530 1688 „inventio
1551 1657 1653 1700 prima
1668 1662 1699 1687 et
1714 1656 1848 1687 maxima
1866 1662 1915 1686 est
1932 1667 2004 1698 pars
2021 1654 2221 1686 rhetoricam«

1354 1718 1593 1765 quaestionum]
1611 1719 1730 1751 Curius
1748 1719 1997 1749 Fortunatianus
2011 1718 2054 1761 (p.
2070 1719 2118 1750 66
2133 1717 2231 1760 Pith.)

1272 1785 1344 1811 octo
1372 1781 1596 1824 quaestionum
1626 1781 1750 1824 species
1776 1780 1881 1823 ponit:
1911 1779 2127 1821 »generalcm,
2160 1790 2230 1824 spe-

1272 1841 1400 1881 cialem,
1427 1842 1652 1885 principalem,
1681 1842 1890 1881 incidentem,
1923 1841 2150 1881 voluntariam,
2176 1852 2232 1872 ne-

1273 1903 1459 1943 eessariam,
1487 1903 1698 1943 accidentem,
1725 1903 1918 1934 erraticam.«
1953 1902 2124 1935 Vocabulo
2143 1903 2232 1945 pm‘n-

1274 1966 1386 2008 cipalis
1412 1965 1445 1996 in
1477 1965 1572 1996 simili
1603 1976 1699 1997 eausa
1734 1965 1834 1995 utitur
1861 1964 1977 1997 Cicero
2009 1964 2062 2007 (de
2090 1964 2162 1994 sato„
2181 1961 2231 2004 1)=

1280 2040 1466 2060 „causarum
1486 2029 1566 2060 aliae
1590 2034 1665 2060 sunt
1687 2029 1846 2071 perfectae
1863 2034 1895 2059 ct
1911 2027 2119 2070 principales,
2133 2028 2138 2032 '
2151 2025 2232 2056 aliae

1795 2089 1898 2120 Paulo
1924 2088 2015 2118 aliter
2041 2086 2232 2129 Quinc-tilia·

1274 2165 1334 2185 nus
1366 2154 1419 2196 (5,
1444 2154 1483 2193 6,
1512 2153 1562 2195 7)=
1587 2153 1687 2184 »aliae
1715 2151 1957 2195 (quaestiones)
1983 2155 2058 2181 sunt
2084 2151 2233 2193 propriae

1274 2091 1465 2133 adjuvantes
1493 2095 1525 2121 et
1552 2089 1744 2133 proximae.«

1274 2228 1456 2256 causarum,
1495 2216 1534 2248 de
1564 2216 1680 2260 quibus
1705 2215 1834 2246 serenda
1864 2213 2021 2244 sententia
2053 2218 2117 2253 cst,
2153 2212 2234 2244 aliae

1275 2280 1433 2312 adductae
1464 2280 1680 2318 extrinsecus,
1718 2277 1838 2320 aliquid
1876 2282 1981 2307 tamen
2013 2276 2053 2307 ad
2079 2286 2233 2307 summam

1275 2354 1391 2377 causae
1419 2343 1636 2380 conferentes,
1664 2340 1751 2371 vetut
1778 2340 1896 2370 auxilia
1921 2339 2106 2383 quaedamst«

1350 2401 1613 2446 constitutiones]
1643 2401 1758 2434 Cicero
1782 2401 1834 2444 (de
1860 2401 1977 2432 invent.
2004 2402 2041 2440 l,
2068 2400 2121 2444 8):
2147 2410 2234 2431 neam

273 2466 328 2509 (C)
353 2479 446 2510 qnam
469 2467 502 2498 in
526 2466 619 2497 editis
638 2471 669 2496 et
689 2467 866 2498 verborum.
894 2468 1021 2510 Quodsi
1039 2468 1229 2500 Ciceronem
1280 2469 1516 2516 quaestionem,
1539 2478 1576 2497 ex
1597 2478 1659 2508 qua
1683 2477 1780 2497 eausa
1799 2465 1954 2505 nascitur,
1978 2464 2234 2496 constitutionem

274 2531 325 2571 (de
346 2536 424 2563 orat.
443 2533 478 2569 1,
502 2532 543 2570 53
573 2534 650 2562 orat.
669 2530 742 2572 17),
771 2529 946 2562 Auctorem
969 2533 1008 2563 ad
1029 2533 1229 2564 Herennium
1279 2529 1506 2573 appellamus.«
1546 2527 1786 2571 Quinctilianus
1808 2527 1861 2569 (5,
1889 2528 1929 2566 (3,
1958 2525 2010 2566 2):
2042 2523 2144 2567 ..quod
2174 2534 2233 2554 nos

289 2594 327 2632 5,
369 2594 410 2624 11
431 2600 461 2624 ct
484 2594 551 2634 15),
571 2600 603 2625 et
624 2593 877 2634 Quinctiliannm
900 2594 955 2636 (Η
969 2616 977 2633 ,
993 2597 1032 2632 5?
1064 2605 1133 2637 pag.
1155 2595 1229 2625 529
1279 2597 1415 2626 statum,
1438 2590 1470 2619 id
1490 2589 1618 2630 quidam
1639 2590 1893 2618 consumarem-m
1913 2589 2042 2625 vocant,
2068 2583 2121 2615 alii
2139 2596 2234 2630 quae-
