<?xml version="1.0" encoding="UTF-8"?>
<!DOCTYPE html PUBLIC "-//W3C//DTD XHTML 1.0 Transitional//EN"
    "http://www.w3.org/TR/xhtml1/DTD/xhtml1-transitional.dtd">
<html xmlns="http://www.w3.org/1999/xhtml" xml:lang="en" lang="en">
 <head>
  <title>
</title>
<meta http-equiv="Content-Type" content="text/html;charset=utf-8" />
  <meta name='ocr-system' content='tesseract 3.04.00' />
  <meta name='ocr-capabilities' content='ocr_page ocr_carea ocr_par ocr_line ocrx_word'/>
</head>
<body>
  <div class='ocr_page' id='page_1' title='image "./denuptiisphilolo00martuoft/denuptiisphilolo00martuoft_0119.png"; bbox 0 0 2310 2860; ppageno 0'>
   <div class='ocr_carea' id='block_1_1' title="bbox 756 78 1528 136">
    <p class='ocr_par' dir='ltr' id='par_1_1' title="bbox 756 78 1528 136">
     <span class='ocr_line' id='line_1_1' title="bbox 756 78 1528 136; baseline -0.001 -14"><span class='ocrx_word' id='word_1_1' title='bbox 756 80 956 125; x_wconf 82' lang='lat' dir='ltr'>Martiani</span> <span class='ocrx_word' id='word_1_2' title='bbox 993 78 1193 136; x_wconf 81' lang='lat' dir='ltr'>Capellae</span> <span class='ocrx_word' id='word_1_3' title='bbox 1231 79 1303 120; x_wconf 90' lang='lat' dir='ltr'>lib.</span> <span class='ocrx_word' id='word_1_4' title='bbox 1327 79 1359 120; x_wconf 96' lang='grc' dir='ltr'>Ι.</span> <span class='ocrx_word' id='word_1_5' title='bbox 1398 81 1429 133; x_wconf 83' lang='lat'>§.</span> <span class='ocrx_word' id='word_1_6' title='bbox 1453 78 1528 121; x_wconf 81' lang='grc'>42.</span> 
     </span>
    </p>
   </div>
   <div class='ocr_carea' id='block_1_2' title="bbox 178 186 1150 244">
    <p class='ocr_par' dir='ltr' id='par_1_2' title="bbox 178 186 1150 244">
     <span class='ocr_line' id='line_1_2' title="bbox 178 186 1150 244; baseline -0.006 -11"><span class='ocrx_word' id='word_1_7' title='bbox 178 200 226 234; x_wconf 86' lang='lat' dir='ltr'>ut</span> <span class='ocrx_word' id='word_1_8' title='bbox 244 191 353 232; x_wconf 80' lang='lat' dir='ltr'>inter</span> <span class='ocrx_word' id='word_1_9' title='bbox 378 189 480 231; x_wconf 87' lang='lat' dir='ltr'>alios</span> <span class='ocrx_word' id='word_1_10' title='bbox 507 188 712 244; x_wconf 86' lang='lat' dir='ltr'>potissimi</span> <span class='ocrx_word' id='word_1_11' title='bbox 741 197 992 243; x_wconf 79' lang='lat' dir='ltr'>rogarentur</span> <span class='ocrx_word' id='word_1_12' title='bbox 1019 186 1150 242; x_wconf 85' lang='lat' dir='ltr'>ipsius</span> 
     </span>
    </p>
   </div>
   <div class='ocr_carea' id='block_1_3' title="bbox 2073 83 2131 124">
    <p class='ocr_par' dir='ltr' id='par_1_3' title="bbox 2073 83 2131 124">
     <span class='ocr_line' id='line_1_3' title="bbox 2073 83 2131 124; baseline 0 0"><span class='ocrx_word' id='word_1_13' title='bbox 2073 83 2131 124; x_wconf 81' lang='lat'>89</span> 
     </span>
    </p>
   </div>
   <div class='ocr_carea' id='block_1_4' title="bbox 1178 184 2130 241">
    <p class='ocr_par' dir='ltr' id='par_1_4' title="bbox 1178 184 2130 241">
     <span class='ocr_line' id='line_1_4' title="bbox 1178 184 2130 241; baseline 0.005 -15"><span class='ocrx_word' id='word_1_14' title='bbox 1178 185 1362 241; x_wconf 74' lang='lat' dir='ltr'>collegae</span> <span class='ocrx_word' id='word_1_15' title='bbox 1389 185 1528 235; x_wconf 85' lang='lat' dir='ltr'>Jovis‚</span> <span class='ocrx_word' id='word_1_16' title='bbox 1570 187 1645 241; x_wconf 88' lang='lat' dir='ltr'>qui</span> <span class='ocrx_word' id='word_1_17' title='bbox 1676 184 1837 229; x_wconf 84' lang='lat' dir='ltr'>bisseni</span> <span class='ocrx_word' id='word_1_18' title='bbox 1853 201 1954 229; x_wconf 85' lang='lat' dir='ltr'>cum</span> <span class='ocrx_word' id='word_1_19' title='bbox 1979 186 2130 231; x_wconf 79' lang='lat' dir='ltr'>eodem</span> 
     </span>
    </p>
   </div>
   <div class='ocr_carea' id='block_1_5' title="bbox 177 265 1827 324">
    <p class='ocr_par' dir='ltr' id='par_1_5' title="bbox 177 265 1827 324">
     <span class='ocr_line' id='line_1_5' title="bbox 177 265 1827 324; baseline -0.001 -12"><span class='ocrx_word' id='word_1_20' title='bbox 177 271 372 312; x_wconf 83' lang='lat' dir='ltr'><strong>Tonante</strong></span> <span class='ocrx_word' id='word_1_21' title='bbox 401 278 712 319; x_wconf 84' lang='lat' dir='ltr'>numerantur,</span> <span class='ocrx_word' id='word_1_22' title='bbox 761 284 958 324; x_wconf 88' lang='lat' dir='ltr'>quosque</span> <span class='ocrx_word' id='word_1_23' title='bbox 989 266 1199 309; x_wconf 85' lang='lat' dir='ltr'>distichon</span> <span class='ocrx_word' id='word_1_24' title='bbox 1231 265 1528 322; x_wconf 82' lang='lat' dir='ltr'>complectitur</span> <span class='ocrx_word' id='word_1_25' title='bbox 1557 267 1827 310; x_wconf 82' lang='lat' dir='ltr'>Ennianum:</span> 
     </span>
    </p>
   </div>
   <div class='ocr_carea' id='block_1_6' title="bbox 457 347 1848 402">
    <p class='ocr_par' dir='ltr' id='par_1_6' title="bbox 457 347 1848 402">
     <span class='ocr_line' id='line_1_6' title="bbox 457 347 1848 402; baseline 0.001 -12"><span class='ocrx_word' id='word_1_26' title='bbox 457 349 591 401; x_wconf 84' lang='lat' dir='ltr'>Juno‚</span> <span class='ocrx_word' id='word_1_27' title='bbox 635 349 789 400; x_wconf 82' lang='lat' dir='ltr'>Vesta,</span> <span class='ocrx_word' id='word_1_28' title='bbox 839 349 1058 399; x_wconf 83' lang='lat' dir='ltr'>Minerva,</span> <span class='ocrx_word' id='word_1_29' title='bbox 1100 347 1249 397; x_wconf 89' lang='lat' dir='ltr'>Ceres,</span> <span class='ocrx_word' id='word_1_30' title='bbox 1292 347 1455 398; x_wconf 74' lang='lat' dir='ltr'>Diana,</span> <span class='ocrx_word' id='word_1_31' title='bbox 1494 347 1664 402; x_wconf 75' lang='lat' dir='ltr'>Venus,</span> <span class='ocrx_word' id='word_1_32' title='bbox 1709 349 1848 402; x_wconf 86' lang='lat' dir='ltr'>Mars,</span> 
     </span>
    </p>
   </div>
   <div class='ocr_carea' id='block_1_7' title="bbox 459 427 1682 486">
    <p class='ocr_par' dir='ltr' id='par_1_7' title="bbox 459 427 1682 486">
     <span class='ocr_line' id='line_1_7' title="bbox 459 427 1682 486; baseline 0 -15"><span class='ocrx_word' id='word_1_33' title='bbox 459 429 727 482; x_wconf 80' lang='lat' dir='ltr'>Mercurius,</span> <span class='ocrx_word' id='word_1_34' title='bbox 765 429 887 481; x_wconf 86' lang='lat' dir='ltr'>Jovi&#39;,</span> <span class='ocrx_word' id='word_1_35' title='bbox 928 430 1180 485; x_wconf 86' lang='lat' dir='ltr'>Neptunus,</span> <span class='ocrx_word' id='word_1_36' title='bbox 1224 427 1473 480; x_wconf 78' lang='lat' dir='ltr'>Vulcanus,</span> <span class='ocrx_word' id='word_1_37' title='bbox 1516 428 1682 486; x_wconf 90' lang='lat' dir='ltr'>Apollo.</span> 
     </span>
    </p>
   </div>
   <div class='ocr_carea' id='block_1_8' title="bbox 171 563 1154 2491">
    <p class='ocr_par' dir='ltr' id='par_1_8' title="bbox 174 563 1132 734">
     <span class='ocr_line' id='line_1_8' title="bbox 175 563 1130 609; baseline -0.002 -11"><span class='ocrx_word' id='word_1_38' title='bbox 175 563 316 598; x_wconf 78' lang='lat' dir='ltr'>Genium</span> <span class='ocrx_word' id='word_1_39' title='bbox 331 563 467 608; x_wconf 75' lang='lat' dir='ltr'>(Ax-nob.</span> <span class='ocrx_word' id='word_1_40' title='bbox 487 566 521 597; x_wconf 88' lang='lat'>5.</span> <span class='ocrx_word' id='word_1_41' title='bbox 538 577 569 609; x_wconf 89' lang='lat' dir='ltr'>p.</span> <span class='ocrx_word' id='word_1_42' title='bbox 594 565 676 597; x_wconf 89' lang='grc'><strong>125.</strong></span> <span class='ocrx_word' id='word_1_43' title='bbox 701 563 786 608; x_wconf 76' lang='grc'><strong>123)</strong></span> <span class='ocrx_word' id='word_1_44' title='bbox 804 570 837 596; x_wconf 90' lang='lat' dir='ltr'>et</span> <span class='ocrx_word' id='word_1_45' title='bbox 856 563 990 597; x_wconf 65' lang='lat' dir='ltr'>«lovium</span> <span class='ocrx_word' id='word_1_46' title='bbox 1006 565 1130 598; x_wconf 83' lang='lat' dir='ltr'>Hercu-</span> 
     </span>
     <span class='ocr_line' id='line_1_9' title="bbox 174 626 935 671; baseline -0.004 -11"><span class='ocrx_word' id='word_1_47' title='bbox 174 626 238 660; x_wconf 82' lang='lat' dir='ltr'>lem</span> <span class='ocrx_word' id='word_1_48' title='bbox 262 626 371 671; x_wconf 86' lang='lat' dir='ltr'>(Grut.</span> <span class='ocrx_word' id='word_1_49' title='bbox 392 628 450 667; x_wconf 87' lang='grc'><strong>18,</strong></span> <span class='ocrx_word' id='word_1_50' title='bbox 475 627 513 670; x_wconf 70' lang='grc'><strong>»1)</strong></span> <span class='ocrx_word' id='word_1_51' title='bbox 538 626 763 671; x_wconf 77' lang='lat' dir='ltr'>inscriptiones</span> <span class='ocrx_word' id='word_1_52' title='bbox 786 627 935 670; x_wconf 87' lang='lat' dir='ltr'>produnt.</span> 
     </span>
     <span class='ocr_line' id='line_1_10' title="bbox 249 688 1132 734; baseline 0 -13"><span class='ocrx_word' id='word_1_53' title='bbox 249 688 462 734; x_wconf 66' lang='lat' dir='ltr'>rogarentur]</span> <span class='ocrx_word' id='word_1_54' title='bbox 489 689 717 729; x_wconf 81' lang='lat' dir='ltr'>Invitarentur,</span> <span class='ocrx_word' id='word_1_55' title='bbox 739 688 982 729; x_wconf 76' lang='lat' dir='ltr'>advocarentur,</span> <span class='ocrx_word' id='word_1_56' title='bbox 1004 688 1132 733; x_wconf 85' lang='lat' dir='ltr'>proprie</span> 
     </span>
    </p>

    <p class='ocr_par' dir='ltr' id='par_1_9' title="bbox 174 752 1132 848">
     <span class='ocr_line' id='line_1_11' title="bbox 174 752 1132 801; baseline 0 -17"><span class='ocrx_word' id='word_1_57' title='bbox 174 752 214 784; x_wconf 87' lang='lat' dir='ltr'>ad</span> <span class='ocrx_word' id='word_1_58' title='bbox 237 764 380 785; x_wconf 87' lang='lat' dir='ltr'>coenam.</span> <span class='ocrx_word' id='word_1_59' title='bbox 417 752 550 798; x_wconf 81' lang='lat' dir='ltr'>Apulej.</span> <span class='ocrx_word' id='word_1_60' title='bbox 578 757 651 784; x_wconf 86' lang='lat' dir='ltr'>met.</span> <span class='ocrx_word' id='word_1_61' title='bbox 682 752 756 785; x_wconf 85' lang='lat' dir='ltr'>Lib.</span> <span class='ocrx_word' id='word_1_62' title='bbox 781 754 817 785; x_wconf 79' lang='lat'>1:</span> <span class='ocrx_word' id='word_1_63' title='bbox 839 753 944 797; x_wconf 64' lang='lat' dir='ltr'>Rogat</span> <span class='ocrx_word' id='word_1_64' title='bbox 961 758 992 786; x_wconf 81' lang='lat' dir='ltr'>le</span> <span class='ocrx_word' id='word_1_65' title='bbox 1016 754 1132 801; x_wconf 78' lang='lat' dir='ltr'>inquil.</span> 
     </span>
     <span class='ocr_line' id='line_1_12' title="bbox 174 814 279 848; baseline -0.019 0"><span class='ocrx_word' id='word_1_66' title='bbox 174 814 279 848; x_wconf 83' lang='lat' dir='ltr'>Gnor.</span> 
     </span>
    </p>

    <p class='ocr_par' dir='ltr' id='par_1_10' title="bbox 174 875 1130 982">
     <span class='ocr_line' id='line_1_13' title="bbox 247 875 1130 924; baseline -0.002 -14"><span class='ocrx_word' id='word_1_67' title='bbox 247 878 367 910; x_wconf 73' lang='lat' dir='ltr'>bisseni</span> <span class='ocrx_word' id='word_1_68' title='bbox 379 888 452 910; x_wconf 83' lang='lat' dir='ltr'>cum</span> <span class='ocrx_word' id='word_1_69' title='bbox 472 875 594 924; x_wconf 82' lang='lat' dir='ltr'>eodem]</span> <span class='ocrx_word' id='word_1_70' title='bbox 621 877 761 909; x_wconf 82' lang='lat' dir='ltr'>Prorsus</span> <span class='ocrx_word' id='word_1_71' title='bbox 784 884 820 910; x_wconf 91' lang='lat' dir='ltr'>ut</span> <span class='ocrx_word' id='word_1_72' title='bbox 839 878 975 910; x_wconf 82' lang='lat' dir='ltr'>Plautus</span> <span class='ocrx_word' id='word_1_73' title='bbox 991 877 1130 922; x_wconf 86' lang='lat' dir='ltr'>(Epidic.</span> 
     </span>
     <span class='ocr_line' id='line_1_14' title="bbox 174 938 341 982; baseline -0.012 -11"><span class='ocrx_word' id='word_1_74' title='bbox 174 940 205 971; x_wconf 81' lang='lat'>5.</span> <span class='ocrx_word' id='word_1_75' title='bbox 231 940 262 970; x_wconf 85' lang='lat'>1.</span> <span class='ocrx_word' id='word_1_76' title='bbox 287 938 341 982; x_wconf 53' lang='grc' dir='ltr'>ὣς</span> 
     </span>
    </p>

    <p class='ocr_par' dir='ltr' id='par_1_11' title="bbox 229 1001 1131 1046">
     <span class='ocr_line' id='line_1_15' title="bbox 229 1001 1131 1046; baseline -0.001 -11"><span class='ocrx_word' id='word_1_77' title='bbox 229 1001 285 1035; x_wconf 75' lang='lat' dir='ltr'>»Si</span> <span class='ocrx_word' id='word_1_78' title='bbox 301 1001 450 1034; x_wconf 80' lang='lat' dir='ltr'>undecim</span> <span class='ocrx_word' id='word_1_79' title='bbox 480 1001 554 1034; x_wconf 78' lang='lat' dir='ltr'>deos</span> <span class='ocrx_word' id='word_1_80' title='bbox 584 1007 714 1046; x_wconf 84' lang='lat' dir='ltr'>praeter</span> <span class='ocrx_word' id='word_1_81' title='bbox 750 1014 820 1035; x_wconf 90' lang='lat' dir='ltr'>sese</span> <span class='ocrx_word' id='word_1_82' title='bbox 851 1014 960 1035; x_wconf 81' lang='lat' dir='ltr'>secum</span> <span class='ocrx_word' id='word_1_83' title='bbox 992 1003 1131 1035; x_wconf 76' lang='lat' dir='ltr'>adducat</span> 
     </span>
    </p>

    <p class='ocr_par' dir='ltr' id='par_1_12' title="bbox 579 1065 727 1109">
     <span class='ocr_line' id='line_1_16' title="bbox 579 1065 727 1109; baseline -0.02 -12"><span class='ocrx_word' id='word_1_84' title='bbox 579 1065 727 1109; x_wconf 65' lang='lat' dir='ltr'>Jupiter..</span> 
     </span>
    </p>

    <p class='ocr_par' dir='ltr' id='par_1_13' title="bbox 171 1125 629 1170">
     <span class='ocr_line' id='line_1_17' title="bbox 171 1125 629 1170; baseline -0.004 -10"><span class='ocrx_word' id='word_1_85' title='bbox 171 1132 203 1160; x_wconf 86' lang='lat' dir='ltr'>ct</span> <span class='ocrx_word' id='word_1_86' title='bbox 228 1125 366 1160; x_wconf 81' lang='lat' dir='ltr'>Ovidius</span> <span class='ocrx_word' id='word_1_87' title='bbox 388 1126 476 1170; x_wconf 86' lang='lat' dir='ltr'>(met.</span> <span class='ocrx_word' id='word_1_88' title='bbox 492 1128 527 1166; x_wconf 84' lang='lat' dir='ltr'>G,</span> <span class='ocrx_word' id='word_1_89' title='bbox 553 1127 629 1170; x_wconf 74' lang='lat'>72)=</span> 
     </span>
    </p>

    <p class='ocr_par' dir='ltr' id='par_1_14' title="bbox 227 1189 1048 1223">
     <span class='ocr_line' id='line_1_18' title="bbox 227 1189 1048 1223; baseline 0.004 -3"><span class='ocrx_word' id='word_1_90' title='bbox 227 1189 306 1222; x_wconf 70' lang='lat' dir='ltr'>»Bis</span> <span class='ocrx_word' id='word_1_91' title='bbox 328 1201 388 1222; x_wconf 79' lang='lat' dir='ltr'>sex</span> <span class='ocrx_word' id='word_1_92' title='bbox 411 1190 560 1222; x_wconf 81' lang='lat' dir='ltr'>coelestes</span> <span class='ocrx_word' id='word_1_93' title='bbox 579 1190 685 1222; x_wconf 90' lang='lat' dir='ltr'>medio</span> <span class='ocrx_word' id='word_1_94' title='bbox 710 1190 795 1223; x_wconf 75' lang='lat' dir='ltr'>«Jove</span> <span class='ocrx_word' id='word_1_95' title='bbox 818 1191 946 1222; x_wconf 79' lang='lat' dir='ltr'>sedibus</span> <span class='ocrx_word' id='word_1_96' title='bbox 973 1191 1048 1223; x_wconf 75' lang='lat' dir='ltr'>allis</span> 
     </span>
    </p>

    <p class='ocr_par' dir='ltr' id='par_1_15' title="bbox 171 1254 1154 2491">
     <span class='ocr_line' id='line_1_19' title="bbox 222 1254 1027 1298; baseline 0.001 -14"><span class='ocrx_word' id='word_1_97' title='bbox 222 1254 375 1297; x_wconf 71' lang='lat' dir='ltr'>Auyusta</span> <span class='ocrx_word' id='word_1_98' title='bbox 394 1256 556 1298; x_wconf 71' lang='lat' dir='ltr'>qraui&#39;taIe</span> <span class='ocrx_word' id='word_1_99' title='bbox 576 1254 689 1286; x_wconf 79' lang='lat' dir='ltr'>sedent</span> <span class='ocrx_word' id='word_1_100' title='bbox 696 1269 1027 1282; x_wconf 72' lang='lat'><strong>———————</strong></span> 
     </span>
     <span class='ocr_line' id='line_1_20' title="bbox 171 1316 1130 1362; baseline 0.002 -15"><span class='ocrx_word' id='word_1_101' title='bbox 171 1316 268 1348; x_wconf 81' lang='lat' dir='ltr'>Plato</span> <span class='ocrx_word' id='word_1_102' title='bbox 287 1328 415 1360; x_wconf 88' lang='lat' dir='ltr'>quoque</span> <span class='ocrx_word' id='word_1_103' title='bbox 435 1316 483 1360; x_wconf 88' lang='lat' dir='ltr'>(in</span> <span class='ocrx_word' id='word_1_104' title='bbox 505 1317 654 1349; x_wconf 82' lang='lat' dir='ltr'>Phaedro</span> <span class='ocrx_word' id='word_1_105' title='bbox 678 1330 708 1361; x_wconf 89' lang='lat' dir='ltr'>p.</span> <span class='ocrx_word' id='word_1_106' title='bbox 723 1318 796 1350; x_wconf 77' lang='grc'>246</span> <span class='ocrx_word' id='word_1_107' title='bbox 818 1317 946 1361; x_wconf 82' lang='lat' dir='ltr'>steph.)</span> <span class='ocrx_word' id='word_1_108' title='bbox 963 1317 1048 1350; x_wconf 71' lang='lat' dir='ltr'>Jove</span> <span class='ocrx_word' id='word_1_109' title='bbox 1066 1318 1130 1362; x_wconf 86' lang='lat' dir='ltr'>pri-</span> 
     </span>
     <span class='ocr_line' id='line_1_21' title="bbox 171 1377 1131 1427; baseline 0.003 -16"><span class='ocrx_word' id='word_1_110' title='bbox 171 1390 224 1411; x_wconf 88' lang='lat' dir='ltr'>mo</span> <span class='ocrx_word' id='word_1_111' title='bbox 247 1379 411 1411; x_wconf 86' lang='lat' dir='ltr'>nominato</span> <span class='ocrx_word' id='word_1_112' title='bbox 439 1379 526 1411; x_wconf 83' lang='lat' dir='ltr'>addit</span> <span class='ocrx_word' id='word_1_113' title='bbox 548 1378 621 1427; x_wconf 71' lang='grc' dir='ltr'>»τῷ</span> <span class='ocrx_word' id='word_1_114' title='bbox 644 1377 812 1415; x_wconf 72' lang='grc' dir='ltr'>δ’ἕπεται</span> <span class='ocrx_word' id='word_1_115' title='bbox 834 1378 994 1426; x_wconf 69' lang='grc' dir='ltr'><em>στρατιὰ</em></span> <span class='ocrx_word' id='word_1_116' title='bbox 1022 1381 1131 1415; x_wconf 75' lang='grc' dir='ltr'><em>θεῶν</em></span> 
     </span>
     <span class='ocr_line' id='line_1_22' title="bbox 172 1438 1131 1488; baseline 0 -11"><span class='ocrx_word' id='word_1_117' title='bbox 172 1454 213 1478; x_wconf 85' lang='grc' dir='ltr'>τε</span> <span class='ocrx_word' id='word_1_118' title='bbox 236 1440 300 1477; x_wconf 77' lang='grc' dir='ltr'>καὶ</span> <span class='ocrx_word' id='word_1_119' title='bbox 328 1438 524 1486; x_wconf 75' lang='grc' dir='ltr'><em>δαιμόνων</em></span> <span class='ocrx_word' id='word_1_120' title='bbox 548 1440 646 1477; x_wconf 69' lang='grc' dir='ltr'>κατὰ</span> <span class='ocrx_word' id='word_1_121' title='bbox 673 1439 807 1477; x_wconf 74' lang='grc' dir='ltr'><em>ἕνδεκα</em></span> <span class='ocrx_word' id='word_1_122' title='bbox 832 1441 927 1488; x_wconf 79' lang='grc' dir='ltr'><em>μέρη</em></span> <span class='ocrx_word' id='word_1_123' title='bbox 951 1445 1131 1488; x_wconf 72' lang='grc' dir='ltr'><em>κεκοσμη-</em></span> 
     </span>
     <span class='ocr_line' id='line_1_23' title="bbox 171 1503 1129 1551; baseline 0.002 -15"><span class='ocrx_word' id='word_1_124' title='bbox 171 1503 301 1551; x_wconf 74' lang='grc' dir='ltr'><strong>μένη.«</strong></span> <span class='ocrx_word' id='word_1_125' title='bbox 333 1504 422 1536; x_wconf 80' lang='lat' dir='ltr'>Infra</span> <span class='ocrx_word' id='word_1_126' title='bbox 447 1511 559 1537; x_wconf 84' lang='lat' dir='ltr'>noster</span> <span class='ocrx_word' id='word_1_127' title='bbox 579 1505 694 1536; x_wconf 87' lang='lat' dir='ltr'>itcrum</span> <span class='ocrx_word' id='word_1_128' title='bbox 713 1505 757 1548; x_wconf 83' lang='lat'>(§.</span> <span class='ocrx_word' id='word_1_129' title='bbox 779 1505 867 1547; x_wconf 76' lang='lat'>914)</span> <span class='ocrx_word' id='word_1_130' title='bbox 895 1507 1041 1537; x_wconf 65' lang='lat' dir='ltr'>»bissena</span> <span class='ocrx_word' id='word_1_131' title='bbox 1071 1519 1129 1538; x_wconf 90' lang='lat' dir='ltr'>nu-</span> 
     </span>
     <span class='ocr_line' id='line_1_24' title="bbox 173 1566 1131 1610; baseline -0.001 -11"><span class='ocrx_word' id='word_1_132' title='bbox 173 1566 279 1599; x_wconf 80' lang='lat' dir='ltr'>mina·</span> <span class='ocrx_word' id='word_1_133' title='bbox 309 1566 420 1598; x_wconf 84' lang='lat' dir='ltr'>laudat</span> <span class='ocrx_word' id='word_1_134' title='bbox 454 1578 556 1610; x_wconf 83' lang='lat' dir='ltr'>eaque</span> <span class='ocrx_word' id='word_1_135' title='bbox 589 1567 827 1598; x_wconf 76' lang='lat' dir='ltr'>Helmcscorum</span> <span class='ocrx_word' id='word_1_136' title='bbox 865 1578 936 1598; x_wconf 89' lang='lat' dir='ltr'>csse</span> <span class='ocrx_word' id='word_1_137' title='bbox 972 1568 1131 1608; x_wconf 75' lang='lat' dir='ltr'>observat,</span> 
     </span>
     <span class='ocr_line' id='line_1_25' title="bbox 172 1629 1131 1676; baseline -0.001 -13"><span class='ocrx_word' id='word_1_138' title='bbox 172 1630 228 1676; x_wconf 86' lang='lat' dir='ltr'>qui</span> <span class='ocrx_word' id='word_1_139' title='bbox 242 1630 372 1674; x_wconf 85' lang='lat' dir='ltr'>quidem</span> <span class='ocrx_word' id='word_1_140' title='bbox 392 1629 484 1662; x_wconf 86' lang='lat' dir='ltr'>loeus</span> <span class='ocrx_word' id='word_1_141' title='bbox 509 1641 619 1661; x_wconf 89' lang='lat' dir='ltr'>eorum</span> <span class='ocrx_word' id='word_1_142' title='bbox 635 1630 828 1671; x_wconf 78' lang='lat' dir='ltr'>theologiam</span> <span class='ocrx_word' id='word_1_143' title='bbox 845 1630 1010 1662; x_wconf 75' lang='lat' dir='ltr'>illustrans</span> <span class='ocrx_word' id='word_1_144' title='bbox 1029 1631 1131 1675; x_wconf 83' lang='lat' dir='ltr'>probe</span> 
     </span>
     <span class='ocr_line' id='line_1_26' title="bbox 171 1692 1131 1738; baseline 0.001 -12"><span class='ocrx_word' id='word_1_145' title='bbox 171 1694 342 1727; x_wconf 75' lang='lat' dir='ltr'>notandus.</span> <span class='ocrx_word' id='word_1_146' title='bbox 377 1692 614 1738; x_wconf 74' lang='lat' dir='ltr'>Aegyptiorum</span> <span class='ocrx_word' id='word_1_147' title='bbox 635 1693 805 1726; x_wconf 84' lang='lat' dir='ltr'>duodecim</span> <span class='ocrx_word' id='word_1_148' title='bbox 827 1694 960 1726; x_wconf 88' lang='lat' dir='ltr'>deorum</span> <span class='ocrx_word' id='word_1_149' title='bbox 975 1695 1044 1737; x_wconf 86' lang='lat' dir='ltr'>jam</span> <span class='ocrx_word' id='word_1_150' title='bbox 1066 1707 1131 1727; x_wconf 88' lang='lat' dir='ltr'>me·</span> 
     </span>
     <span class='ocr_line' id='line_1_27' title="bbox 171 1755 1130 1800; baseline 0.002 -12"><span class='ocrx_word' id='word_1_151' title='bbox 171 1756 262 1788; x_wconf 87' lang='lat' dir='ltr'>minit</span> <span class='ocrx_word' id='word_1_152' title='bbox 276 1756 466 1788; x_wconf 79' lang='lat' dir='ltr'>Herodotus</span> <span class='ocrx_word' id='word_1_153' title='bbox 482 1756 532 1800; x_wconf 91' lang='grc'>(2,</span> <span class='ocrx_word' id='word_1_154' title='bbox 555 1755 611 1800; x_wconf 77' lang='grc'>4),</span> <span class='ocrx_word' id='word_1_155' title='bbox 639 1756 671 1787; x_wconf 82' lang='grc' dir='ltr'>ἰη</span> <span class='ocrx_word' id='word_1_156' title='bbox 695 1757 812 1800; x_wconf 84' lang='lat' dir='ltr'>quibus</span> <span class='ocrx_word' id='word_1_157' title='bbox 830 1763 938 1789; x_wconf 81' lang='lat' dir='ltr'>tamen</span> <span class='ocrx_word' id='word_1_158' title='bbox 953 1757 1130 1790; x_wconf 73' lang='lat' dir='ltr'>Herculem</span> 
     </span>
     <span class='ocr_line' id='line_1_28' title="bbox 172 1819 1129 1864; baseline 0.002 -12"><span class='ocrx_word' id='word_1_159' title='bbox 172 1819 432 1864; x_wconf 71' lang='lat' dir='ltr'>(Aegyptiaemn)</span> <span class='ocrx_word' id='word_1_160' title='bbox 450 1821 551 1852; x_wconf 80' lang='lat' dir='ltr'>fuisse</span> <span class='ocrx_word' id='word_1_161' title='bbox 571 1821 620 1864; x_wconf 79' lang='grc'>(2,</span> <span class='ocrx_word' id='word_1_162' title='bbox 636 1821 700 1863; x_wconf 72' lang='grc'>45)</span> <span class='ocrx_word' id='word_1_163' title='bbox 719 1820 803 1852; x_wconf 83' lang='lat' dir='ltr'>dicit.</span> <span class='ocrx_word' id='word_1_164' title='bbox 832 1820 1030 1853; x_wconf 81' lang='lat' dir='ltr'>Graecorum</span> <span class='ocrx_word' id='word_1_165' title='bbox 1052 1822 1129 1854; x_wconf 88' lang='lat' dir='ltr'>duo-</span> 
     </span>
     <span class='ocr_line' id='line_1_29' title="bbox 174 1881 1130 1927; baseline 0.004 -15"><span class='ocrx_word' id='word_1_166' title='bbox 174 1881 277 1912; x_wconf 84' lang='lat' dir='ltr'>decim</span> <span class='ocrx_word' id='word_1_167' title='bbox 305 1881 385 1913; x_wconf 86' lang='lat' dir='ltr'>deos</span> <span class='ocrx_word' id='word_1_168' title='bbox 413 1887 592 1913; x_wconf 71' lang='lat' dir='ltr'>memorant</span> <span class='ocrx_word' id='word_1_169' title='bbox 618 1882 714 1913; x_wconf 83' lang='lat' dir='ltr'>Plato</span> <span class='ocrx_word' id='word_1_170' title='bbox 744 1883 797 1925; x_wconf 89' lang='lat' dir='ltr'>(de</span> <span class='ocrx_word' id='word_1_171' title='bbox 824 1882 921 1924; x_wconf 75' lang='lat' dir='ltr'>legib.</span> <span class='ocrx_word' id='word_1_172' title='bbox 946 1885 978 1915; x_wconf 76' lang='lat'>5.</span> <span class='ocrx_word' id='word_1_173' title='bbox 1006 1896 1036 1927; x_wconf 87' lang='lat' dir='ltr'>p.</span> <span class='ocrx_word' id='word_1_174' title='bbox 1059 1884 1130 1916; x_wconf 80' lang='lat'>745</span> 
     </span>
     <span class='ocr_line' id='line_1_30' title="bbox 174 1942 1131 1988; baseline 0.004 -14"><span class='ocrx_word' id='word_1_175' title='bbox 174 1942 320 1987; x_wconf 68' lang='lat' dir='ltr'>steph),</span> <span class='ocrx_word' id='word_1_176' title='bbox 341 1942 564 1986; x_wconf 81' lang='lat' dir='ltr'>Apollodorus</span> <span class='ocrx_word' id='word_1_177' title='bbox 586 1942 634 1986; x_wconf 76' lang='grc'>(2,</span> <span class='ocrx_word' id='word_1_178' title='bbox 659 1945 692 1983; x_wconf 83' lang='grc'>7,</span> <span class='ocrx_word' id='word_1_179' title='bbox 713 1943 736 1975; x_wconf 94' lang='grc'><strong>2</strong></span> <span class='ocrx_word' id='word_1_180' title='bbox 759 1949 791 1975; x_wconf 80' lang='lat' dir='ltr'>et</span> <span class='ocrx_word' id='word_1_181' title='bbox 816 1945 858 1983; x_wconf 97' lang='lat'>5,</span> <span class='ocrx_word' id='word_1_182' title='bbox 890 1945 952 1985; x_wconf 78' lang='lat'>14,</span> <span class='ocrx_word' id='word_1_183' title='bbox 975 1944 1029 1988; x_wconf 85' lang='grc'>2),</span> <span class='ocrx_word' id='word_1_184' title='bbox 1053 1946 1131 1978; x_wconf 90' lang='lat' dir='ltr'>Pin-</span> 
     </span>
     <span class='ocr_line' id='line_1_31' title="bbox 173 2003 1131 2050; baseline 0.002 -13"><span class='ocrx_word' id='word_1_185' title='bbox 173 2005 269 2037; x_wconf 79' lang='lat' dir='ltr'>dar-ns</span> <span class='ocrx_word' id='word_1_186' title='bbox 294 2003 438 2049; x_wconf 69' lang='lat' dir='ltr'>(Olymp.</span> <span class='ocrx_word' id='word_1_187' title='bbox 460 2006 526 2045; x_wconf 83' lang='lat'>11,</span> <span class='ocrx_word' id='word_1_188' title='bbox 553 2004 630 2048; x_wconf 79' lang='lat'>51),</span> <span class='ocrx_word' id='word_1_189' title='bbox 658 2005 777 2037; x_wconf 84' lang='lat' dir='ltr'>Strabo</span> <span class='ocrx_word' id='word_1_190' title='bbox 803 2007 874 2049; x_wconf 86' lang='lat'>(15.</span> <span class='ocrx_word' id='word_1_191' title='bbox 897 2018 929 2050; x_wconf 89' lang='lat' dir='ltr'>p.</span> <span class='ocrx_word' id='word_1_192' title='bbox 945 2008 1029 2039; x_wconf 74' lang='lat'>(303.</span> <span class='ocrx_word' id='word_1_193' title='bbox 1057 2008 1131 2040; x_wconf 79' lang='grc'>622</span> 
     </span>
     <span class='ocr_line' id='line_1_32' title="bbox 174 2068 1130 2114; baseline 0.002 -12"><span class='ocrx_word' id='word_1_194' title='bbox 174 2068 346 2113; x_wconf 69' lang='lat' dir='ltr'>casaub),</span> <span class='ocrx_word' id='word_1_195' title='bbox 382 2074 415 2100; x_wconf 89' lang='lat' dir='ltr'>et</span> <span class='ocrx_word' id='word_1_196' title='bbox 438 2068 618 2101; x_wconf 82' lang='lat' dir='ltr'>Pausanias</span> <span class='ocrx_word' id='word_1_197' title='bbox 641 2069 695 2112; x_wconf 83' lang='lat'>(1,</span> <span class='ocrx_word' id='word_1_198' title='bbox 717 2071 758 2109; x_wconf 87' lang='lat'>5,</span> <span class='ocrx_word' id='word_1_199' title='bbox 782 2071 815 2101; x_wconf 90' lang='grc'>2.</span> <span class='ocrx_word' id='word_1_200' title='bbox 844 2071 876 2111; x_wconf 78' lang='grc'><strong>1,</strong></span> <span class='ocrx_word' id='word_1_201' title='bbox 896 2071 956 2110; x_wconf 71' lang='lat'>40,</span> <span class='ocrx_word' id='word_1_202' title='bbox 979 2072 1012 2102; x_wconf 88' lang='grc'>2.</span> <span class='ocrx_word' id='word_1_203' title='bbox 1040 2079 1071 2103; x_wconf 86' lang='lat' dir='ltr'>ct</span> <span class='ocrx_word' id='word_1_204' title='bbox 1096 2075 1130 2114; x_wconf 85' lang='lat'>8,</span> 
     </span>
     <span class='ocr_line' id='line_1_33' title="bbox 173 2130 1130 2177; baseline 0.005 -15"><span class='ocrx_word' id='word_1_205' title='bbox 173 2132 233 2171; x_wconf 78' lang='lat'>25,</span> <span class='ocrx_word' id='word_1_206' title='bbox 256 2130 303 2175; x_wconf 90' lang='lat'>5).</span> <span class='ocrx_word' id='word_1_207' title='bbox 332 2130 536 2174; x_wconf 76' lang='lat' dir='ltr'>Quibuscum</span> <span class='ocrx_word' id='word_1_208' title='bbox 554 2132 699 2163; x_wconf 78' lang='lat' dir='ltr'>conferre</span> <span class='ocrx_word' id='word_1_209' title='bbox 721 2131 797 2164; x_wconf 88' lang='lat' dir='ltr'>licet</span> <span class='ocrx_word' id='word_1_210' title='bbox 822 2132 964 2164; x_wconf 84' lang='lat' dir='ltr'>Plinium</span> <span class='ocrx_word' id='word_1_211' title='bbox 982 2134 1054 2177; x_wconf 76' lang='lat'>(55,</span> <span class='ocrx_word' id='word_1_212' title='bbox 1072 2136 1130 2176; x_wconf 80' lang='lat'>10,</span> 
     </span>
     <span class='ocr_line' id='line_1_34' title="bbox 172 2192 1131 2240; baseline 0.004 -15"><span class='ocrx_word' id='word_1_213' title='bbox 172 2192 244 2235; x_wconf 82' lang='grc'><strong>56).</strong></span> <span class='ocrx_word' id='word_1_214' title='bbox 290 2192 359 2225; x_wconf 85' lang='lat' dir='ltr'>Sed</span> <span class='ocrx_word' id='word_1_215' title='bbox 388 2199 564 2225; x_wconf 86' lang='lat' dir='ltr'>memoratu</span> <span class='ocrx_word' id='word_1_216' title='bbox 595 2193 725 2226; x_wconf 89' lang='lat' dir='ltr'>omnino</span> <span class='ocrx_word' id='word_1_217' title='bbox 755 2194 849 2236; x_wconf 82' lang='lat' dir='ltr'>digna</span> <span class='ocrx_word' id='word_1_218' title='bbox 883 2201 976 2233; x_wconf 73' lang='lat' dir='ltr'>sunt,</span> <span class='ocrx_word' id='word_1_219' title='bbox 1014 2197 1131 2240; x_wconf 88' lang='lat' dir='ltr'>quibus</span> 
     </span>
     <span class='ocr_line' id='line_1_35' title="bbox 175 2253 1154 2301; baseline 0.005 -15"><span class='ocrx_word' id='word_1_220' title='bbox 175 2253 351 2286; x_wconf 83' lang='lat' dir='ltr'>Sallustius</span> <span class='ocrx_word' id='word_1_221' title='bbox 387 2255 600 2300; x_wconf 84' lang='lat' dir='ltr'>philosophus</span> <span class='ocrx_word' id='word_1_222' title='bbox 641 2256 810 2289; x_wconf 81' lang='lat' dir='ltr'>duodecim</span> <span class='ocrx_word' id='word_1_223' title='bbox 842 2257 917 2289; x_wconf 88' lang='lat' dir='ltr'>illos</span> <span class='ocrx_word' id='word_1_224' title='bbox 955 2258 1130 2301; x_wconf 77' lang='lat' dir='ltr'>distinguit.</span> <span class='ocrx_word' id='word_1_225' title='bbox 1149 2290 1154 2292; x_wconf 19' lang='lat' dir='ltr'>i</span> 
     </span>
     <span class='ocr_line' id='line_1_36' title="bbox 175 2317 1131 2366; baseline 0.003 -16"><span class='ocrx_word' id='word_1_226' title='bbox 175 2317 232 2350; x_wconf 84' lang='lat' dir='ltr'>Sic</span> <span class='ocrx_word' id='word_1_227' title='bbox 257 2318 342 2350; x_wconf 85' lang='lat' dir='ltr'>enim</span> <span class='ocrx_word' id='word_1_228' title='bbox 369 2318 464 2351; x_wconf 84' lang='lat' dir='ltr'>docet</span> <span class='ocrx_word' id='word_1_229' title='bbox 485 2318 524 2362; x_wconf 93' lang='lat' dir='ltr'>(e.</span> <span class='ocrx_word' id='word_1_230' title='bbox 545 2319 579 2351; x_wconf 79' lang='lat'>6.</span> <span class='ocrx_word' id='word_1_231' title='bbox 601 2331 632 2363; x_wconf 87' lang='lat' dir='ltr'>p.</span> <span class='ocrx_word' id='word_1_232' title='bbox 653 2318 727 2351; x_wconf 78' lang='grc'>254</span> <span class='ocrx_word' id='word_1_233' title='bbox 752 2319 856 2363; x_wconf 77' lang='lat' dir='ltr'>Gal.)=</span> <span class='ocrx_word' id='word_1_234' title='bbox 880 2321 1049 2353; x_wconf 85' lang='lat' dir='ltr'>»mnndum</span> <span class='ocrx_word' id='word_1_235' title='bbox 1069 2323 1131 2366; x_wconf 78' lang='lat' dir='ltr'>effi&#39;-</span> 
     </span>
     <span class='ocr_line' id='line_1_37' title="bbox 177 2382 1102 2427; baseline 0.005 -13"><span class='ocrx_word' id='word_1_236' title='bbox 177 2383 265 2414; x_wconf 78' lang='lat' dir='ltr'>ciunt</span> <span class='ocrx_word' id='word_1_237' title='bbox 276 2382 417 2426; x_wconf 77' lang='lat' dir='ltr'>Jupiter,</span> <span class='ocrx_word' id='word_1_238' title='bbox 432 2382 616 2427; x_wconf 82' lang='lat' dir='ltr'>Neptunus,</span> <span class='ocrx_word' id='word_1_239' title='bbox 634 2383 821 2425; x_wconf 59' lang='lat' dir='ltr'>Vulcanusg.</span> <span class='ocrx_word' id='word_1_240' title='bbox 849 2387 996 2417; x_wconf 80' lang='lat' dir='ltr'>animant</span> <span class='ocrx_word' id='word_1_241' title='bbox 1017 2387 1064 2419; x_wconf 86' lang='lat' dir='ltr'>Ce</span> <span class='ocrx_word' id='word_1_242' title='bbox 1091 2389 1102 2393; x_wconf 61' lang='grc'><em>”</em></span> 
     </span>
     <span class='ocr_line' id='line_1_38' title="bbox 176 2436 1090 2491; baseline 0.01 -16"><span class='ocrx_word' id='word_1_243' title='bbox 176 2443 283 2484; x_wconf 83' lang='lat' dir='ltr'>June,</span> <span class='ocrx_word' id='word_1_244' title='bbox 307 2445 424 2486; x_wconf 64' lang='lat' dir='ltr'>Diana,</span> <span class='ocrx_word' id='word_1_245' title='bbox 451 2446 608 2489; x_wconf 76' lang='lat' dir='ltr'>adaptant</span> <span class='ocrx_word' id='word_1_246' title='bbox 624 2445 758 2491; x_wconf 75' lang='lat' dir='ltr'>Apollo,</span> <span class='ocrx_word' id='word_1_247' title='bbox 782 2448 908 2489; x_wconf 72' lang='lat' dir='ltr'>Venus,</span> <span class='ocrx_word' id='word_1_248' title='bbox 931 2436 1090 2483; x_wconf 46' lang='lat' dir='ltr'>nemun-3</span> 
     </span>
    </p>
   </div>
   <div class='ocr_carea' id='block_1_9' title="bbox 177 2470 1130 2551">
    <p class='ocr_par' dir='ltr' id='par_1_16' title="bbox 177 2470 1130 2551">
     <span class='ocr_line' id='line_1_39' title="bbox 1078 2470 1130 2496; baseline 0 -5"><span class='ocrx_word' id='word_1_249' title='bbox 1078 2486 1090 2496; x_wconf 81' lang='grc'>,,</span> <span class='ocrx_word' id='word_1_250' title='bbox 1104 2470 1110 2478; x_wconf 81' lang='grc'><em>’</em></span> <span class='ocrx_word' id='word_1_251' title='bbox 1120 2473 1130 2491; x_wconf 84' lang='lat'><strong>7</strong></span> 
     </span>
     <span class='ocr_line' id='line_1_40' title="bbox 177 2493 1098 2551; baseline 0.007 -12"><span class='ocrx_word' id='word_1_252' title='bbox 177 2507 362 2540; x_wconf 71' lang='lat' dir='ltr'>custodiunt</span> <span class='ocrx_word' id='word_1_253' title='bbox 386 2508 505 2549; x_wconf 69' lang='lat' dir='ltr'>vesta,</span> <span class='ocrx_word' id='word_1_254' title='bbox 531 2508 661 2551; x_wconf 78' lang='lat' dir='ltr'>Pallas,</span> <span class='ocrx_word' id='word_1_255' title='bbox 687 2511 804 2545; x_wconf 59' lang='lat' dir='ltr'>Mars«</span> <span class='ocrx_word' id='word_1_256' title='bbox 1055 2493 1098 2514; x_wconf 24' lang='grc' dir='ltr'>’κ’</span> 
     </span>
    </p>
   </div>
   <div class='ocr_carea' id='block_1_10' title="bbox 1180 561 2137 2607">
    <p class='ocr_par' dir='ltr' id='par_1_17' title="bbox 1181 561 2135 1163">
     <span class='ocr_line' id='line_1_41' title="bbox 1258 561 2132 613; baseline 0 -15"><span class='ocrx_word' id='word_1_257' title='bbox 1258 561 1368 610; x_wconf 78' lang='lat' dir='ltr'>Ceres]</span> <span class='ocrx_word' id='word_1_258' title='bbox 1394 564 1434 596; x_wconf 92' lang='lat' dir='ltr'>In</span> <span class='ocrx_word' id='word_1_259' title='bbox 1450 564 1613 597; x_wconf 65' lang='lat' dir='ltr'>Vossiauo</span> <span class='ocrx_word' id='word_1_260' title='bbox 1636 565 1753 607; x_wconf 86' lang='lat' dir='ltr'>legitur</span> <span class='ocrx_word' id='word_1_261' title='bbox 1772 564 1947 613; x_wconf 79' lang='lat' dir='ltr'>Ceresque:</span> <span class='ocrx_word' id='word_1_262' title='bbox 1968 565 2026 597; x_wconf 89' lang='lat' dir='ltr'>sed</span> <span class='ocrx_word' id='word_1_263' title='bbox 2050 565 2132 598; x_wconf 81' lang='lat' dir='ltr'>male</span> 
     </span>
     <span class='ocr_line' id='line_1_42' title="bbox 1182 626 2132 674; baseline 0 -17"><span class='ocrx_word' id='word_1_264' title='bbox 1182 626 1262 658; x_wconf 87' lang='lat' dir='ltr'>illud</span> <span class='ocrx_word' id='word_1_265' title='bbox 1285 639 1346 674; x_wconf 84' lang='lat' dir='ltr'>que</span> <span class='ocrx_word' id='word_1_266' title='bbox 1370 626 1527 658; x_wconf 84' lang='lat' dir='ltr'>intrusum</span> <span class='ocrx_word' id='word_1_267' title='bbox 1551 632 1600 658; x_wconf 86' lang='lat' dir='ltr'>cst</span> <span class='ocrx_word' id='word_1_268' title='bbox 1624 639 1642 659; x_wconf 86' lang='lat' dir='ltr'>a</span> <span class='ocrx_word' id='word_1_269' title='bbox 1667 627 1795 658; x_wconf 83' lang='lat' dir='ltr'>librario</span> <span class='ocrx_word' id='word_1_270' title='bbox 1818 627 1980 660; x_wconf 80' lang='lat' dir='ltr'>nesciente</span> <span class='ocrx_word' id='word_1_271' title='bbox 1999 627 2132 671; x_wconf 82' lang='lat' dir='ltr'>primam</span> 
     </span>
     <span class='ocr_line' id='line_1_43' title="bbox 1181 690 2134 734; baseline 0.001 -13"><span class='ocrx_word' id='word_1_272' title='bbox 1181 690 1214 721; x_wconf 90' lang='lat' dir='ltr'>in</span> <span class='ocrx_word' id='word_1_273' title='bbox 1239 691 1351 721; x_wconf 79' lang='lat' dir='ltr'>Diana</span> <span class='ocrx_word' id='word_1_274' title='bbox 1378 695 1464 722; x_wconf 87' lang='lat' dir='ltr'>recte</span> <span class='ocrx_word' id='word_1_275' title='bbox 1497 690 1646 734; x_wconf 86' lang='lat' dir='ltr'>produci,</span> <span class='ocrx_word' id='word_1_276' title='bbox 1682 696 1717 722; x_wconf 90' lang='lat' dir='ltr'>ut</span> <span class='ocrx_word' id='word_1_277' title='bbox 1754 690 1863 722; x_wconf 88' lang='lat' dir='ltr'>docuit</span> <span class='ocrx_word' id='word_1_278' title='bbox 1891 690 2047 722; x_wconf 87' lang='lat' dir='ltr'>Heinsius</span> <span class='ocrx_word' id='word_1_279' title='bbox 2079 690 2134 734; x_wconf 85' lang='lat' dir='ltr'>(ad</span> 
     </span>
     <span class='ocr_line' id='line_1_44' title="bbox 1182 753 2133 799; baseline -0.002 -14"><span class='ocrx_word' id='word_1_280' title='bbox 1182 753 1291 786; x_wconf 74' lang='lat' dir='ltr'>Ovidii</span> <span class='ocrx_word' id='word_1_281' title='bbox 1310 759 1382 785; x_wconf 86' lang='lat' dir='ltr'>met.</span> <span class='ocrx_word' id='word_1_282' title='bbox 1408 755 1450 794; x_wconf 88' lang='lat' dir='ltr'>S,</span> <span class='ocrx_word' id='word_1_283' title='bbox 1480 753 1567 797; x_wconf 72' lang='lat'>5:55)</span> <span class='ocrx_word' id='word_1_284' title='bbox 1594 753 1649 785; x_wconf 87' lang='lat' dir='ltr'>ubi</span> <span class='ocrx_word' id='word_1_285' title='bbox 1681 754 1792 786; x_wconf 79' lang='lat' dir='ltr'>eadem</span> <span class='ocrx_word' id='word_1_286' title='bbox 1818 754 1941 786; x_wconf 81' lang='lat' dir='ltr'>ratione</span> <span class='ocrx_word' id='word_1_287' title='bbox 1968 759 2133 799; x_wconf 83' lang='lat' dir='ltr'>peecatum</span> 
     </span>
     <span class='ocr_line' id='line_1_45' title="bbox 1181 815 2133 859; baseline -0.002 -12"><span class='ocrx_word' id='word_1_288' title='bbox 1181 821 1240 847; x_wconf 87' lang='lat' dir='ltr'>est.</span> <span class='ocrx_word' id='word_1_289' title='bbox 1263 815 1387 847; x_wconf 66' lang='lat' dir='ltr'>Anxrz.</span> <span class='ocrx_word' id='word_1_290' title='bbox 1414 815 1516 859; x_wconf 82' lang='lat' dir='ltr'>(misc.</span> <span class='ocrx_word' id='word_1_291' title='bbox 1542 828 1573 859; x_wconf 90' lang='lat' dir='ltr'>p.</span> <span class='ocrx_word' id='word_1_292' title='bbox 1597 815 1685 859; x_wconf 87' lang='grc'><strong>208)</strong></span> <span class='ocrx_word' id='word_1_293' title='bbox 1712 833 1759 840; x_wconf 89' lang='lat'>-—·</span> <span class='ocrx_word' id='word_1_294' title='bbox 1793 816 1823 847; x_wconf 87' lang='lat' dir='ltr'>E</span> <span class='ocrx_word' id='word_1_295' title='bbox 1854 815 1990 847; x_wconf 85' lang='lat' dir='ltr'>nominis</span> <span class='ocrx_word' id='word_1_296' title='bbox 2019 827 2133 858; x_wconf 83' lang='lat' dir='ltr'>nempe</span> 
     </span>
     <span class='ocr_line' id='line_1_46' title="bbox 1182 878 2134 924; baseline -0.002 -14"><span class='ocrx_word' id='word_1_297' title='bbox 1182 879 1304 921; x_wconf 86' lang='lat' dir='ltr'>origiue</span> <span class='ocrx_word' id='word_1_298' title='bbox 1334 879 1436 924; x_wconf 83' lang='lat' dir='ltr'>prima</span> <span class='ocrx_word' id='word_1_299' title='bbox 1463 879 1586 922; x_wconf 58' lang='lat' dir='ltr'>syllaba</span> <span class='ocrx_word' id='word_1_300' title='bbox 1620 879 1846 923; x_wconf 63' lang='lat' dir='ltr'>producenda,</span> <span class='ocrx_word' id='word_1_301' title='bbox 1885 891 1980 922; x_wconf 87' lang='lat' dir='ltr'>quam</span> <span class='ocrx_word' id='word_1_302' title='bbox 2006 878 2134 923; x_wconf 87' lang='lat' dir='ltr'>quidem</span> 
     </span>
     <span class='ocr_line' id='line_1_47' title="bbox 1183 941 2134 987; baseline -0.004 -12"><span class='ocrx_word' id='word_1_303' title='bbox 1183 943 1337 984; x_wconf 76' lang='lat' dir='ltr'>originem</span> <span class='ocrx_word' id='word_1_304' title='bbox 1362 943 1417 987; x_wconf 88' lang='lat' dir='ltr'>qui</span> <span class='ocrx_word' id='word_1_305' title='bbox 1440 943 1645 984; x_wconf 84' lang='lat' dir='ltr'>ignorarunt,</span> <span class='ocrx_word' id='word_1_306' title='bbox 1673 954 1742 974; x_wconf 84' lang='lat' dir='ltr'>eam</span> <span class='ocrx_word' id='word_1_307' title='bbox 1769 942 2010 986; x_wconf 83' lang='lat' dir='ltr'>corripuerunt,</span> <span class='ocrx_word' id='word_1_308' title='bbox 2044 947 2079 972; x_wconf 91' lang='lat' dir='ltr'>ut</span> <span class='ocrx_word' id='word_1_309' title='bbox 2103 941 2134 971; x_wconf 90' lang='lat' dir='ltr'>in</span> 
     </span>
     <span class='ocr_line' id='line_1_48' title="bbox 1181 1003 2134 1048; baseline -0.001 -13"><span class='ocrx_word' id='word_1_310' title='bbox 1181 1005 1290 1035; x_wconf 82' lang='lat' dir='ltr'>multis</span> <span class='ocrx_word' id='word_1_311' title='bbox 1318 1005 1413 1045; x_wconf 86' lang='lat' dir='ltr'>aliis,</span> <span class='ocrx_word' id='word_1_312' title='bbox 1440 1010 1567 1048; x_wconf 81' lang='lat' dir='ltr'>praeter</span> <span class='ocrx_word' id='word_1_313' title='bbox 1588 1004 1802 1044; x_wconf 78' lang='lat' dir='ltr'>Vossianum,</span> <span class='ocrx_word' id='word_1_314' title='bbox 1832 1004 2017 1044; x_wconf 83' lang='lat' dir='ltr'>codicibus,</span> <span class='ocrx_word' id='word_1_315' title='bbox 2047 1003 2134 1034; x_wconf 89' lang='lat' dir='ltr'>Bou-</span> 
     </span>
     <span class='ocr_line' id='line_1_49' title="bbox 1183 1066 2135 1110; baseline 0 -13"><span class='ocrx_word' id='word_1_316' title='bbox 1183 1068 1297 1108; x_wconf 76' lang='lat' dir='ltr'>garsii,</span> <span class='ocrx_word' id='word_1_317' title='bbox 1326 1067 1534 1107; x_wconf 87' lang='lat' dir='ltr'>Britannico,</span> <span class='ocrx_word' id='word_1_318' title='bbox 1564 1067 1840 1108; x_wconf 80' lang='lat' dir='ltr'>Cantabrigiensi,</span> <span class='ocrx_word' id='word_1_319' title='bbox 1870 1066 2135 1110; x_wconf 65' lang='lat' dir='ltr'>Guelferbytano,</span> 
     </span>
     <span class='ocr_line' id='line_1_50' title="bbox 1181 1130 1796 1163; baseline -0.003 0"><span class='ocrx_word' id='word_1_320' title='bbox 1181 1130 1364 1163; x_wconf 78' lang='lat' dir='ltr'>Basileensi</span> <span class='ocrx_word' id='word_1_321' title='bbox 1388 1136 1420 1162; x_wconf 86' lang='lat' dir='ltr'>et</span> <span class='ocrx_word' id='word_1_322' title='bbox 1443 1131 1621 1162; x_wconf 82' lang='lat' dir='ltr'>Dresdcnsi</span> <span class='ocrx_word' id='word_1_323' title='bbox 1644 1132 1796 1163; x_wconf 74' lang='lat' dir='ltr'>fecerunt.</span> 
     </span>
    </p>

    <p class='ocr_par' dir='ltr' id='par_1_18' title="bbox 1180 1190 2137 2558">
     <span class='ocr_line' id='line_1_51' title="bbox 1255 1190 2134 1237; baseline -0.002 -13"><span class='ocrx_word' id='word_1_324' title='bbox 1255 1190 1356 1237; x_wconf 58' lang='lat' dir='ltr'><strong><em>Jovs]</em></strong></span> <span class='ocrx_word' id='word_1_325' title='bbox 1383 1191 1452 1224; x_wconf 75' lang='lat' dir='ltr'>Alii</span> <span class='ocrx_word' id='word_1_326' title='bbox 1477 1193 1619 1235; x_wconf 71' lang='lat' dir='ltr'>«Iupiter.</span> <span class='ocrx_word' id='word_1_327' title='bbox 1645 1193 1721 1235; x_wconf 77' lang='lat' dir='ltr'>Quo</span> <span class='ocrx_word' id='word_1_328' title='bbox 1748 1192 1867 1223; x_wconf 65' lang='lat' dir='ltr'>finctum</span> <span class='ocrx_word' id='word_1_329' title='bbox 1889 1197 1956 1232; x_wconf 87' lang='lat' dir='ltr'>est,</span> <span class='ocrx_word' id='word_1_330' title='bbox 1988 1196 2024 1222; x_wconf 92' lang='lat' dir='ltr'>ut</span> <span class='ocrx_word' id='word_1_331' title='bbox 2045 1191 2134 1223; x_wconf 87' lang='lat' dir='ltr'>seho-</span> 
     </span>
     <span class='ocr_line' id='line_1_52' title="bbox 1181 1255 2136 1298; baseline -0.002 -10"><span class='ocrx_word' id='word_1_332' title='bbox 1181 1255 1292 1288; x_wconf 85' lang='lat' dir='ltr'>liastac</span> <span class='ocrx_word' id='word_1_333' title='bbox 1317 1256 1357 1288; x_wconf 87' lang='lat' dir='ltr'>ad</span> <span class='ocrx_word' id='word_1_334' title='bbox 1378 1257 1475 1288; x_wconf 86' lang='lat' dir='ltr'>hosce</span> <span class='ocrx_word' id='word_1_335' title='bbox 1498 1267 1610 1287; x_wconf 76' lang='lat' dir='ltr'>versus</span> <span class='ocrx_word' id='word_1_336' title='bbox 1632 1255 1819 1287; x_wconf 81' lang='lat' dir='ltr'>haesitando</span> <span class='ocrx_word' id='word_1_337' title='bbox 1838 1255 2052 1287; x_wconf 82' lang='lat' dir='ltr'>deliberarent</span> <span class='ocrx_word' id='word_1_338' title='bbox 2072 1265 2136 1298; x_wconf 87' lang='lat' dir='ltr'>quo</span> 
     </span>
     <span class='ocr_line' id='line_1_53' title="bbox 1181 1317 2135 1359; baseline -0.002 -11"><span class='ocrx_word' id='word_1_339' title='bbox 1181 1317 1277 1349; x_wconf 91' lang='lat' dir='ltr'>modo</span> <span class='ocrx_word' id='word_1_340' title='bbox 1306 1317 1478 1359; x_wconf 80' lang='lat' dir='ltr'>legendum</span> <span class='ocrx_word' id='word_1_341' title='bbox 1513 1322 1600 1349; x_wconf 88' lang='lat' dir='ltr'>esset</span> <span class='ocrx_word' id='word_1_342' title='bbox 1633 1322 1669 1349; x_wconf 91' lang='lat' dir='ltr'>ut</span> <span class='ocrx_word' id='word_1_343' title='bbox 1698 1329 1849 1349; x_wconf 85' lang='lat' dir='ltr'>versuum</span> <span class='ocrx_word' id='word_1_344' title='bbox 1879 1328 2031 1349; x_wconf 87' lang='lat' dir='ltr'>numerus</span> <span class='ocrx_word' id='word_1_345' title='bbox 2062 1327 2135 1347; x_wconf 88' lang='lat' dir='ltr'>con-</span> 
     </span>
     <span class='ocr_line' id='line_1_54' title="bbox 1181 1379 2135 1426; baseline -0.001 -15"><span class='ocrx_word' id='word_1_346' title='bbox 1181 1385 1290 1412; x_wconf 83' lang='lat' dir='ltr'>staret.</span> <span class='ocrx_word' id='word_1_347' title='bbox 1323 1381 1375 1413; x_wconf 85' lang='lat' dir='ltr'>Ita</span> <span class='ocrx_word' id='word_1_348' title='bbox 1400 1381 1509 1422; x_wconf 76' lang='lat' dir='ltr'>glossa</span> <span class='ocrx_word' id='word_1_349' title='bbox 1530 1381 1736 1413; x_wconf 80' lang='lat' dir='ltr'>Monacensis</span> <span class='ocrx_word' id='word_1_350' title='bbox 1759 1379 1815 1426; x_wconf 85' lang='lat' dir='ltr'>(E)</span> <span class='ocrx_word' id='word_1_351' title='bbox 1836 1381 1901 1422; x_wconf 86' lang='lat' dir='ltr'>legi</span> <span class='ocrx_word' id='word_1_352' title='bbox 1924 1380 1994 1413; x_wconf 68' lang='lat' dir='ltr'>vult</span> <span class='ocrx_word' id='word_1_353' title='bbox 2012 1380 2135 1423; x_wconf 69' lang='lat' dir='ltr'>Neptu-</span> 
     </span>
     <span class='ocr_line' id='line_1_55' title="bbox 1181 1441 2134 1486; baseline 0 -14"><span class='ocrx_word' id='word_1_354' title='bbox 1181 1453 1264 1480; x_wconf 78' lang='lat' dir='ltr'>nus,</span> <span class='ocrx_word' id='word_1_355' title='bbox 1294 1442 1446 1484; x_wconf 79' lang='lat' dir='ltr'>additque</span> <span class='ocrx_word' id='word_1_356' title='bbox 1476 1442 1587 1474; x_wconf 82' lang='lat' dir='ltr'>»aliter</span> <span class='ocrx_word' id='word_1_357' title='bbox 1614 1443 1725 1474; x_wconf 84' lang='lat' dir='ltr'>scandi</span> <span class='ocrx_word' id='word_1_358' title='bbox 1752 1454 1817 1474; x_wconf 88' lang='lat' dir='ltr'>non</span> <span class='ocrx_word' id='word_1_359' title='bbox 1841 1448 1978 1486; x_wconf 66' lang='lat' dir='ltr'>potest«</span> <span class='ocrx_word' id='word_1_360' title='bbox 2017 1441 2134 1474; x_wconf 68' lang='lat' dir='ltr'>Vulca-</span> 
     </span>
     <span class='ocr_line' id='line_1_56' title="bbox 1181 1502 2137 1546; baseline 0.001 -13"><span class='ocrx_word' id='word_1_361' title='bbox 1181 1502 1254 1533; x_wconf 87' lang='lat' dir='ltr'>nius</span> <span class='ocrx_word' id='word_1_362' title='bbox 1279 1508 1385 1533; x_wconf 83' lang='lat' dir='ltr'>autem</span> <span class='ocrx_word' id='word_1_363' title='bbox 1410 1503 1490 1535; x_wconf 83' lang='lat' dir='ltr'>haec</span> <span class='ocrx_word' id='word_1_364' title='bbox 1517 1502 1662 1533; x_wconf 74' lang='lat' dir='ltr'>adnotat:</span> <span class='ocrx_word' id='word_1_365' title='bbox 1685 1502 1834 1534; x_wconf 82' lang='lat' dir='ltr'>»sciolus</span> <span class='ocrx_word' id='word_1_366' title='bbox 1860 1503 1975 1546; x_wconf 84' lang='lat' dir='ltr'>aliquis</span> <span class='ocrx_word' id='word_1_367' title='bbox 1992 1502 2137 1546; x_wconf 84' lang='lat' dir='ltr'>reposuit</span> 
     </span>
     <span class='ocr_line' id='line_1_57' title="bbox 1181 1563 2133 1606; baseline 0 -12"><span class='ocrx_word' id='word_1_368' title='bbox 1181 1564 1335 1605; x_wconf 79' lang='lat' dir='ltr'>Jupiter,</span> <span class='ocrx_word' id='word_1_369' title='bbox 1369 1575 1558 1606; x_wconf 87' lang='lat' dir='ltr'>omnemque</span> <span class='ocrx_word' id='word_1_370' title='bbox 1583 1575 1696 1594; x_wconf 69' lang='lat' dir='ltr'>versus</span> <span class='ocrx_word' id='word_1_371' title='bbox 1720 1563 1877 1595; x_wconf 87' lang='lat' dir='ltr'>rationem</span> <span class='ocrx_word' id='word_1_372' title='bbox 1906 1563 2047 1595; x_wconf 84' lang='lat' dir='ltr'>sustulit.</span> <span class='ocrx_word' id='word_1_373' title='bbox 2072 1564 2133 1594; x_wconf 82' lang='lat' dir='ltr'>Lc-</span> 
     </span>
     <span class='ocr_line' id='line_1_58' title="bbox 1182 1625 2134 1670; baseline -0.001 -13"><span class='ocrx_word' id='word_1_374' title='bbox 1182 1625 1321 1668; x_wconf 80' lang='lat' dir='ltr'>gendum</span> <span class='ocrx_word' id='word_1_375' title='bbox 1340 1626 1448 1670; x_wconf 84' lang='lat' dir='ltr'>itaque</span> <span class='ocrx_word' id='word_1_376' title='bbox 1472 1632 1521 1657; x_wconf 89' lang='lat' dir='ltr'>cst</span> <span class='ocrx_word' id='word_1_377' title='bbox 1545 1626 1660 1665; x_wconf 79' lang='lat' dir='ltr'>Jovis,</span> <span class='ocrx_word' id='word_1_378' title='bbox 1690 1626 1747 1657; x_wconf 89' lang='lat' dir='ltr'>sed</span> <span class='ocrx_word' id='word_1_379' title='bbox 1773 1627 1959 1658; x_wconf 85' lang='lat' dir='ltr'>nominandi</span> <span class='ocrx_word' id='word_1_380' title='bbox 1984 1638 2078 1669; x_wconf 77' lang='lat' dir='ltr'>casn,</span> <span class='ocrx_word' id='word_1_381' title='bbox 2101 1634 2134 1657; x_wconf 78' lang='lat' dir='ltr'>ut</span> 
     </span>
     <span class='ocr_line' id='line_1_59' title="bbox 1181 1689 2135 1733; baseline -0.001 -12"><span class='ocrx_word' id='word_1_382' title='bbox 1181 1695 1306 1722; x_wconf 69' lang='lat' dir='ltr'>veteres</span> <span class='ocrx_word' id='word_1_383' title='bbox 1329 1690 1362 1721; x_wconf 91' lang='lat' dir='ltr'>id</span> <span class='ocrx_word' id='word_1_384' title='bbox 1390 1701 1509 1722; x_wconf 87' lang='lat' dir='ltr'>nomen</span> <span class='ocrx_word' id='word_1_385' title='bbox 1532 1689 1737 1733; x_wconf 78' lang='lat' dir='ltr'>usurpabant.</span> <span class='ocrx_word' id='word_1_386' title='bbox 1772 1689 1812 1721; x_wconf 87' lang='lat' dir='ltr'>In</span> <span class='ocrx_word' id='word_1_387' title='bbox 1838 1690 2006 1722; x_wconf 80' lang='lat' dir='ltr'>scansione</span> <span class='ocrx_word' id='word_1_388' title='bbox 2031 1696 2135 1720; x_wconf 82' lang='lat' dir='ltr'>autem</span> 
     </span>
     <span class='ocr_line' id='line_1_60' title="bbox 1182 1753 2133 1795; baseline -0.002 -9"><span class='ocrx_word' id='word_1_389' title='bbox 1182 1754 1312 1786; x_wconf 84' lang='lat' dir='ltr'>eliditur</span> <span class='ocrx_word' id='word_1_390' title='bbox 1332 1753 1442 1785; x_wconf 81' lang='lat' dir='ltr'>ultima</span> <span class='ocrx_word' id='word_1_391' title='bbox 1466 1754 1559 1785; x_wconf 84' lang='lat' dir='ltr'>litera</span> <span class='ocrx_word' id='word_1_392' title='bbox 1584 1753 1627 1795; x_wconf 91' lang='lat' dir='ltr'>S,</span> <span class='ocrx_word' id='word_1_393' title='bbox 1653 1765 1742 1785; x_wconf 88' lang='lat' dir='ltr'>more</span> <span class='ocrx_word' id='word_1_394' title='bbox 1758 1753 1927 1794; x_wconf 86' lang='lat' dir='ltr'>Enniano,</span> <span class='ocrx_word' id='word_1_395' title='bbox 1955 1760 1987 1785; x_wconf 88' lang='lat' dir='ltr'>et</span> <span class='ocrx_word' id='word_1_396' title='bbox 2012 1759 2133 1785; x_wconf 74' lang='lat' dir='ltr'>constat</span> 
     </span>
     <span class='ocr_line' id='line_1_61' title="bbox 1180 1817 2133 1862; baseline -0.003 -11"><span class='ocrx_word' id='word_1_397' title='bbox 1180 1831 1321 1851; x_wconf 61' lang='lat' dir='ltr'>versus«</span> <span class='ocrx_word' id='word_1_398' title='bbox 1339 1818 1487 1849; x_wconf 72' lang='lat' dir='ltr'>Laudare</span> <span class='ocrx_word' id='word_1_399' title='bbox 1504 1818 1599 1849; x_wconf 85' lang='lat' dir='ltr'>etiam</span> <span class='ocrx_word' id='word_1_400' title='bbox 1616 1823 1743 1862; x_wconf 84' lang='lat' dir='ltr'>poterat</span> <span class='ocrx_word' id='word_1_401' title='bbox 1769 1818 1930 1851; x_wconf 80' lang='lat' dir='ltr'>Lucilimn</span> <span class='ocrx_word' id='word_1_402' title='bbox 1952 1817 1994 1862; x_wconf 81' lang='lat' dir='ltr'>(v.</span> <span class='ocrx_word' id='word_1_403' title='bbox 2013 1818 2133 1850; x_wconf 67' lang='lat' dir='ltr'>Gor-all.</span> 
     </span>
     <span class='ocr_line' id='line_1_62' title="bbox 1183 1881 2135 1927; baseline -0.001 -13"><span class='ocrx_word' id='word_1_404' title='bbox 1183 1882 1223 1914; x_wconf 79' lang='lat' dir='ltr'>ad</span> <span class='ocrx_word' id='word_1_405' title='bbox 1257 1882 1451 1914; x_wconf 73' lang='lat' dir='ltr'>Albinovan.</span> <span class='ocrx_word' id='word_1_406' title='bbox 1470 1882 1551 1924; x_wconf 82' lang='lat' dir='ltr'>eleg.</span> <span class='ocrx_word' id='word_1_407' title='bbox 1578 1882 1618 1922; x_wconf 43' lang='grc'>1,”,</span> <span class='ocrx_word' id='word_1_408' title='bbox 1646 1882 1705 1915; x_wconf 87' lang='grc'>25.</span> <span class='ocrx_word' id='word_1_409' title='bbox 1720 1894 1753 1927; x_wconf 89' lang='lat' dir='ltr'>p.</span> <span class='ocrx_word' id='word_1_410' title='bbox 1772 1882 1818 1926; x_wconf 87' lang='lat'>7).</span> <span class='ocrx_word' id='word_1_411' title='bbox 1867 1881 1979 1914; x_wconf 86' lang='lat' dir='ltr'>Edidit</span> <span class='ocrx_word' id='word_1_412' title='bbox 2008 1882 2135 1925; x_wconf 85' lang='lat' dir='ltr'>quidem</span> 
     </span>
     <span class='ocr_line' id='line_1_63' title="bbox 1183 1945 2133 1990; baseline -0.002 -12"><span class='ocrx_word' id='word_1_413' title='bbox 1183 1945 1317 1978; x_wconf 87' lang='lat' dir='ltr'>Grotius</span> <span class='ocrx_word' id='word_1_414' title='bbox 1336 1946 1487 1989; x_wconf 80' lang='lat' dir='ltr'>Jupiter3</span> <span class='ocrx_word' id='word_1_415' title='bbox 1519 1946 1576 1977; x_wconf 86' lang='lat' dir='ltr'>sed</span> <span class='ocrx_word' id='word_1_416' title='bbox 1599 1945 1762 1986; x_wconf 88' lang='lat' dir='ltr'>codicem,</span> <span class='ocrx_word' id='word_1_417' title='bbox 1798 1957 1862 1990; x_wconf 86' lang='lat' dir='ltr'>quo</span> <span class='ocrx_word' id='word_1_418' title='bbox 1883 1957 1961 1977; x_wconf 81' lang='lat' dir='ltr'>usus</span> <span class='ocrx_word' id='word_1_419' title='bbox 1984 1951 2053 1986; x_wconf 84' lang='lat' dir='ltr'>est,</span> <span class='ocrx_word' id='word_1_420' title='bbox 2082 1946 2133 1976; x_wconf 83' lang='lat' dir='ltr'>ba-</span> 
     </span>
     <span class='ocr_line' id='line_1_64' title="bbox 1182 2006 2132 2051; baseline -0.003 -12"><span class='ocrx_word' id='word_1_421' title='bbox 1182 2008 1290 2039; x_wconf 69' lang='lat' dir='ltr'>buisse</span> <span class='ocrx_word' id='word_1_422' title='bbox 1313 2008 1407 2040; x_wconf 70' lang='lat' dir='ltr'>«Iovis</span> <span class='ocrx_word' id='word_1_423' title='bbox 1433 2020 1472 2039; x_wconf 84' lang='lat' dir='ltr'>cx</span> <span class='ocrx_word' id='word_1_424' title='bbox 1499 2007 1606 2039; x_wconf 81' lang='lat' dir='ltr'>addita</span> <span class='ocrx_word' id='word_1_425' title='bbox 1625 2007 1743 2049; x_wconf 84' lang='lat' dir='ltr'>colligo</span> <span class='ocrx_word' id='word_1_426' title='bbox 1769 2013 1864 2048; x_wconf 85' lang='lat' dir='ltr'>nota,</span> <span class='ocrx_word' id='word_1_427' title='bbox 1900 2020 1963 2051; x_wconf 86' lang='lat' dir='ltr'>qua</span> <span class='ocrx_word' id='word_1_428' title='bbox 1992 2006 2132 2050; x_wconf 70' lang='lat' dir='ltr'>scripsitz</span> 
     </span>
     <span class='ocr_line' id='line_1_65' title="bbox 1189 2068 2132 2113; baseline -0.003 -12"><span class='ocrx_word' id='word_1_429' title='bbox 1189 2070 1309 2102; x_wconf 58' lang='lat' dir='ltr'>Manis.</span> <span class='ocrx_word' id='word_1_430' title='bbox 1349 2069 1500 2102; x_wconf 81' lang='lat' dir='ltr'>Citantur</span> <span class='ocrx_word' id='word_1_431' title='bbox 1520 2069 1555 2100; x_wconf 85' lang='lat' dir='ltr'>hi</span> <span class='ocrx_word' id='word_1_432' title='bbox 1581 2081 1695 2101; x_wconf 76' lang='lat' dir='ltr'>versus</span> <span class='ocrx_word' id='word_1_433' title='bbox 1719 2075 1750 2101; x_wconf 88' lang='lat' dir='ltr'>et</span> <span class='ocrx_word' id='word_1_434' title='bbox 1772 2069 1811 2101; x_wconf 85' lang='lat' dir='ltr'>ab</span> <span class='ocrx_word' id='word_1_435' title='bbox 1831 2068 1986 2113; x_wconf 81' lang='lat' dir='ltr'>Apulejo.</span> <span class='ocrx_word' id='word_1_436' title='bbox 2026 2068 2132 2101; x_wconf 54' lang='lat' dir='ltr'>Nomi&lt;</span> 
     </span>
     <span class='ocr_line' id='line_1_66' title="bbox 1181 2133 2124 2177; baseline -0.002 -12"><span class='ocrx_word' id='word_1_437' title='bbox 1181 2133 1423 2165; x_wconf 77' lang='lat' dir='ltr'>nativumJovis</span> <span class='ocrx_word' id='word_1_438' title='bbox 1438 2133 1522 2165; x_wconf 89' lang='lat' dir='ltr'>inter</span> <span class='ocrx_word' id='word_1_439' title='bbox 1539 2133 1734 2165; x_wconf 74' lang='lat' dir='ltr'>recentiores</span> <span class='ocrx_word' id='word_1_440' title='bbox 1752 2139 1785 2165; x_wconf 89' lang='lat' dir='ltr'>et</span> <span class='ocrx_word' id='word_1_441' title='bbox 1799 2133 1948 2176; x_wconf 71' lang='lat' dir='ltr'>Hyginus</span> <span class='ocrx_word' id='word_1_442' title='bbox 1968 2138 2124 2177; x_wconf 48' lang='lat' dir='ltr'>usurpata</span> 
     </span>
     <span class='ocr_line' id='line_1_67' title="bbox 1181 2193 2131 2239; baseline -0.003 -12"><span class='ocrx_word' id='word_1_443' title='bbox 1181 2195 1275 2227; x_wconf 85' lang='lat' dir='ltr'>Unde</span> <span class='ocrx_word' id='word_1_444' title='bbox 1298 2201 1386 2239; x_wconf 84' lang='lat' dir='ltr'>patet</span> <span class='ocrx_word' id='word_1_445' title='bbox 1411 2195 1492 2227; x_wconf 85' lang='lat' dir='ltr'>illud</span> <span class='ocrx_word' id='word_1_446' title='bbox 1516 2196 1647 2238; x_wconf 76' lang='lat' dir='ltr'>Jupiter</span> <span class='ocrx_word' id='word_1_447' title='bbox 1673 2195 1749 2227; x_wconf 74' lang='lat' dir='ltr'>vitio</span> <span class='ocrx_word' id='word_1_448' title='bbox 1779 2195 1830 2226; x_wconf 72' lang='lat' dir='ltr'>vel</span> <span class='ocrx_word' id='word_1_449' title='bbox 1855 2194 2057 2227; x_wconf 81' lang='lat' dir='ltr'>amanuensis</span> <span class='ocrx_word' id='word_1_450' title='bbox 2083 2193 2131 2225; x_wconf 68' lang='lat' dir='ltr'>vei</span> 
     </span>
     <span class='ocr_line' id='line_1_68' title="bbox 1182 2256 2133 2303; baseline -0.003 -13"><span class='ocrx_word' id='word_1_451' title='bbox 1182 2258 1373 2303; x_wconf 70' lang='lat' dir='ltr'>typographi</span> <span class='ocrx_word' id='word_1_452' title='bbox 1403 2259 1607 2291; x_wconf 79' lang='lat' dir='ltr'>tribuendum</span> <span class='ocrx_word' id='word_1_453' title='bbox 1635 2270 1725 2290; x_wconf 87' lang='lat' dir='ltr'>esse:</span> <span class='ocrx_word' id='word_1_454' title='bbox 1750 2259 1836 2302; x_wconf 84' lang='lat' dir='ltr'>quod</span> <span class='ocrx_word' id='word_1_455' title='bbox 1861 2265 1967 2290; x_wconf 87' lang='lat' dir='ltr'>tamen</span> <span class='ocrx_word' id='word_1_456' title='bbox 1994 2270 2059 2291; x_wconf 90' lang='lat' dir='ltr'>non</span> <span class='ocrx_word' id='word_1_457' title='bbox 2081 2256 2133 2288; x_wconf 85' lang='lat' dir='ltr'>ad-</span> 
     </span>
     <span class='ocr_line' id='line_1_69' title="bbox 1182 2320 2130 2366; baseline -0.005 -11"><span class='ocrx_word' id='word_1_458' title='bbox 1182 2323 1277 2355; x_wconf 61' lang='lat' dir='ltr'>xertit</span> <span class='ocrx_word' id='word_1_459' title='bbox 1309 2322 1529 2355; x_wconf 61' lang='lat' dir='ltr'>W&#39;althardus</span> <span class='ocrx_word' id='word_1_460' title='bbox 1559 2323 1594 2354; x_wconf 85' lang='lat' dir='ltr'>in</span> <span class='ocrx_word' id='word_1_461' title='bbox 1632 2323 1768 2366; x_wconf 81' lang='lat' dir='ltr'>repetita</span> <span class='ocrx_word' id='word_1_462' title='bbox 1801 2322 1951 2355; x_wconf 76' lang='lat' dir='ltr'>Martiani</span> <span class='ocrx_word' id='word_1_463' title='bbox 1985 2320 2130 2353; x_wconf 73' lang='lat' dir='ltr'>editione.</span> 
     </span>
     <span class='ocr_line' id='line_1_70' title="bbox 1182 2383 2129 2431; baseline -0.005 -12"><span class='ocrx_word' id='word_1_464' title='bbox 1182 2386 1372 2430; x_wconf 70' lang='lat' dir='ltr'>Onuphrius</span> <span class='ocrx_word' id='word_1_465' title='bbox 1382 2387 1558 2418; x_wconf 75' lang='lat' dir='ltr'>Pam-iuius</span> <span class='ocrx_word' id='word_1_466' title='bbox 1570 2387 1623 2431; x_wconf 83' lang='lat' dir='ltr'>(de</span> <span class='ocrx_word' id='word_1_467' title='bbox 1638 2386 1705 2418; x_wconf 88' lang='lat' dir='ltr'>lud.</span> <span class='ocrx_word' id='word_1_468' title='bbox 1718 2386 1862 2419; x_wconf 76' lang='lat' dir='ltr'>Cir-cens.</span> <span class='ocrx_word' id='word_1_469' title='bbox 1876 2386 1909 2424; x_wconf 89' lang='grc'>2,</span> <span class='ocrx_word' id='word_1_470' title='bbox 1928 2386 1960 2416; x_wconf 85' lang='grc'>2.</span> <span class='ocrx_word' id='word_1_471' title='bbox 1973 2384 2005 2415; x_wconf 88' lang='lat' dir='ltr'>in</span> <span class='ocrx_word' id='word_1_472' title='bbox 2017 2383 2129 2416; x_wconf 69' lang='lat' dir='ltr'>Graex.</span> 
     </span>
     <span class='ocr_line' id='line_1_71' title="bbox 1181 2447 2129 2494; baseline -0.003 -14"><span class='ocrx_word' id='word_1_473' title='bbox 1181 2452 1319 2481; x_wconf 70' lang='lat' dir='ltr'>thesaur.</span> <span class='ocrx_word' id='word_1_474' title='bbox 1335 2450 1375 2482; x_wconf 79' lang='grc' dir='ltr'>Χ.</span> <span class='ocrx_word' id='word_1_475' title='bbox 1397 2463 1427 2494; x_wconf 94' lang='lat' dir='ltr'>p.</span> <span class='ocrx_word' id='word_1_476' title='bbox 1444 2450 1531 2494; x_wconf 75' lang='lat'>535)</span> <span class='ocrx_word' id='word_1_477' title='bbox 1553 2457 1585 2483; x_wconf 87' lang='lat' dir='ltr'>et</span> <span class='ocrx_word' id='word_1_478' title='bbox 1600 2450 1740 2484; x_wconf 71' lang='lat' dir='ltr'>Vossius</span> <span class='ocrx_word' id='word_1_479' title='bbox 1763 2451 1806 2494; x_wconf 73' lang='lat' dir='ltr'>(v.</span> <span class='ocrx_word' id='word_1_480' title='bbox 1821 2447 1996 2480; x_wconf 76' lang='lat' dir='ltr'>Burmanni</span> <span class='ocrx_word' id='word_1_481' title='bbox 2013 2447 2129 2478; x_wconf 57' lang='lat' dir='ltr'>anthol.</span> 
     </span>
     <span class='ocr_line' id='line_1_72' title="bbox 1181 2509 2130 2558; baseline -0.003 -13"><span class='ocrx_word' id='word_1_482' title='bbox 1181 2514 1251 2545; x_wconf 68' lang='lat' dir='ltr'>Lat.</span> <span class='ocrx_word' id='word_1_483' title='bbox 1284 2513 1309 2547; x_wconf 82' lang='lat' dir='ltr'>I.</span> <span class='ocrx_word' id='word_1_484' title='bbox 1339 2526 1370 2558; x_wconf 85' lang='lat' dir='ltr'>p.</span> <span class='ocrx_word' id='word_1_485' title='bbox 1392 2513 1426 2558; x_wconf 82' lang='lat'>1)</span> <span class='ocrx_word' id='word_1_486' title='bbox 1461 2515 1545 2558; x_wconf 83' lang='lat' dir='ltr'>apud</span> <span class='ocrx_word' id='word_1_487' title='bbox 1575 2520 1720 2547; x_wconf 80' lang='lat' dir='ltr'>nostrum</span> <span class='ocrx_word' id='word_1_488' title='bbox 1752 2511 1921 2554; x_wconf 81' lang='lat' dir='ltr'>legendum</span> <span class='ocrx_word' id='word_1_489' title='bbox 1950 2509 2038 2544; x_wconf 62' lang='lat' dir='ltr'>Iov?</span> <span class='ocrx_word' id='word_1_490' title='bbox 2060 2522 2130 2544; x_wconf 62' lang='lat' dir='ltr'>esse</span> 
     </span>
    </p>

    <p class='ocr_par' dir='ltr' id='par_1_19' title="bbox 1678 2576 1724 2607">
     <span class='ocr_line' id='line_1_73' title="bbox 1678 2576 1724 2607; baseline 0 0"><span class='ocrx_word' id='word_1_491' title='bbox 1678 2576 1724 2607; x_wconf 87' lang='grc'>12</span> 
     </span>
    </p>
   </div>
  </div>
 </body>
</html>
