2310 2860
98 259 340 310 involutus,
385 258 557 300 tandem
589 274 702 314 quae
731 261 977 316 puellarum
1009 259 1324 300 intromittenda
1356 269 1531 314 paratur
1562 260 1747 316 inquiro.

642 151 843 194 Martian‘i
875 151 1074 208 Capellae
1104 151 1175 192 lib.
1202 151 1320 194 VIII.
1353 153 1385 203 §-
1417 151 1515 194 807.

98 341 291 382 nondum
323 341 543 382 stomacho
575 351 841 391 senescente,
887 355 973 395 quo
1005 341 1047 381 in
1079 355 1148 381 me
1180 341 1488 392 invehebatur,
1521 357 1692 384 exorsa:

434 421 673 476 Astrigerae
703 422 790 475 jam
822 420 930 461 sedis
961 421 1038 461 iter
1069 435 1336 476 cursumque
1368 422 1590 476 polorum,

435 503 490 544 Et
520 517 638 543 sacra
670 501 925 556 multivagos
957 516 1042 556 qua
1079 503 1230 543 tollunt
1260 503 1397 543 sidera
1428 503 1587 555 flexus,

433 583 587 623 Dicere
617 592 785 637 tempus
818 582 955 634 adest3
996 583 1120 624 video
1152 585 1444 640 splendescere
1475 587 1606 642 pulsu

433 665 520 706 Icta
553 664 798 706 corusciferi
830 665 968 704 subito
1000 665 1219 718 laquearia
1256 667 1381 707 coeli:

433 746 524 786 Illic
554 746 617 786 bis
650 755 810 800 septem
842 745 987 788 solitus
1019 750 1193 788 servare
1224 749 1405 789 Triones

432 828 577 868 Pastor
610 827 896 882 Hyperborea
927 827 1166 881 resplendet
1196 827 1292 867 luce
1323 829 1494 882 Bootes;

431 909 541 950 Hinc
572 923 658 962 qua
693 907 859 948 devexo
893 907 1013 948 tellus
1045 907 1299 948 subducitur
1335 924 1436 961 axe,

430 992 576 1046 Ignoto
609 990 804 1045 Canopos
835 1004 924 1030 sese
955 989 1079 1030 insert
1110 987 1297 1042 fulgidus
1331 998 1466 1041 astr03

428 1071 648 1111 Phoebeos
680 1073 837 1126 pariter
868 1085 1020 1111 currus
1052 1071 1312 1126 rapidosque
1343 1081 1531 1124 meatus,

429 1151 485 1192 Et
516 1152 631 1192 toties
663 1152 807 1193 variae
838 1151 1103 1192 flammantia
1135 1168 1297 1193 cornua
1323 1155 1495 1206 Lunae,

427 1230 544 1280 Quin
577 1230 701 1271 etiam
735 1230 896 1271 medios
929 1246 1037 1286 quos
1073 1240 1245 1271 nectunt
1276 1232 1465 1273 culmina
1496 1233 1650 1285 circos,

423 1313 611 1367 Oblique
642 1322 682 1352 et
711 1313 845 1353 rutilis
882 1327 969 1366 quo
1000 1327 1043 1352 se
1075 1313 1184 1366 rapit
1215 1313 1350 1354 orbita
1381 1314 1529 1368 signis,

423 1392 610 1434 Cernere
639 1393 728 1446 jam
766 1379 950 1443 videor,
977 1400 1024 1431 tu
1056 1391 1212 1445 fingere
1243 1393 1409 1435 ludicra
1440 1405 1651 1449 praestas,

423 1473 624 1528 Viliaque
660 1472 918 1527 astriloquae
948 1472 1137 1528 praefers
1169 1483 1411 1514 commenta
1444 1475 1631 1529 puellae!

1972 154 2060 197 657

1808 263 1870 304 Ac
1901 262 1958 303 sic
1991 263 2062 304 illa

2088 423 2178 464 808

250 1555 372 1597 Talia
409 1555 551 1597 adhuc
590 1565 763 1595 canente
794 1555 969 1606 Satura,
1023 1555 1175 1596 vetitus
1211 1555 1279 1595 ille
1311 1570 1358 1596 ac
1386 1555 1613 1597 durissime
1649 1557 1868 1613 castigatus
1899 1559 2040 1602 denuo
2073 1562 2163 1604 809

81 1651 150 1677 me
187 1636 296 1677 risus
320 1636 484 1678 invasit.
540 1636 680 1691 Euge,
712 1635 915 1690 inquam,
955 1635 1106 1676 Satura
1134 1651 1203 1676 me
1236 1646 1331 1677 ante
1362 1638 1570 1692 poetriam
1601 1638 1698 1680 fecit
1729 1641 1886 1683 colere!
1934 1643 2044 1686 Coe-

79 1782 205 1814 codices
232 1782 424 1814 addicerent.
456 1782 539 1815 Miro
569 1787 679 1814 contra
704 1782 800 1814 modo
823 1787 944 1814 textum
966 1794 1034 1813 cor-

78 1844 164 1887 rupit
180 1843 214 1875 ἱιι
230 1845 440 1888 sequentibus
462 1857 520 1888 per
540 1845 711 1876 lectionem
731 1846 954 1884 involvuntur,
981 1857 1034 1876 cu-
1086 1850 1117 1875 et
1135 1844 1216 1876 infra
1237 1845 1278 1889 (ἓ.
1297 1846 1393 1888 858).

73 1907 130 1949 jus
159 1907 192 1938 in
222 1907 329 1939 locum
359 1919 425 1939 non
456 1908 597 1939 dubitavi
632 1908 824 1939 anteriorum
859 1908 1033 1939 editionum

76 1971 247 2003 lectionem
277 1972 442 2003 involutus
468 1972 646 2003 restituere.
683 1973 854 2003 Involutus
880 1972 955 2003 dicit
978 1984 1031 2004 eo-

74 2033 146 2064 dem
172 2045 269 2064 sensu
301 2045 365 2076 quo
394 2033 551 2064 Horatius
585 2033 652 2077 (od.
674 2034 714 2072 5,
745 2034 810 2072 29,
838 2033 918 2076 54):
945 2046 1031 2065 »mea

73 2095 188 2127 virtute
205 2107 254 2126 me
274 2096 436 2136 involvo«,
462 2095 495 2126 id
510 2100 560 2126 est
583 2100 697 2135 tueor,
722 2095 871 2139 defendo,
893 2101 928 2127 ut
945 2108 1029 2127 com-

74 2157 166 2188 mode
189 2156 229 2188 ad
257 2156 513 2200 deprecationem
535 2169 664 2201 quoque
684 2157 764 2188 trahi
789 2158 904 2201 possit.

147 2219 344 2265 senescente]
371 2221 523 2252 Nondum
545 2221 654 2253 sedata
677 2221 891 2255 navatem.

148 2279 265 2326 subito]
293 2281 407 2313 Codex
422 2283 688 2315 Darmstattensis
715 2285 772 2316 ubi
791 2289 890 2323 lune,
916 2290 1026 2316 contra

71 2350 219 2377 metrum.

1161 1782 1321 1829 Canopos]
1336 1784 1422 1816 Vide
1435 1790 1578 1816 nostrum
1595 1797 1691 1830 supra
1705 1785 1836 1831 &593
1855 1788 1938 1820 608.
1956 1790 2043 1834 696)

1159 1909 1287 1955 currus]
1316 1910 1451 1942 Grotius
1483 1912 1582 1943 edidit
1611 1925 1743 1952 cursus,
1772 1913 1858 1957 quod
1882 1913 2041 1958 improbat

1082 1969 1288 2003 Burmannus
1322 1972 1463 2016 (anthol.
1491 1974 1561 2004 Lat.
1587 1974 1636 2015 II,
1669 1987 1701 2018 p.
1727 1975 1799 2006 697
1825 1976 1865 2019 f.)
1895 1982 1927 2008 ct
1954 1983 2039 2009 certe

1083 2035 1258 2066 anteriores
1282 2035 1439 2068 editiones
1465 2037 1624 2068 habebant
1651 2050 1775 2070 currus.

1156 2097 1302 2146 oblique]
1329 2098 1405 2131 Alia
1433 2101 1529 2132 lectio
1559 2101 1594 2133 in
1621 2102 1764 2144 margine
1795 2108 1843 2134 est
1878 2104 2036 2151 obliquet,

1080 2165 1189 2192 contra
1220 2166 1354 2192 metrum
1385 2162 1504 2205 pariter
1530 2175 1566 2195 ae
1593 2176 1732 2195 sensum.
1775 2164 1826 2196 De
1855 2166 2036 2209 aequaturis

1079 2227 1109 2252 ct
1131 2222 1293 2265 ecliptiees
1321 2223 1447 2254 circulis
1474 2224 1617 2268 loquitur
1638 2225 1831 2265 Martianus,
1858 2238 1938 2268 quos
1969 2238 2033 2258 me-

1077 2284 1147 2315 dios
1160 2284 1297 2316 culmina
1323 2290 1471 2326 nectunt,
1505 2286 1538 2317 id
1561 2292 1610 2317 est
1637 2287 1691 2329 qui
1715 2287 1747 2317 in
1769 2286 1897 2330 punctis
1925 2289 2032 2331 aequi-

1075 2346 1267 2378 noctialibus
1297 2347 1487 2388 cohaerent,
1523 2347 1599 2380 licet
1619 2347 1765 2392 ecliptiee
1800 2360 1871 2380 cum
1899 2349 2031 2382 zodiaco

142 2404 265 2450 pastor]
292 2404 458 2438 Meliorem
485 2407 673 2450 lectionem,
701 2421 796 2453 quam
825 2408 959 2441 Grotius
984 2409 1024 2440 ad
1075 2406 1239 2450 obliquum
1265 2407 1360 2439 situm
1387 2409 1512 2441 habeat.

71 2467 245 2509 marginem
275 2466 401 2509 rejecit,
435 2470 586 2512 praetuli,
613 2471 882 2515 adstipulantibus
907 2470 1022 2503 codici-

69 2529 129 2562 bus
142 2529 330 2562 monacensi
342 2529 411 2574 (C),
426 2530 686 2574 Darmstattensi,
707 2538 740 2566 et
752 2533 1019 2567 Reichenaucnsi.
1071 2531 1158 2563 dicra
1186 2532 1364 2575 fingendam

1145 2601 1219 2628 unte
1242 2595 1416 2643 poeti-iam]
1443 2597 1595 2630 Fortasse
1619 2602 1722 2631 artem
1741 2599 1908 2641 poeticam.

68 2593 177 2635 Vulgo
205 2593 358 2636 plaustro.

1146 2470 1313 2516 praestas]
1341 2472 1378 2503 Id
1407 2478 1472 2504 est:
1496 2479 1548 2504 ntu
1577 2472 1704 2513 melior,
1729 2471 1833 2516 aptior
1859 2484 1894 2505 es
1920 2474 1960 2506 ad
1981 2475 2028 2506 lu-
