2310 2860
707 152 908 194 Martiani
946 151 1149 208 Capellae
1189 151 1262 192 lib.
1287 150 1363 193 VI.
1403 152 1432 202 §.
1458 151 1555 192 687.

2037 155 2123 196 557

172 259 240 300 alii
269 258 404 299 fluvio
435 259 560 299 Gallo
592 260 811 310 miscetur,
848 262 885 300 'a
923 274 1009 314 quo
1045 257 1159 299 Galli
1190 257 1389 298 dicuntur
1420 258 1599 298 ministri
1629 259 1774 300 matris
1804 258 1947 301 deum.
2010 260 2126 303 Haec

170 348 210 379 et
248 338 455 393 Bebrycia
497 349 535 380 et
567 340 800 395 Mygdonia
847 341 954 381 dicta
1001 349 1080 390 est3
1128 353 1152 379 a
1189 337 1372 391 Bithyno
1409 352 1507 392 rege
1548 338 1754 393 Bithynia.

1816 340 1864 381 In
1896 355 1943 381 ea
1980 341 2126 384 civitas

169 419 358 469 Prusias,
413 434 546 474 quam
586 420 720 474 Hylas
765 419 942 459 inundat
978 419 1120 468 lacus,
1162 432 1249 472 quo
1288 432 1395 472 puer
1427 418 1619 470 ejusdem
1652 420 1831 460 nominis
1879 420 2031 463 dicitur
2062 423 2127 463 in·-

170 506 392 553 tereethS.

167 578 318 619 nibalis
342 589 620 620 memoratur.
663 579 829 619 Dehine
859 580 976 620 Ponti
1012 595 1107 631 ora,
1147 589 1238 635 post
1266 581 1409 621 Fauces
1433 580 1640 635 Bosphori
1664 590 1703 621 et
1736 596 1903 623 amnem
1935 582 2129 623 Rhesum
2164 587 2250 627 688

458 499 521 538 Ibi
561 499 739 553 Libyssa
780 499 917 550 loeus,
958 498 1233 540 Nicomediae
1272 500 1520 554 proximus,
1561 501 1602 541 in
1645 516 1692 541 eo
1723 502 1969 556 sepulerum
2006 503 2126 543 Han-

168 661 450 716 Sagarimque
474 662 590 702 sinus
612 660 899 714 Mariandyni,
930 661 972 701 in
1000 676 1086 716 quo
1112 662 1317 703 Heraclea
1344 662 1503 712 civitas,
1533 671 1678 716 portus
1701 662 1858 712 Acone,
1890 664 1963 704 ubi
1993 664 2128 705 herba

170 742 320 782 veneni
362 744 574 783 aconitum
615 751 885 797 procreatur,
941 757 1090 797 specus
1131 743 1413 792 Acherusius,
1465 743 1538 796 qui
1586 744 1790 797 mergitur
1829 743 1869 782 in
1911 744 2124 798 profunda

167 821 342 866 telluris.
397 822 500 862 Inde
532 821 839 877 Paphlagonia,
877 822 952 862 ubi
986 838 1007 864 a
1038 833 1152 879 tergo
1192 823 1358 864 Galatia
1398 832 1478 874 est3
1523 823 1595 864 sed
1636 823 1705 864 hic
1746 823 1954 864 Henetosa
1999 825 2124 866 etiam
2155 829 2243 870 689

170 901 337 952 civitas,
384 917 406 942 a
446 902 567 955 eujus
608 902 774 942 civibus
806 903 847 942 in
879 903 997 944 Italia
1038 914 1150 945 ortos
1182 906 1370 945 Venetos
1408 914 1611 946 asserunt.

1679 905 1743 945 Ibi
1781 906 2127 960 promontorium

169 980 414 1031 Carambis,
459 981 576 1035 quod
616 997 638 1022 a
681 983 800 1022 Ponti
839 984 940 1023 ostio
983 985 1098 1025 abest
1137 986 1325 1026 millibus
1357 1000 1559 1040 passuum
1606 985 1795 1025 ducentis
1828 985 1995 1040 viginti,
2034 996 2126 1026 tan—

168 1061 342 1101 tundem
386 1076 410 1101 a
456 1061 702 1102 Cimmerio.

776 1063 840 1102 Ibi
881 1064 1003 1103 etiam
1046 1079 1167 1104 mons
1200 1065 1406 1119 Cytorus,
1449 1076 1488 1106 et
1520 1066 1664 1107 civitas
1693 1066 1949 1121 Eupatoria,
1993 1081 2126 1123 quam

166 1139 431 1181 Mithridates
462 1140 639 1194 fecerat,
679 1140 753 1181 sed
785 1157 833 1181 eo
865 1142 975 1182 victo
1008 1143 1319 1198 Pompejopolis
1351 1144 1573 1200 appellata.

895 1299 974 1338 DE

339 1402 608 1458 Cappadocia
637 1412 780 1444 autem
805 1403 1066 1443 introversus
1098 1403 1273 1454 recedit,
1308 1418 1419 1457 quae
1450 1406 1695 1447 laevorsum
1725 1407 1871 1448 ambas
1897 1408 2122 1450 Armenias
2154 1408 2242 1450 (iso

216 1510 352 1554 Influit,
373 1516 404 1542 et
433 1512 542 1542 crebro
564 1513 683 1542 vortice
707 1517 809 1543 tortus
832 1512 967 1553 lIaIys.«

168 1569 466 1604 Gnor.—Plinius
487 1574 539 1617 (G,
562 1574 611 1616 1):
631 1557 910 1618 »Sa9ar2's⁰ssux*itts
929 1585 968 1604 ex
986 1572 1122 1604 inclutis.

168 1634 281 1666 Oritur
297 1636 329 1667 in
349 1637 506 1679 Phrygia,
536 1637 650 1680 accipit
663 1644 772 1669 vastos
793 1649 917 1676 amnesg
940 1637 1022 1667 idem
1040 1636 1122 1667 San-

165 1698 276 1740 ⁴qai-ius
299 1709 315 1728 a
338 1697 501 1741 plerisque
535 1698 667 1729 dietus«
719 1698 819 1729 Plura
850 1698 937 1729 dabit
961 1697 1122 1729 Cellarius

166 1759 218 1802 (T.
246 1758 295 1800 Π,
324 1773 355 1802 p.
373 1761 469 1804 295).

242 1823 341 1854 Ponti
359 1822 427 1867 ora]
449 1824 540 1856 llaec
557 1836 596 1855 ex
612 1824 719 1855 Plinio
735 1824 782 1866 (6,
802 1823 836 1865 1)
855 1829 887 1854 et
903 1823 1017 1854 Solino
1037 1822 1120 1866 (45).

165 1881 292 1914 Inserui
318 1889 422 1914 autem
443 1890 513 1927 post
538 1896 578 1915 ex
605 1884 746 1926 margine
767 1883 932 1915 Grotiana.

240 1945 421 1990 Heraclea]
455 1947 504 1977 De
538 1958 573 1977 ea
604 1947 675 1978 vide
709 1946 890 1978 Memnonis
919 1945 1121 1977 historiarum

165 2009 340 2049 fragmenta
369 2021 386 2040 a
416 2009 535 2040 Photio
565 2009 648 2052 (eod.
673 2010 760 2053 224)
786 2015 908 2040 servata
937 2009 999 2051 (ed.
1025 2009 1057 2039 J.
1083 2009 1120 2040 C.

164 2069 326 2112 Orellius,
353 2072 445 2115 [ἀρε.
475 2072 606 2114 1816),
634 2078 666 2103 et
686 2073 730 2104 Η.
753 2073 793 2106 L.
820 2072 1015 2103 Polsberwii
1044 2072 1121 2103 tliss.

165 2132 204 2164 (le
223 2133 320 2164 rebus
338 2133 516 2165 Heracleae
540 2133 696 2164 Ponticae
719 2134 975 2177 (Brandenhurg.
1001 2133 1119 2175 1855).

239 2195 425 2241 Henetosa]
460 2196 576 2228 Codex
613 2197 818 2228 Monacensis
849 2196 913 2239 (C)
953 2197 1120 2235 Enetum,

164 2257 428 2289 Darmstattensis
448 2260 631 2299 Venetam,
658 2265 690 2290 et
716 2260 754 2290 ad
780 2259 852 2290 libri
873 2260 1119 2301 Non-inmergen-

165 2318 209 2348 sis
235 2318 409 2359 marginem
440 2320 633 2363 adscriptum
664 2321 781 2362 legitur
807 2321 1017 2352 IIenetornm.
1053 2321 1118 2352 Pli-

164 2381 237 2412 nius
259 2393 334 2412 vero
356 2382 409 2424 (6,
435 2381 469 2420 2,
498 2382 534 2423 2)
553 2383 592 2413 ad
616 2383 868 2426 Paphlagoniam
890 2384 1014 2416 scribit:
1037 2396 1118 2427 »quo

163 2445 236 2476 loco
258 2444 406 2476 Ileuetos
432 2444 539 2486 adjicit
558 2445 668 2488 Nepos
693 2447 881 2487 Cornelius,
904 2460 922 2479 a
947 2448 1062 2491 quibus
1085 2447 1118 2478 in

161 2506 255 2540 Italia
277 2513 365 2540 ortos
387 2509 593 2550 cognomines
611 2520 720 2541 eorum
734 2510 880 2543 Venetos
899 2511 985 2543 credi
1007 2516 1115 2555 postu-

164 2569 234 2600 tat«
268 2569 401 2601 Solinus
427 2569 502 2613 (44)
523 2569 648 2603 »locum
670 2571 851 2604 Henetum«
880 2572 1029 2616 appellat.
1064 2573 1114 2605 De

1017 1298 1394 1340 CAPPADOCIA.

1172 1512 1372 1544 Venetorum
1400 1514 1520 1555 origine
1555 1515 1662 1558 plures
1696 1515 1863 1558 opiniones
1893 1518 1983 1548 affert
2010 1517 2128 1550 Strabo

1172 1572 1221 1616 (3,
1245 1586 1274 1616 p.
1290 1574 1372 1605 212.
1396 1575 1457 1614 12,
1484 1587 1513 1618 p.
1529 1576 1600 1606 545
1622 1576 1642 1606 f.
1662 1577 1733 1607 552
1754 1577 1773 1608 f.
1795 1577 1966 1620 Casaub.)3
1994 1580 2051 1610 sed
2075 1581 2127 1611 ad-

1173 1634 1212 1665 de
1237 1635 1365 1666 omnino
1393 1637 1471 1667 haec
1494 1637 1652 1668 Messalae
1676 1637 1808 1668 Corvini
1833 1639 1885 1682 (de
1913 1639 1998 1681 Aug.
2016 1653 2127 1683 proge-

1172 1695 1224 1726 nie
1250 1697 1311 1736 10,
1341 1709 1371 1739 p.
1391 1697 1463 1728 540
1483 1697 1578 1740 Bip.)
1603 1698 1641 1728 de
1671 1697 1854 1730 Antenore:
1890 1700 1941 1731 „Is
1969 1701 2052 1732 inter
2078 1714 2127 1733 ee-

1171 1764 1258 1790 teros
1289 1760 1421 1791 comites
1457 1761 1636 1792 Enetorum
1659 1761 1894 1794 multitudinem
1923 1776 2126 1797 numerosam

1173 1832 1281 1852 secum
1305 1821 1453 1852 duxerat:
1478 1822 1532 1865 qui
1559 1822 1779 1865 Paphlagonia
1801 1824 1878 1865 orti,
1906 1826 2009 1869 patria
2031 1827 2127 1869 pulsi,

1173 1884 1302 1914 exsules
1336 1884 1375 1915 ad
1415 1884 1560 1926 Trojam,
1601 1898 1681 1929 quae
1716 1887 1802 1918 hello
1841 1893 1917 1919 tuuc
1949 1888 2126 1930 laborabat,

1172 1953 1407 1979 concesserant.
1451 1948 1497 1979 Ili
1522 1949 1555 1979 in
1588 1949 1731 1992 proxima
1761 1950 1966 1982 finitimorum
1996 1952 2126 1995 praedia

1171 2008 1267 2049 longe
1288 2009 1416 2053 lateque
1435 2009 1557 2050 diffusi,
1590 2010 1663 2054 quia
1684 2011 1886 2043 multitudine
1906 2019 2018 2044 cuneta
2041 2026 2124 2045 eom-

1171 2071 1348 2114 pleverant,
1371 2084 1411 2103 ex
1426 2084 1460 2103 se
1477 2074 1624 2114 gentihus
1642 2085 1759 2105 nomen
1775 2074 1932 2106 dederunt
1948 2076 2126 2109 etVenetia

1170 2135 1258 2176 regio
1285 2135 1395 2166 dictat«

1246 2199 1391 2229 ducentis
1416 2198 1550 2245 viginti]
1583 2201 1727 2232 Pliniusz
1754 2202 2033 2234 »Promontorium
2063 2201 2123 2234 Ca·

1169 2261 1287 2292 ramhis
1302 2267 1392 2292 vasto
1415 2274 1552 2295 excursu
1574 2265 1663 2296 abest
1679 2277 1696 2296 a
1716 2266 1814 2296 Ponti
1834 2265 1916 2295 ostio
1936 2264 2124 2296 CCCXXV

1169 2324 1308 2355 millibus
1333 2337 1499 2368 passuum,
1527 2327 1577 2358 vel
1600 2334 1635 2359 ut
1661 2327 1731 2359 aliis
1756 2327 1873 2370 placuit
1894 2326 2029 2365 CCCL,
2052 2332 2122 2358 tan·

1169 2386 1299 2416 tundent
1314 2398 1331 2417 a
1355 2386 1544 2427 Cimmerio,
1563 2394 1618 2420 aut
1633 2394 1667 2420 ut
1688 2388 1786 2431 aliqui
1807 2388 1945 2418 maluere
1966 2387 2123 2420 CCCXII

1167 2447 1309 2478 millibus
1334 2447 1544 2490 quingentis«

1242 2507 1455 2553 Cappadocia]
1484 2510 1511 2540 E
1533 2509 1648 2541 Solino
1667 2508 1741 2552 (45)
1759 2514 1791 2540 ct
1814 2509 1921 2540 Plinio
1941 2510 1987 2552 (G,
2013 2511 2047 2550 5,
2066 2509 2120 2553 5)3

1165 2569 1245 2601 addc
1272 2570 1462 2603 Salmasium
1490 2572 1534 2614 (1).
1553 2571 1639 2614 890)
1662 2576 1693 2603 et
1717 2569 1907 2603 Strabonem
1934 2570 1997 2614 (12
2028 2570 2118 2615 init.)-
