2310 2860
138 155 199 196 48

739 153 938 196 Martiani
977 152 1177 210 Capellae
1215 154 1287 196 lib.
1311 154 1344 196 Ι.
1383 157 1413 208 §.
1439 156 1508 198 14.

142 270 182 301 et
212 259 392 302 confinio
425 261 660 312 coloratus,
701 261 911 317 exiguum
948 262 1112 319 proprii
1154 261 1315 317 saporis
1359 261 1565 304 haustum
1603 265 1741 307 multa
1777 266 1993 308 mutabilis
2026 266 2102 308 ad-

140 341 345 382 mixtione
385 350 563 381 traxere.

635 341 751 384 Nam
799 344 903 386 alter
940 343 1072 384 nimia
1114 337 1324 384 eeleritate
1366 342 1561 396 festinus,
1600 360 1648 386 ac
1688 347 1950 403 plerumque
1990 362 2095 389 eon—

140 423 285 462 sistens
310 421 595 476 relabensque
626 421 867 477 ferebatur3
912 423 1018 465 alius
1051 437 1155 465 vero
1188 422 1409 478 quandam
1439 424 1658 467 undarum
1689 428 1893 484 originem
1925 437 2101 484 gestans,

139 502 429 557 flexuosisque
477 502 737 546 anfractibus
777 504 1050 547 errabundus
1090 505 1320 562 spumabat
1351 506 1510 547 eunctis
1550 507 1784 549 seminibus
1823 508 2103 549 fluentorum.

140 584 220 625 Hie
253 583 380 638 igitur
410 597 561 625 cursus
592 584 808 627 diseoloris
840 601 985 627 amnes
1012 585 1248 641 praedictas
1272 601 1422 628 rerum
1449 586 1773 642 hominumque
1802 589 1993 630 fortunas
2020 588 2104 629 im-

143 664 296 705 mensis
327 663 466 717 primo
497 664 659 706 sinibus
690 666 946 708 ambiebant.

216 772 381 804 „meabilis
396 773 607 819 admixtione]
626 775 677 806 De
691 775 795 816 Luna,
813 787 893 818 quac
906 775 979 806 luce
995 773 1098 805 alicua

140 833 244 873 lucet,
267 833 383 865 iterum
400 840 509 878 aperta
531 835 612 867 ratio
633 841 689 867 est.
732 837 782 868 De
806 836 967 869 Mercurio
993 840 1098 867 autem

141 896 357 928 consulendus
372 897 579 929 Ptolemaeus
598 899 722 941 (tetrab.
741 901 774 940 1,
796 899 851 943 4),
878 899 1097 943 comparandi-

142 970 203 1002 que
217 959 341 991 Manilii
360 960 406 1003 (1,
425 962 507 993 870.
522 962 651 994 secund.
665 962 734 994 cod.
750 962 906 1008 Gemlae.)
921 963 954 995 hi
968 974 1097 994 versusz

190 1043 238 1047 --
261 1025 362 1054 »sicut
385 1024 658 1066 Cyllenius—orbis

188 1086 233 1118 Et
259 1086 392 1126 Venus,
423 1100 557 1121 accenso
583 1101 656 1121 cum
679 1090 767 1122 ducit
796 1091 936 1134 Vespere
961 1096 1099 1129 noctem,

191 1146 295 1190 Saepe
318 1149 422 1180 nitent
446 1149 633 1197 falluntque
663 1152 770 1184 oculos
780 1176 793 1191 ,
825 1164 1020 1199 rursumque
1050 1163 1098 1183 re-

543 1216 663 1247 visunt.
669 1230 680 1243 α

214 1270 357 1316 traxere]
384 1273 450 1304 Pro
472 1279 620 1307 traxerat
644 1287 661 1307 e
681 1276 863 1308 Basili-ensi
886 1277 1004 1308 codiee.

217 1334 308 1380 nam]
325 1336 527 1381 Legotjam:
547 1339 586 1370 de
607 1352 669 1383 qua
686 1340 871 1371 confusione
888 1340 1044 1371 videndus
1061 1338 1105 1391 ⁰¹3

138 1396 370 1429 Drakenborch
392 1398 431 1429 ad
453 1399 513 1430 Sil.
527 1400 597 1431 Ital.
619 1402 654 1441 9,
684 1401 766 1432 242.
785 1402 911 1433 Voxcn.
938 1401 1038 1445 (spec.
1056 1411 1098 1431 er.

137 1472 170 1502 p.
189 1459 282 1503 145).
302 1479 349 1483 -—
375 1461 449 1492 Non
469 1468 535 1503 est,
571 1464 658 1506 quod
682 1464 999 1495 Draekenborchium
1023 1475 1097 1494 con·

138 1521 291 1552 sulamus.
343 1521 467 1553 Demus
500 1524 584 1555 enim
615 1524 795 1556 sexcenties
826 1525 998 1569 particulas
1024 1524 1097 1556 illas

137 1584 288 1615 confusas
305 1583 423 1625 fuisse,
450 1586 637 1629 neutiquam
659 1587 733 1618 inde
755 1588 897 1629 cogitur,
923 1588 1011 1618 istud
1036 1588 1098 1618 hoe

137 1647 233 1678 ctiam
261 1647 334 1678 loco
364 1659 435 1679 esse
466 1649 592 1680 factum.
632 1649 734 1682 Immo
761 1650 952 1682 servandum
976 1662 1089 1681 »nam«

138 1713 211 1747 est,
242 1707 400 1751 siquidem
430 1709 596 1753 utriusque
630 1711 730 1742 amnis
758 1712 970 1752 mutabilitas,
1001 1711 1096 1743 modo

136 1768 338 1812 praedicata,
374 1782 459 1801 nunc
485 1771 670 1814 explicatur.

215 1831 406 1878 consistens]
445 1834 534 1876 Lego
561 1837 740 1867 concidens.
767 1836 894 1868 vos-cn.
916 1857 963 1862 —-
993 1836 1094 1869 Immo

138 1894 325 1926 consistens.
352 1893 436 1926 Vide
455 1907 549 1938 quam
567 1909 718 1940 perverso
742 1898 837 1929 modo
856 1898 967 1939 critici,
984 1910 1095 1930 verum

138 1965 269 1986 sensum
287 1955 489 1997 ignorantes,
518 1958 631 1989 salsam
658 1959 772 1991 lectori
792 1959 963 1992 lectionem
986 1960 1093 1991 obtru-

137 2015 224 2046 dant.
262 2015 394 2048 Nullum
418 2018 475 2048 tibi
497 2020 672 2051 remanebit
695 2020 825 2052 dubium
847 2021 939 2053 lectis
968 2022 1094 2053 duobus

136 2078 342 2110 inferioribus
377 2080 457 2112 loeis
489 2081 529 2125 (§.
556 2084 613 2114 25.
640 2084 746 2127 280),
782 2085 836 2116 11111
862 2085 947 2117 1110111
968 2086 1094 2117 Mercu-

137 2141 205 2172 rius
226 2149 401 2174 »remorata
424 2145 560 2176 statione
583 2149 759 2179 consistens
768 2163 779 2177 11
803 2148 991 2192 appellatur.

213 2206 297 2236 alius
319 2205 408 2252 vero]
434 2208 534 2240 Luna.
569 2209 626 2241 »In
650 2211 759 2243 infimo
784 2211 861 2243 orbe
879 2212 973 2244 Luna
996 2213 1093 2244 radiis

137 2266 228 2300 Solis
253 2279 387 2301 aceensa
412 2273 623 2304 convertitur«
655 2274 750 2319 (Cic.)
770 2275 871 2307 Gonz.

210 2329 389 2375 undarum]
416 2331 470 2363 Ab
493 2334 721 2377 antiquissimis
742 2337 940 2380 temporibus
960 2349 1091 2382 persua-

137 2403 209 2423 sum
232 2394 413 2426 hominibus
432 2401 516 2436 erat,
544 2396 632 2429 Solis
658 2398 730 2440 igne
760 2405 792 2430 et
821 2401 931 2431 Lunae
958 2402 1091 2434 humore

137 2456 242 2487 omnia
265 2457 315 2489 ali.
353 2457 439 2489 Ilinc
462 2459 588 2491 Plinius
609 2461 654 2504 (2.
679 2462 716 2504 9)
742 2474 807 2494 11011
834 2463 938 2494 50111111
963 2465 1090 2498 »Lunae

136 2518 276 2548 maculas
298 2530 363 2550 non
389 2519 474 2551 aliud
500 2532 590 2552 esse«
626 2522 736 2563 docet,
779 2536 902 2584 nqua·
918 2530 1021 2558 terrae
1041 2538 1089 2559 ra-

137 2585 209 2621 ptas
232 2592 302 2612 cum
327 2583 458 2615 humore
485 2584 635 2627 sordes«,
681 2587 737 2618 sed
764 2587 825 2619 vim
855 2587 949 2620 etiam
977 2590 1006 2622 01
1035 2591 1088 2622 ad-

1018 666 1138 707 Tum
1168 667 1338 711 diversa
1368 669 1588 711 undarum
1620 669 1873 725 violensque
1902 669 2104 726 rapiditas

1150 776 1260 808 scribit
1282 778 1480 817 »humorem,
1507 789 1602 820 quem
1625 776 1714 809 Solis
1737 776 1817 808 radii
1834 777 2017 817 absumant,
2050 788 2103 808 au-

1149 838 1273 880 gendi«
1335 839 1486 882 Quocum
1515 839 1658 870 conferre
1691 838 1767 870 lieet
1798 837 2014 882 Porphyrium
2046 838 2105 882 (de

1150 908 1240 934 antro
1261 904 1389 946 nymph.
1417 903 1474 943 11,
1496 915 1526 946 p.
1551 901 1609 945 12)
1639 902 1782 947 aliosque
1805 902 2009 934 recentiores.
2026 901 2105 934 Pto-

1148 964 1290 996 lemaeus
1323 964 1407 995 enim
1440 963 1611 1008 (tetrabihl.
1638 966 1678 1005 1,
1709 963 1763 1007 4):
1802 965 1955 1007 »major«,
1990 963 2105 1007 inquit,

1158 1029 1286 1060 »Lunae
1305 1028 1352 1059 115
1373 1034 1422 1059 est
1441 1028 1662 1059 humectandi:
1683 1034 1733 1060 est
1750 1029 1834 1061 enim
1846 1034 1948 1060 terrae
1964 1028 2104 1073 propior,

1150 1103 1167 1122 a
1193 1103 1256 1134 qua
1276 1102 1374 1134 vapor
1392 1090 1541 1121 humidus
1562 1091 1600 1121 ab
1622 1091 1685 1122 imo
1704 1102 1806 1135 usque
1831 1090 1871 1122 ad
1889 1102 1958 1122 eam
1974 1090 2104 1121 adscen-

1150 1154 1232 1194 ‹lit«3
1267 1159 1298 1185 ct
1326 1153 1422 1197 paulo
1451 1154 1597 1198 superius
1623 1154 1662 1197 (0.
1687 1154 1724 1198 2)
1749 1154 1895 1187 »Solem«
1931 1154 1974 1186 ait
2005 1153 2104 1185 »cale-

1149 1216 1264 1255 facere,
1287 1216 1411 1247 Lunam
1429 1217 1619 1247 humectare.
1647 1217 1774 1248 Pariter
1789 1216 1971 1248 Macrobius
1989 1216 2103 1260 (somn.

1151 1277 1204 1310 Se.
1225 1279 1265 1318 1,
1297 1278 1356 1321 19)
1382 1277 1508 1309 scribit:
1534 1279 1644 1310 »Luna
1668 1279 1750 1310 aeris
1777 1285 1809 1310 et
1832 1290 1932 1322 aquae
1955 1279 2027 1309 faex
2049 1279 2103 1308 ha-

1150 1344 1261 1383 betur,
1306 1341 1447 1373 omnium
1475 1342 1560 1373 0111111
1587 1342 1792 1386 physicorum
1824 1342 2003 1372 assertione
2030 1352 2102 1372 eon-

1151 1413 1230 1447 5101,
1254 1406 1391 1437 calorem
1419 1407 1551 1436 humore
1582 1406 1730 1445 nutriri«,
1770 1411 1802 1437 et
1828 1405 1966 1437 Alcman
1985 1405 2103 1448 lyricus

1150 1468 1234 1512 apud
1258 1467 1395 1498 eundem
1413 1465 1557 1510 (Satura.
1581 1468 1613 1506 7,
1645 1467 1703 1510 16)
1725 1467 1847 1499 Rorem
1870 1466 1968 1498 Acris
1990 1472 2022 1498 et
2038 1466 2103 1497 Lu-

1149 1545 1209 1565 nae
1233 1533 1331 1564 filium
1354 1532 1503 1576 appellat.
1547 1531 1627 1562 Inde
1651 1530 1746 1562 etiam
1771 1530 1804 1562 in
1829 1530 1972 1574 lapidum
2002 1530 2102 1561 titulis

1149 1594 1261 1637 (Grut.
1290 1593 1385 1624 inser.
1413 1593 1481 1632 59,
1521 1591 1564 1634 8)
1596 1592 1701 1624 Diana
1729 1593 1892 1625 undarum
1925 1592 2103 1637 appellatur

1147 1657 1270 1699 regina.
1304 1654 1338 1686 A
1354 1654 1460 1699 poetis
1481 1658 1587 1685 autem
1602 1654 1695 1685 Luna
1719 1654 1961 1695 cognominatur
1976 1655 2102 1686 roseida

1147 1718 1251 1763 (virg.
1276 1730 1383 1760 georg.
1409 1719 1451 1757 5,
1489 1719 1573 1750 557.
1613 1717 1672 1750 Sil.
1703 1720 1735 1758 1,
1762 1720 1844 1750 576.
1880 1712 2100 1751 Claudian.'5

1148 1781 1271 1812 consul.
1306 1780 1378 1811 Stil.
1397 1781 1481 1811 288.
1516 1780 1627 1811 Burm.
1650 1780 1769 1811 anthol.
1792 1780 1862 1811 Lat.
1887 1782 1920 1821 5,
1943 1782 1984 1821 5,
2011 1781 2048 1811 T.
2067 1780 2099 1811 2.

1146 1854 1177 1886 p.
1202 1842 1289 1885 501)
1312 1848 1345 1873 et
1369 1841 1504 1885 roriflua
1531 1840 1686 1885 (catalect.
1706 1842 1748 1881 2,
1776 1842 1831 1873 14.
1856 1854 1905 1885 ap.
1930 1843 2042 1874 Burm.
2065 1843 2099 1882 5,

1146 1905 1213 1944 46,
1242 1904 1298 1935 14.
1321 1917 1351 1947 p.
1367 1903 1473 1947 527);
1506 1909 1618 1935 noster
1644 1903 1800 1947 denique,
1828 1905 1921 1936 sicuti
1942 1906 2004 1936 1100
2026 1905 2099 1936 loco

1155 1965 1296 1998 »cunctis
1318 1977 1389 1996 eam
1409 1964 1582 1997 seminibus
1609 1966 1803 1998 fluentorum
1826 1978 1991 2011 spumare«
2019 1967 2098 2008 vult,

1145 2028 1189 2059 ita
1207 2028 1288 2059 infra
1308 2026 1456 2071 (§.165)
1483 2042 1493 2057 11
1501 2028 1560 2059 sub
1582 2028 1675 2059 Luna
1693 2028 1777 2060 eirea
1794 2029 1898 2073 ipsum
1916 2035 2019 2061 terrae
2039 2029 2096 2061 cir-

1146 2091 1253 2124 culum
1269 2096 1374 2122 aerem
1394 2101 1433 2121 ex
1451 2091 1558 2122 halatu
1576 2092 1769 2136 madoreque
1787 2092 1888 2123 insero
1904 2086 2097 2123 turbidatum

1145 2165 1237 2186 esse»
1259 2152 1345 2184 addit
1368 2152 1463 2195 (conf.
1489 2151 1517 2196 §.
1541 2153 1635 2197 169).

1217 2215 1457 2263 hominumque]
1484 2215 1533 2247 Ita
1550 2217 1720 2259 Hugianus
1739 2217 1840 2248 codex
1863 2228 1922 2261 pro
1939 2217 2095 2251 Grotiano

1143 2281 1394 2325 nationumquffi
1433 2284 1465 2309 et
1490 2284 1575 2310 certe
1598 2280 1660 2310 hoe
1690 2278 1762 2310 1000
1789 2279 1902 2310 melius
1924 2281 2019 2312 rebus
2040 2292 2095 2325 op-

1143 2348 1306 2388 ponuntur
1341 2343 1503 2381 homines,
1547 2353 1641 2385 quam
1677 2342 1840 2383 nationes,
1883 2355 1964 2387 quae
2001 2356 2096 2388 supra

1143 2404 1184 2449 (ξ.
1203 2404 1262 2446 11)
1286 2415 1357 2435 eum
1382 2404 1511 2445 regibus
1535 2409 1611 2435 sunt
1631 2404 1829 2445 conjunctae.

1215 2464 1352 2510 sinibus]
1380 2465 1573 2496 Dresdensis
1605 2471 1637 2497 et
1665 2465 1699 2497 in
1726 2465 1806 2496 libro
1834 2465 2095 2509 Nox-imbergensi

1142 2528 1264 2560 varians
1282 2527 1378 2558 lectio
1395 2527 1564 2570 adscripta,
1582 2527 1794 2559 Monacenses
1813 2539 1940 2571 quoque
1955 2529 1997 2571 (B
2010 2535 2041 2561 et
2051 2530 2093 2573 Ε)

1141 2590 1222 2624 male
1249 2601 1320 2621 cum
1348 2588 1560 2621 anterioribus
1588 2588 1781 2622 editionibus
1810 2589 1885 2622 dant
1899 2590 2027 2633 finibus.
