2310 2860
81 770 167 812 841

203 214 291 256 658
756 209 955 250 Martiani
986 206 1186 264 Capellae
1216 207 1289 248 lib.
1309 205 1428 249 VIII.
1459 208 1490 258 ᾗ.
1512 206 1617 248 840.

204 321 333 362 nistro
373 317 477 373 pede
517 315 851 372 septentrionalis
882 315 1090 356 Draconis
1130 315 1331 356 verticem
1373 313 1564 365 calcans,
1611 314 1745 370 capite
1784 314 2040 357 solstitialem
2084 317 2165 358 cir-

206 401 352 442 culum
388 397 626 448 adscendit,
677 412 814 437 unum
848 396 1074 437 brachium
1120 390 1282 450 Lyrae,
1342 395 1525 436 alterum
1574 395 1678 437 dans
1724 395 1939 449 Coronae3
2005 407 2043 438 et
2087 398 2165 439 alia

205 478 453 534 hujusmodi
488 494 573 519 non
605 478 745 519 minus
776 478 970 519 insuavia
1007 490 1138 532 quam
1173 490 1355 517 morosa.

207 660 423 710 QUIBUS
450 658 636 700 SIGNIS
662 657 1073 699 SURGENTIBUS
1105 656 1268 707 QUAE
1300 656 1613 698 ORIANTUR
1647 657 1809 707 QUAE
1846 657 2163 700 OCCIDANT.

370 766 484 807 Illud
515 767 656 822 potius
688 764 1014 816 attendendum,
1047 764 1204 819 quibus
1237 765 1506 820 surgentibus
1538 765 1663 820 signis
1689 780 1801 821 quae
1832 775 1974 807 ortum
2009 765 2165 808 faciant

199 849 491 904 occidantque.
552 849 665 889 Nam
697 849 856 889 oriente
889 847 1054 889 Cancro
1086 846 1286 887 occidunt
1318 846 1486 887 Corona
1510 847 1737 898 Ariadnes,
1769 857 1808 889 et
1838 849 2012 889 austrini
2037 849 2163 890 Piscis

201 947 299 989 pars
329 930 525 982 dimidia,
557 930 814 986 Ophiuchus
846 944 869 971 a
897 929 1078 986 pedibus
1112 943 1248 983 usque
1281 928 1506 979 humeros,
1545 944 1806 985 serpensque
1838 944 1967 985 quem
2009 929 2165 970 detinet

200 1024 368 1072 praeter
402 1013 546 1055 fauces
584 1022 800 1069 caputque
839 1021 1000 1063 totum,
1044 1011 1183 1053 Bootis
1225 1011 1349 1052 etiam
1393 1009 1616 1062 medieta53
1661 1010 1859 1051 oriuntur
1893 1024 1995 1050 vero
2028 1009 2163 1051 Orion

201 1106 312 1139 totus
352 1095 616 1151 Eridanique
656 1095 938 1152 principium,

273 1214 533 1258 septentrionalis
555 1211 730 1257 Draconis]
756 1212 794 1244 Id
826 1217 875 1243 est
898 1212 1074 1252 Draconis,
1101 1211 1156 1255 qni

199 1277 282 1310 intra
303 1275 584 1320 septentrionalem
607 1274 761 1307 circulum
785 1279 843 1306 cst.
870 1274 992 1306 Pedem
1018 1274 1156 1306 eundem

200 1353 295 1386 quem
314 1347 424 1372 noster
440 1340 582 1372 nominat
599 1339 692 1370 etiam
712 1338 861 1382 Hyginus
882 1339 928 1382 (5,
949 1339 988 1378 ὃς
1011 1337 1155 1382 p.422):

207 1405 288 1437 »Hic
315 1405 440 1448 positus
463 1404 547 1435 inter
571 1403 653 1434 duos
681 1402 834 1442 circulos,
866 1401 1017 1434 arcticum
1046 1406 1077 1432 et
1104 1413 1154 1431 ac-

199 1467 331 1506 stivum‚
371 1465 515 1509 utrisque
538 1464 672 1508 pedibus
697 1469 730 1495 et
753 1463 865 1494 dextro
893 1476 975 1505 genu
1003 1463 1154 1494 arcticum

197 1530 351 1564 circulum
379 1529 464 1569 finit,
499 1528 542 1560 ita
567 1533 672 1559 tamen
700 1533 735 1559 nt
764 1528 896 1558 dextero
925 1527 1006 1571 pede
1042 1527 1153 1571 priori-

197 1595 258 1626 bus
286 1594 393 1635 digitis
418 1593 571 1625 circulum
592 1591 758 1631 terminet,
789 1593 922 1623 sinistro
952 1597 1056 1623 autem
1085 1596 1153 1622 toto

197 1662 293 1700 eaput
316 1657 479 1688 Draconis
510 1654 688 1698 opprimere
717 1658 887 1694 conetur«3
913 1653 1032 1686 rectius
1058 1665 1153 1696 quam

196 1719 317 1753 Aratus
341 1720 430 1764 (70)=

245 1778 454 1826 Λεξιτεροῦ
476 1776 600 1819 πόὃὸς
622 1775 742 1824 ἄκρον
763 1778 782 1812 ἕ
781 1789 848 1822 χει
866 1777 1038 1812 σκολιοῖο
1053 1773 1150 1823 Δρά-

600 1851 757 1882 κοντος,
1065 1842 1071 1848 “

198 1916 292 1949 quem
312 1904 385 1934 ideo
405 1902 610 1945 reprehendit
631 1902 835 1945 Hipparchus
856 1901 909 1945 (ad
932 1903 1102 1945 phaenom.
1120 1901 1152 1941 l,

199 1970 239 2008 73
266 1980 295 2011 p.
318 1967 384 1998 181
412 1965 546 2007 Petam).

273 2030 388 2076 quibus
416 2027 622 2070 sumentibus
653 2024 775 2071 siquis]
811 2026 918 2069 Caput
943 2028 1004 2058 hoc
1035 2025 1153 2069 optime

197 2092 346 2125 conss‘enit
390 2102 461 2121 eum
498 2101 536 2121 eo
575 2090 662 2133 quod
699 2090 783 2132 apud
808 2090 972 2132 Hyginum
997 2095 1047 2120 est
1070 2090 1152 2120 libro

197 2160 320 2199 quarto.
331 2152 435 2184 GnoT.
446 2171 491 2176 —
507 2152 625 2190 Recte,
642 2150 699 2181 sed
717 2150 828 2181 melior
845 2156 955 2183 auctor
971 2151 1092 2183 Aratus
1105 2156 1154 2183 est

197 2217 284 2261 (568
310 2214 413 2258 sequ.)
431 2225 502 2245 enm
522 2212 707 2255 Hipparcho
727 2211 780 2255 (ad
798 2214 1016 2255 phaenomena
1034 2213 1088 2244 lib.
1105 2212 1152 2255 2),

199 2292 303 2324 neque
322 2278 500 2323 spernenda
519 2276 714 2320 comparatio
732 2288 802 2308 eum
817 2277 1152 2321 Pseudo-Hipparcho

199 2343 252 2386 (ad
276 2342 387 2374 eadem
420 2353 450 2384 p.
469 2339 681 2371 258—260
704 2338 847 2381 petav),
876 2340 930 2383 qni
959 2339 1053 2370 etiam
1077 2350 1154 2371 eun·

200 2408 273 2438 dem
296 2418 367 2438 eum
389 2410 501 2436 nostro
527 2403 671 2435 ordinem
696 2402 858 2446 sequitur,
886 2415 983 2447 quum
1003 2403 1153 2447 Hyginus

202 2470 240 2501 ab
265 2468 376 2500 Ariete
403 2466 553 2498 ordiatur.

276 2532 396 2562 oriente
410 2526 548 2573 Cancro]
577 2527 682 2560 Grave
700 2527 849 2558 mendum
868 2528 1020 2559 intactum
1037 2528 1154 2560 adhuc-

1002 2589 1154 2622 »Oriente

202 2592 276 2623 dnm
308 2590 482 2631 remansit,
507 2589 575 2631 jam
600 2594 704 2621 tamen
735 2589 948 2622 eximendum.

203 2655 346 2689 Cancro«
384 2654 488 2698 inquit
520 2653 704 2687 »occidunt«
742 2659 801 2686 cet.
850 2654 1012 2698 Excerpta
1045 2659 1156 2686 nostra

998 1104 1038 1136 et
1079 1094 1121 1135 in
1166 1094 1310 1149 lingua
1349 1091 1579 1133 Caniculae
1623 1091 1765 1132 lucida
1810 1091 1940 1132 stella.

2010 1090 2160 1141 Quum

1208 1210 1340 1248 occidit,
1372 1208 1459 1252 qnod
1485 1208 1518 1239 in
1544 1219 1613 1239 eam
1636 1212 1666 1238 te
1692 1207 1782 1238 facile
1806 1207 1988 1250 opinionem
2015 1207 2164 1248 adducet,

1208 1272 1335 1305 omnino
1351 1272 1519 1316 scripsisse
1535 1277 1679 1304 nostruin
1694 1271 1823 1302 »occidit
1837 1271 1986 1303 Coronae
2002 1270 2163 1302 Ariadnes

1208 1354 1255 1358 --
1271 1346 1343 1378 pars
1366 1334 1523 1365 dimidiam
1557 1333 1692 1364 Oriente
1713 1333 1797 1363 enim
1822 1332 1948 1364 Cancro
1975 1337 2042 1363 tota
2066 1332 2094 1363 si
2111 1344 2164 1364 oc-

1207 1398 1290 1429 cidat
1315 1397 1476 1428 Ariadnes
1508 1396 1654 1436 Corona,
1697 1397 1858 1440 quomodo
1897 1396 2020 1428 oriente
2050 1396 2163 1428 Leone

1213 1459 1380 1491 »Coronae
1398 1459 1571 1503 reliquiae«
1594 1458 1661 1490 sive
1689 1458 1734 1489 uti
1756 1458 1874 1490 rectius
1897 1458 1969 1491 MS.
1995 1458 2163 1492 »Coronae

1205 1522 1346 1565 reliqua«
1376 1521 1611 1563 conteguntur?
1650 1521 1743 1553 llaec
1774 1532 1850 1552 sane
1880 1532 1946 1553 non
1980 1522 2162 1563 cohaerent,

1206 1586 1232 1617 si
1256 1585 1385 1627 vulgata
1421 1585 1517 1617 lectio
1548 1589 1634 1616 recte
1665 1596 1700 1616 se
1733 1585 1857 1616 habeat.
1898 1585 1943 1616 Et
1966 1584 2006 1616 de
2030 1585 2163 1618 veritate

1204 1649 1435 1681 emendationis
1469 1661 1509 1680 ne
1541 1649 1684 1689 dubites,
1722 1661 1762 1680 en
1795 1649 1853 1680 tibi
1884 1649 2065 1692 Hyginum,
2108 1649 2163 1693 qui

1204 1710 1297 1743 claris
1332 1710 1436 1741 verbis
1457 1710 1559 1753 (poet.
1587 1716 1660 1741 astr.
1686 1710 1739 1741 lib.
1762 1711 1802 1749 4,
1832 1722 1899 1753 cap.
1930 1709 2010 1752 12)=
2034 1709 2162 1742 Cancer

1204 1772 1368 1804 exoriensu
1381 1772 1485 1815 iuquit
1501 1772 1661 1803 »obscurat
1676 1771 1836 1802 dimidiam
1851 1776 1971 1814 partem
1985 1771 2159 1803 Coronae.-

1202 1836 1298 1868 Adde
1320 1835 1488 1867 Ciceronis
1508 1837 1586 1867 haec
1611 1847 1652 1866 ex
1668 1833 1799 1866 Arateis
1824 1847 1852 1866 v.
1869 1835 1941 1867 598
1967 1835 2018 1868 ed.
2039 1834 2161 1867 Groui:

1261 1900 1355 1931 »Jnm
1377 1900 1474 1930 simul
1497 1905 1533 1930 ut
1560 1911 1675 1943 supero
1697 1911 1731 1930 se
1755 1905 1819 1930 toto
1844 1900 1963 1930 lumine
1984 1899 2111 1932 Cancer

1253 1964 1403 2002 Extulit,
1429 1964 1588 2006 extemplo
1611 1963 1694 1995 cedit
1717 1963 1846 2006 delapsa
1872 1962 2001 1995 Corona
2009 1985 2023 2003 ,

1254 2029 1299 2060 Ec
1325 2028 1393 2059 loca
1418 2029 1554 2059 convisit
1575 2027 1679 2059 canda
1701 2033 1795 2058 lenus
1817 2027 1923 2070 infera
1948 2028 2073 2067 Piscis,

1252 2090 1430 2121 Dimidium
1458 2091 1602 2120 retinens
1625 2090 1725 2121 sleHis
1748 2089 1900 2120 distincta
1928 2089 2056 2121 Corona

1255 2152 1388 2183 Partem
1413 2153 1510 2183 etiam
1534 2163 1651 2195 supera
1660 2179 1671 2194 ,
1709 2157 1807 2197 utque
1837 2151 1901 2181 alia
1932 2151 1971 2182 cle
1989 2155 2082 2193 parte
2110 2162 2158 2182 re·

1604 2214 1699 2256 pulsa
1716 2218 1792 2244 esta«

1205 2275 1307 2306 Boxn.
1321 2273 1399 2317 (var.
1415 2274 1489 2307 leet.
1507 2287 1537 2318 p.
1552 2275 1609 2306 61.
1632 2274 1754 2316 62)-
1766 2271 1858 2303 Arati
1872 2272 2026 2304 rationem
2044 2272 2160 2317 prohat

1206 2339 1299 2370 etiam
1317 2338 1523 2381 Hipparchus
1542 2338 1595 2382 (2,
1619 2338 1658 2376 53
1678 2348 1708 2379 p.
1725 2335 1828 2379 214)3
1856 2342 1961 2367 tamen
1985 2348 2050 2368 non
2072 2342 2159 2368 tanta

1206 2400 1289 2444 apud
1305 2412 1353 2430 me
1368 2405 1416 2430 est
1427 2398 1585 2430 Bondami
1601 2403 1823 2441 excerptorum
1835 2399 2017 2439 auctoritas,
2034 2404 2069 2430 ut
2084 2398 2160 2431 inde

1205 2463 1396 2497 Martian'um
1432 2462 1606 2504 corrigam,
1648 2474 1746 2506 quum
1781 2462 1904 2494 videam
1941 2462 2009 2506 pari
2037 2462 2159 2494 incuria

1206 2528 1299 2560 etiam
1319 2526 1695 2570 Pseudo-Hipparehum
1715 2526 1803 2569 loqui
1826 2526 1866 2570 (p.
1879 2527 1979 2569 259)=
1994 2522 2100 2561 δύνει
2117 2523 2159 2561 δὲ

1206 2590 1418 2638 στέφανος·
1456 2586 1603 2635 ἰχθύος
1636 2587 1681 2625 τὸ
1710 2586 1826 2636 ἥμισυ
1855 2590 1928 2630 ἕως
1954 2587 2018 2626 ἐπὶ
2036 2585 2153 2637 ῥάχιν

1206 2666 1238 2690 κ.
1268 2663 1299 2688 τ.
1327 2653 1361 2687 λ.
