2310 2860
721 151 920 195 Martiani
957 151 1158 209 Capellae
1194 151 1321 194 lib.1.
1365 154 1395 204 §.
1418 153 1487 195 51.
2018 154 2044 193 7

2045 155 2075 195 01

521 261 647 303 Nolct
676 259 886 302 deorum?
937 274 1077 316 quum
1108 260 1252 302 futura
1284 260 1483 316 pronuba

515 341 679 384 Eadem
714 343 902 398 profecto
934 357 1134 398 quaeque
1165 341 1482 397 suffragabitur.

518 423 677 479 Jugalis
709 440 807 480 ergo
838 424 995 465 blanda
1025 435 1156 466 nutus
1189 433 1410 480 praestrue

519 505 771 561 Nostri-sque
800 505 935 547 suada
967 520 1054 562 quo
1088 505 1317 547 allubescat
1347 503 1521 545 nisibus.

518 578 587 625 Tc
616 600 732 627 nunc
763 596 984 643 parentem
1016 586 1344 642 principemque
1374 585 1620 625 maximum

513 666 760 721 Fatumquc
790 676 1006 715 nostrum,
1046 666 1206 722 quippe
1237 667 1473 706 Parcarum
1505 665 1662 705 chorus

120 770 180 813 18)
196 770 436 803 observaverat:
454 771 554 804 »unde
575 772 670 804 etiam
684 772 774 805 June
787 773 905 815 jugalis
924 773 1065 805 «licitum

116 831 230 864 Latine
253 833 336 864 enim
355 833 500 877 pronuba
518 840 550 866 ct
561 834 652 876 juga,
676 834 801 867 Graece
819 833 937 881 ζυγιή
953 836 1074 880 (Νοιιη.

119 896 175 927 15.
196 907 225 938 p.
242 896 314 926 805
329 896 432 938 Fam.)
445 896 511 928 sive
529 894 666 942 ζυ)·ἰα,’·
680 893 758 931 ἀπὸ
773 895 844 931 τοῦ
862 895 886 937 ζ
888 896 1074 943 ευγνῦναι

117 953 161 990 τὸ
181 955 289 1001 θῆλυ
306 955 362 1004 τῷ
387 954 518 1004 ἄῤῥενι
543 958 651 1001 (Dion.
672 958 747 991 Hal.
765 956 903 1005 τέχνῃ,
923 959 1008 1003 Opp.
1030 959 1072 991 ΙΙ.

116 1029 146 1061 p.
164 1019 212 1050 55
237 1017 343 1063 Sylh.)
369 1020 607 1063 appellabatur,
637 1032 731 1063 quam
755 1033 867 1052 vocem
887 1020 1072 1065 Appulcjns

115 1080 202 1125 (met.
219 1082 252 1114 6.
273 1094 303 1127 p.
320 1083 395 1115 589
423 1082 522 1126 oud.)
540 1083 664 1116 Latinis
681 1084 776 1117 ctiam
796 1084 899 1117 literis
924 1085 1073 1130 scriptam

116 1143 254 1176 exhibet.

187 1206 301 1254 matus]
317 1208 490 1251 Voluntas,
506 1211 680 1251 arbitrium,
695 1211 771 1243 satis
788 1218 910 1253 notum,
927 1218 959 1244 et
975 1212 1072 1257 paulo

117 1275 192 1315 post
208 1272 382 1317 »cujusque
404 1280 501 1306 nutu«
524 1275 672 1307 nimirum
694 1276 788 1307 Jovis
809 1277 850 1320 (v.
869 1276 966 1309 Hom.
982 1277 1020 1310 ll.
1041 1278 1074 1318 l,

118 1334 223 1378 5203
248 1336 306 1367 scd
318 1336 442 1368 «Iunoni
457 1338 632 1370 Martianus
656 1340 730 1371 duni
753 1340 863 1371 tribuit
877 1346 985 1381 nutus,
998 1340 1073 1374 Vir-

118 1396 184 1437 gilii
207 1397 303 1440 (Aen.
327 1399 360 1438 7,
379 1398 466 1442 592)
488 1400 582 1430 verba
611 1406 714 1431 νηιιίιι
737 1400 881 1432 Junonis
900 1408 978 1433 eunt
996 1413 1067 1432 rest«

117 1460 299 1504 respexisse
321 1461 398 1491 mihi
423 1462 557 1493 videtur.
633 1452 636 1456 ²

191 1519 307 1566 suada]
333 1521 504 1553 Emacula:
527 1524 637 1554 suade.
663 1523 708 1554 Ut
728 1524 848 1554 nostris
869 1523 953 1554 votis
970 1524 1076 1554 faveat

116 1584 273 1627 persuade
308 1584 405 1626 Jovi,
439 1591 474 1616 ut
503 1591 537 1617 tu
560 1585 680 1627 jungas
713 1586 807 1617 simul
833 1591 919 1616 tuam
948 1596 1076 1629 quoque

116 1647 323 1679 voluntatem.
363 1644 509 1680 Suadere
537 1643 625 1681 ἀντὶ
647 1647 840 1691 persuadere
859 1646 1077 1691 superioribus

117 1710 207 1742 libris
237 1716 392 1743 notatum.
418 1711 544 1743 Burni.
573 1710 655 1754 (adv.
679 1724 710 1756 p.
736 1710 848 1755 1242)
867 1731 914 1736 —-
947 1709 1077 1743 Vellem

117 1773 226 1805 suade.
248 1772 354 1805 Gnor.
370 1791 418 1797 -—
451 1771 481 1804 Ε
501 1773 724 1817 manuscriptis
748 1773 893 1817 plurimis
919 1784 1076 1817 reponen-

119 1835 194 1868 dum
221 1837 341 1868 »sumta
362 1849 426 1880 quo
450 1836 626 1869 allubescat
657 1837 790 1868 nisibus.
799 1852 810 1865 ιι
846 1836 992 1869 Ocnum.
1022 1836 1077 1880 (ad

118 1899 270 1944 Appulej.
291 1900 317 1932 1.
348 1914 381 1945 p.
401 1900 488 1945 114)
510 1919 558 1925 -—
592 1900 680 1943 Lege
703 1901 826 1940 suade,
860 1900 913 1932 vel
939 1901 1079 1933 suadeas

120 1962 346 2005 dissyllabum:
362 1967 394 1993 et
411 1962 455 1994 ita
474 1962 644 2006 aliquoties
666 1962 736 1993 aliis
762 1962 813 2005 (2).
839 1961 895 1994 Sic
910 1962 994 2006 apud
1012 1962 1076 1994 Co·

119 2025 246 2070 rippum
271 2025 460 2057 emendabat
476 2026 629 2057 Bal-thius
654 2026 674 2057 l.
697 2026 742 2057 21
772 2026 841 2057 adv.
866 2038 893 2058 c.
913 2026 957 2057 2:
986 2025 1077 2058 »Hoc

119 2087 195 2119 mihi
211 2088 251 2120 da
268 2087 306 2118 dc
321 2087 408 2119 sonte
423 2087 539 2127 bibam,
559 2093 595 2118 tu
610 2087 727 2131 pabula
743 2088 925 2131 pracbeas.«
942 2087 1076 2129 Legitur

120 2149 235 2191 vulgoz
261 2154 315 2180 »tu
342 2148 461 2194 pabula
490 2149 666 2193 praebens«
702 2149 788 2193 quod
813 2155 846 2181 ct
869 2149 1007 2181 retinere
1031 2149 1078 2181 nil

121 2213 276 2257 prohibet.
294 2213 422 2246 Yoxcn.
437 2213 499 2258 (sp.
518 2225 560 2245 cr.
577 2226 609 2257 p.
628 2214 710 2245 145.
730 2213 815 2257 146)
830 2231 878 2237 —
894 2213 963 2246 Nec
985 2214 1076 2257 quid-

122 2287 215 2318 quam
239 2275 386 2319 prohibct
413 2274 552 2307 retinere
578 2275 682 2307 suada
687 2298 701 2315 ,
726 2275 813 2319 quod
840 2281 873 2307 ct
893 2275 1076 2308 Vossianus

122 2337 224 2367 codex
244 2337 314 2380 (ap.
339 2336 495 2367 Arntzen.
522 2336 557 2367 in
586 2336 677 2370 miSc.
711 2348 742 2380 p.
768 2337 841 2369 205
864 2335 906 2381 f.)
938 2337 1076 2370 exhibet.

122 2399 224 2431 Immo
245 2397 390 2429 omnibus
411 2397 450 2428 iis
472 2403 522 2428 cst
542 2398 805 2442 praeferendum,
836 2411 918 2442 quae
938 2399 1080 2431 titubans

123 2461 251 2495 criticus
284 2473 343 2494 nee
374 2461 567 2495 Martianum
598 2462 783 2504 intelligens
815 2463 931 2495 docere
968 2463 1080 2496 voluit.

125 2526 278 2570 Quinque
311 2525 439 2568 quidem
476 2525 658 2569 nuptiarum
689 2527 820 2558 suerunt
851 2527 912 2559 dii:
932 2526 1080 2573 Jupiter,

123 2588 224 2629 June,
246 2587 372 2629 Venus>
391 2582 541 2630 Πειθώ,
564 2592 598 2619 ct
612 2587 716 2620 Diana
730 2588 908 2633 (Plutarch.
923 2601 976 2634 qu.
990 2589 1084 2622 Rom.

1124 773 1164 804 ab
1187 772 1254 804 init.
1278 785 1308 817 p.
1321 772 1421 815 2611);
1444 772 1529 804 unde
1555 770 1671 804 dixerit
1694 771 1831 804 sortasse
1855 770 1990 816 aliquis,
2016 771 2075 804 Ju-

1124 835 1208 880 piter
1231 840 1263 866 ct
1287 835 1376 866 Juno
1402 846 1500 879 quum
1515 834 1584 876 jam
1609 834 1764 865 nominati
1787 834 1868 874 sint,
1894 833 2034 866 Suadam
2059 846 2077 865 a

1124 905 1235 931 nostro
1260 911 1345 933 nunc
1366 899 1448 931 addi.
1474 899 1546 940 Ego
1568 910 1643 930 vero
1669 910 1740 930 cam
1760 899 1821 931 hoc
1842 898 1914 930 loeo
1934 910 1998 929 non
2018 909 2077 942 pro

1125 963 1184 995 dea
1213 963 1429 1007 accipiendam
1457 975 1529 994 esse
1556 962 1722 1001 existimo,
1755 962 1812 994 scd
1840 962 1932 993 innui
1963 961 2078 993 iterum

1125 1026 1196 1074 (per
1217 1026 1463 1072 appositionem)
1475 1027 1616 1059 ,Iunonis
1636 1026 1850 1070 persuadendi
1870 1026 1942 1066 vim,
1961 1037 1979 1057 a
1993 1025 2077 1058 Mar-

1124 1090 1210 1121 tiano
1237 1089 1267 1120 ei
1293 1102 1388 1134 supra
1409 1088 1452 1133 (ξ.
1468 1089 1504 1133 5)
1524 1090 1591 1130 jam
1619 1089 1778 1120 tributam.
1811 1083 2004 1128 »Hanni«,
2031 1087 2079 1119 in-

1124 1152 1193 1197 quit
1212 1152 1329 1184 Cicero
1350 1152 1398 1196 (in
1413 1150 1506 1183 Brut.
1532 1150 1611 1194 15),
1645 1162 1759 1194 »quam
1780 1155 1874 1181 vocat
1899 1147 2017 1181 Graeci
2030 1167 2080 1174 —

1124 1215 1205 1246 hanc
1226 1213 1368 1246 Suadam
1389 1213 1561 1258 appellavit
1582 1212 1726 1244 Ennius:
1745 1210 1816 1254 ejus
1841 1216 1946 1242 autem
1963 1209 2080 1242 Cethe·

1125 1287 1199 1319 gum
1225 1276 1397 1308 medullam
1415 1275 1513 1306 fuisse
1536 1274 1621 1314 vult,
1649 1279 1703 1313 ut,
1731 1285 1826 1317 quam
1849 1272 1941 1304 dcam
1963 1271 1997 1303 in
2017 1270 2082 1303 Pe·

1124 1339 1211 1371 riclis
1233 1339 1332 1370 labris
1356 1337 1483 1382 scripsit
1505 1336 1643 1380 Eupolis
1667 1334 1886 1375 sessitavisse,
1912 1334 2008 1376 hujus
2029 1332 2083 1366 hic

1125 1403 1297 1433 medullam
1320 1407 1466 1433 nostrum
1492 1406 1651 1431 oratorem
1673 1399 1774 1431 fuisse
1794 1398 1937 1430 dixerit«
1969 1396 2084 1430 Suada

1125 1462 1241 1503 igitur,
1284 1462 1430 1502 neglecta
1459 1465 1713 1504 prosopopoeia,
1750 1458 1861 1490 endem
1889 1465 1960 1498 est,
1998 1469 2083 1502 (luae

1125 1526 1257 1556 suadela
1265 1539 1277 1563 ‚-
1310 1529 1343 1556 ct
1366 1523 1518 1556 orationis
1542 1533 1644 1554 nexus
1668 1520 1828 1566 postulat,
1853 1526 1889 1552 ut
1906 1521 1988 1552 hanc
2009 1531 2082 1564 per-

1129 1585 1284 1616 suadendi
1303 1585 1453 1615 virtutem
1464 1583 1604 1614 Junonis
1626 1594 1698 1614 csse
1717 1583 1978 1625 interpretemur,
1999 1580 2083 1612 sicut

1127 1646 1270 1678 inferiori
1291 1645 1363 1677 loco
1384 1644 1426 1689 (§.
1442 1644 1530 1687 888)
1552 1643 1702 1675 veneris.
1727 1642 1826 1686 Quod
1846 1642 2004 1685 reliquum
2021 1648 2083 1682 est,

1127 1722 1294 1755 perperam
1311 1709 1350 1740 ab
1365 1706 1598 1750 Oudendorpio
1613 1711 1689 1750 post
1698 1706 1801 1737 suada
1816 1704 2083 1749 interpunctionis

1128 1772 1254 1815 signnm
1280 1769 1421 1816 positum
1454 1781 1548 1810 csse,
1577 1767 1760 1812 quicunque
1794 1778 1923 1799 sensum
1952 1766 2082 1810 ceperit,

1127 1835 1258 1867 videbit.
1305 1833 1494 1866 Allubescat
1514 1830 1652 1875 denique
1676 1840 1735 1873 pro
1758 1827 1915 1861 Gratiano
1942 1828 2084 1860 labescat

1125 1905 1255 1944 practer
1267 1897 1445 1930 Leidenses
1470 1895 1598 1928 codices
1623 1893 1718 1926 etiam
1741 1891 1936 1925 Drcsdensis
1957 1897 1990 1923 et
2005 1891 2083 1924 Rei-

1128 1959 1337 1994 chenauonsis
1359 1959 1522 2003 praebent.

1203 2031 1234 2057 te
1260 2022 1360 2068 nunc]
1387 2022 1534 2056 Verbum
1564 2020 1604 2053 ad
1626 2021 1709 2052 bane
1731 2013 1993 2065 ἀποότροφὴν
2012 2027 2084 2060 per·

1127 2087 1232 2120 tineus
1265 2087 1293 2120 si
1318 2086 1533 2132 quaesiveris9
1565 2084 1666 2117 multa
1693 2094 1766 2115 esse
1798 2082 1919 2114 inserta
1947 2080 2084 2121 videbis,

1128 2156 1159 2182 et
1178 2150 1258 2181 infra
1280 2148 1408 2181 demum
1432 2148 1565 2191 deposco
1585 2147 1647 2178 huc
1672 2144 1843 2189 pertinere.
1875 2141 2083 2175 Antecedcn·

1126 2218 1191 2243 tem
1216 2217 1320 2243 autem
1345 2209 1514 2255 periodum
1543 2207 1589 2240 sie
1614 2212 1784 2239 construe:
1813 2203 1960 2246 »Jugalis
1979 2203 2083 2249 (Juno

1128 2274 1260 2320 ζυγιή)
1282 2284 1359 2316 ergo
1388 2272 1505 2304 blanda
1522 2270 1722 2315 (blandiens,
1749 2266 1967 2313 permulcens)
1983 2272 2082 2299 nutus

1129 2335 1334 2381 (sententiam
1357 2334 1398 2367 de
1415 2335 1476 2366 hac
1496 2332 1545 2377 re)
1565 2337 1732 2377 praestrue
1755 2328 1947 2375 (praesare):
1964 2333 1997 2360 et
2016 2337 2081 2370 quo

1132 2402 1177 2445 (et
1201 2400 1249 2444 ut)
1276 2399 1374 2432 suada
1401 2397 1515 2444 (suada
1540 2407 1623 2441 quae
1650 2407 1705 2437 es,
1737 2394 1804 2427 sive
1826 2390 1991 2439 persuasio
2011 2388 2081 2432 tua)

1131 2463 1256 2495 nisibus
1285 2460 1404 2494 nostris
1442 2459 1619 2492 allubescat
1644 2456 1846 2503 (conducat),
1879 2460 1912 2486 te
1930 2462 2016 2485 nunc
2032 2468 2081 2479 σ-

1129 2526 1247 2560 «Iovem
1265 2543 1313 2549 -
1328 2525 1487 2569 deposco«
1516 2528 1575 2555 cet.

1208 2586 1390 2636 facumque]
1417 2586 1542 2621 Seneca
1558 2586 1633 2632 (nat.
1648 2595 1701 2628 qu.
1717 2582 1752 2624 2,
1775 2579 1854 2625 56)=
1872 2577 1979 2625 »Quid
1996 2577 2080 2612 enim

1658 2645 1703 2679 10
