2310 2860
715 158 915 205 Martiani
953 158 1152 216 Capellae
1189 160 1263 203 lib.
1286 159 1318 203 Ι.
1355 163 1483 215 §.24

577 268 785 311 Nostrum
816 283 870 310 ex
900 267 1105 324 contiguis
1131 268 1279 311 venire
1309 277 1481 326 pectus,

573 351 628 392 Et
654 349 869 406 quidquid.
899 349 1063 390 socium
1096 350 1207 392 ciere
1235 364 1400 394 numen

573 431 750 473 Junctus
782 432 1069 487 compererim
1098 433 1282 488 probare
1313 448 1485 498 reru'm:

575 512 658 554 Sed
689 527 918 568 nunquam
949 528 1073 570 mage
1104 514 1214 556 velle
1244 514 1540 572 disparamus,

119 655 275 689 »Meti-um
299 657 504 690 Plialeutium
530 658 564 703 (l.
578 657 797 701 Phalaecium)
820 658 1073 698 Pentametrum,

111 720 199 763 quod
222 726 348 753 constat
368 733 407 754 ex
429 721 584 767 Spondeo
608 727 640 754 ct
661 722 799 767 Dactylo
821 727 853 755 et
869 722 971 755 tribus
992 722 1073 755 Tro-

110 781 245 814 chacis.«

183 850 215 877 et
241 843 412 892 quidquid]
446 846 571 879 Moram
595 846 670 879 facit
699 843 743 881 τὸ
773 846 951 891 quidquid,
985 847 1072 890 quod

108 905 370 951 interpretaberis
387 919 492 947 omne,
512 909 648 956 quidvis.
676 908 801 940 Deinde
818 908 922 940 minus
944 909 1072 941 obvium

109 974 174 1009 cst,
206 969 451 1012 properantibus
476 975 580 1010 certe,
605 970 682 1015 quid
710 966 755 1004 τὸ
782 972 864 1003 ciere
894 971 955 1002 sibi
983 971 1071 1012 velit,

107 1037 140 1062 ct
169 1031 331 1064 distinctio
363 1032 459 1073 vulgo
487 1039 626 1076 recepta.
667 1034 717 1065 Tu
742 1033 826 1066 ciere
855 1036 949 1066 cieris
979 1046 1069 1079 cape,

106 1098 138 1123 et
157 1103 299 1136 expone:
317 1093 378 1124 »Et
397 1093 553 1137 quidquid
571 1105 676 1125 rerum
690 1099 724 1125 tu
740 1094 843 1135 cieris,
864 1107 924 1136 ego
947 1107 1066 1128 numen

106 1156 314 1199 compererim
326 1156 462 1200 probare
474 1156 637 1198 junctus-u
674 1157 738 1189 Vel
754 1158 833 1189 adeo
844 1158 978 1199 junctus
989 1160 1069 1203 jun-

106 1225 217 1251 cturas
238 1231 478 1267 consensusque
497 1226 606 1261 sonat3
630 1220 675 1252 ita
694 1221 852 1252 sententia
871 1222 928 1253 sit:
943 1222 1068 1264 „Quid-

104 1282 183 1326 quid
203 1282 327 1326 socium
350 1295 469 1316 numen
492 1283 602 1325 cieris,
626 1283 761 1326 junctus
778 1296 885 1316 rerum
905 1296 1067 1329 comperc-

106 1345 165 1377 rim
185 1346 331 1389 probare.
340 1361 351 1374 «
383 1347 457 1379 Hoc
478 1353 528 1378 est
546 1347 744 1379 harmoniam
764 1353 796 1380 et
816 1348 1067 1388 consonantiam,

104 1407 132 1439 si
155 1407 200 1439 ita
222 1407 327 1440 dicere
350 1407 434 1440 licet.
473 1407 645 1451 Utcunque
665 1410 743 1440 haee
766 1409 840 1449 sint,
865 1410 941 1440 mihi
962 1415 1068 1442 tamen

102 1471 276 1513 legendum
297 1470 392 1502 etiam
418 1476 528 1503 contra
554 1471 653 1503 libros
673 1483 744 1504 cmn
774 1473 832 1502 hae
864 1472 1068 1504 distinctione

103 1532 190 1565 istud
213 1543 336 1565 comma
363 1531 408 1564 sie
423 1531 575 1563 ridetur:

156 1597 219 1628 „Et
247 1595 408 1643 quidquid
432 1597 554 1627 socium
577 1597 660 1627 ciere
682 1607 820 1627 numen.-

149 1660 244 1693 Nune
265 1659 321 1702 jus
349 1661 559 1703 compererim
582 1659 719 1702 probare
741 1669 880 1690 verum.u

100 1721 144 1754 Ut
165 1722 254 1767 prior
278 1733 391 1754 versus
417 1721 537 1765 optimo
566 1731 664 1752 sensu
684 1720 856 1769 adhaereat
874 1719 986 1765 primis
1009 1720 1066 1752 du-

101 1784 182 1815 obus
209 1783 358 1817 carminis
388 1783 491 1814 istius.
532 1782 589 1815 Sic
623 1783 783 1830 quidquid
811 1782 896 1814 valet
921 1783 1066 1830 quidvis:

101 1846 181 1878 alter
198 1858 235 1878 ea
257 1846 396 1879 lectione
421 1846 596 1890 interprete
616 1857 682 1878 non
703 1851 785 1888 eget.
810 1846 954 1878 Praeivit
977 1858 1065 1887 vcro,

100 1919 140 1940 ne
170 1908 248 1952 quid
273 1908 307 1940 in
335 1920 457 1939 armum
489 1907 585 1939 alieni
614 1907 786 1947 tollamus,
812 1907 885 1939 MS.
910 1908 1007 1947 liber,
1033 1908 1067 1940 iu

101 1980 165 2014 quo
188 1968 306 2001 diserte
329 1981 442 2001 verum
471 1968 597 2011 legitur.
616 1968 742 2000 Banru.
767 1968 902 2013 (advers.
923 1982 953 2015 p.
969 1970 1065 2014 955).

101 2051 148 2056 -—-
166 2029 400 2063 Scribendum:

157 2094 236 2126 ..Est
259 2094 419 2141 quidquid
441 2094 562 2125 socium
587 2095 670 2125 ciere
694 2105 815 2126 numen

147 2159 286 2190 «Iunctos
308 2159 517 2200 compererim
535 2157 672 2201 probare
695 2163 837 2189 veruna«

101 2220 305 2253 Graecismus
329 2224 396 2251 est:
419 2218 595 2263 »quidquid
615 2224 662 2251 est
689 2219 773 2251 ciere
798 2229 952 2260 numen«,
971 2217 1061 2262 quid-

101 2284 177 2325 quid
199 2285 365 2328 conlz'nyit.
408 2283 631 2328 Compererim
663 2288 795 2328 propter
828 2295 956 2315 versum
985 2295 1059 2315 con·

97 2346 261 2388 junctivus
289 2347 564 2390 grammaticorum
591 2348 705 2379 modus
730 2360 788 2392 pro
812 2347 984 2380 indicativo
1001 2353 1060 2379 est·

101 2408 225 2440 ΒΑΜ-ιι.
242 2409 275 2453 (l.
291 2421 317 2441 e.
339 2422 370 2454 p.
393 2408 511 2453 1242).
531 2428 578 2433 —-
597 2409 683 2442 Vide
706 2422 801 2454 quam
819 2409 959 2442 incertae
983 2422 1057 2442 con-

96 2470 239 2512 jecturae
274 2472 354 2513 sint,
399 2472 521 2505 scilicet
553 2474 592 2505 al)
621 2485 685 2505 uno
717 2474 895 2518 eodemque
927 2479 1056 2506 auctore

102 2534 245 2566 diversae
276 2534 316 2565 ad
348 2546 447 2566 unum
481 2535 680 2581 eundemque
712 2536 819 2569 locum
852 2536 1053 2580 propositae!

100 2598 170 2640 Ego
199 2608 273 2629 xero
301 2597 395 2629 verba
422 2598 460 2629 ad
491 2599 777 2643 manuscriptorum
811 2600 905 2633 fidem
930 2606 1052 2633 retenta

1125 648 1171 681 sic
1204 648 1363 694 explicare
1396 662 1510 683 conor:
1544 651 1605 684 »Et
1641 653 1796 698 quidquid
1828 667 1934 688 rerum
1972 658 2077 701 (omne

1125 713 1224 757 quod)
1241 714 1374 755 junctus
1396 715 1470 759 (ego
1485 715 1678 761 Mercurius)
1696 718 1818 750 socium
1842 732 1959 753 numen
1977 721 2076 766 (Apol

1124 776 1234 821 linem)
1249 778 1332 810 ciere
1350 779 1569 823 compererim,
1592 780 1667 824 (mc)
1687 782 1822 826 probare
1836 783 1970 826 (certum
1985 786 2055 828 cst).
2065 800 2075 813 «

1122 841 1329 875 Manifestum
1353 843 1438 876 enim
1462 842 1604 876 infinitos
1628 845 1702 877 illos
1732 846 1844 877 modos
1868 858 1978 879 omnes
2000 861 2076 892 pcn-

1124 903 1199 935 dere
1221 916 1239 936 a
1264 910 1404 938 »certum
1423 911 1490 938 est«
1513 906 1600 951 quod
1621 907 1654 938 in
1673 908 1820 939 carminis
1844 908 1934 940 initio
1952 910 2076 951 legitur.

1123 965 1216 999 Ciere
1233 972 1338 1000 autem
1353 967 1513 1011 significat
1530 971 1738 1009 annuntiare,
1754 970 1803 1001 vel
1821 970 1915 1002 ctiam
1932 973 2076 1006 suadere.

1197 1029 1255 1061 sed
1271 1028 1452 1077 nunquam]
1481 1030 1625 1073 Quintus
1646 1030 1696 1063 hie
1722 1043 1833 1063 versus
1859 1044 1984 1065 onmem
2007 1046 2077 1065 scn—

1120 1091 1252 1124 tentiam
1278 1092 1480 1133 intercludit,
1511 1100 1621 1126 contra
1645 1094 1730 1126 enini
1754 1097 1939 1140 pronuntiat
1964 1109 2000 1128 ac
2025 1097 2077 1128 dc-

1121 1154 1203 1186 beat.
1239 1154 1408 1188 Sententia
1434 1156 1518 1188 enim
1544 1163 1611 1197 est,
1657 1170 1819 1202 nunquam
1846 1159 1879 1190 iu
1911 1172 1946 1191 re
1973 1160 2077 1203 aliqua

1121 1223 1184 1248 tam
1209 1219 1414 1249 consensisse
1442 1225 1574 1262 pectora
1604 1221 1717 1251 horum
1746 1223 1895 1262 fratrum,
1926 1235 2019 1266 quam
2047 1224 2078 1253 in

1119 1280 1201 1312 istoc
1232 1281 1456 1313 matrimoniali
1482 1282 1614 1323 judicio.
1661 1283 1763 1315 Error
1790 1290 1896 1317 autem
1920 1286 2023 1317 omnis
2046 1287 2078 1317 in

1119 1344 1218 1377 verbo
1242 1345 1445 1388 disput-amus
1474 1346 1570 1387 latet,
1606 1347 1693 1391 quod
1728 1349 1768 1380 ad
1803 1360 1932 1381 sensum
1964 1356 1995 1381 et
2023 1350 2077 1382 sti-

1118 1406 1185 1437 lum
1217 1406 1367 1439 Martiani
1398 1407 1663 1450 disjungendum,
1700 1409 1798 1454 inque
1829 1411 1924 1454 plane
1954 1418 2076 1443 eontra-

1118 1467 1201 1498 rium
1220 1467 1411 1499 ducendum.
1449 1468 1556 1510 Lege:
1579 1469 1666 1502 »Sed
1689 1483 1853 1514 nunquam
1878 1484 1969 1514 mage
1993 1474 2076 1506 velle

1118 1530 1165 1561 sic
1189 1540 1369 1571 paramus.«
1405 1529 1512 1572 Quam
1533 1541 1640 1561 veram
1663 1537 1741 1573 puto
1762 1532 1916 1576 Capellae
1942 1535 2076 1577 scriptu-

1119 1601 1204 1629 ram3
1243 1590 1346 1633 deque
1371 1602 1409 1621 ea
1432 1590 1556 1634 prolixe
1586 1591 1682 1622 verba
1711 1592 1815 1625 faeere
1840 1599 1930 1625 extra
1958 1606 2074 1639 propo-

1119 1651 1216 1683 situm
1247 1652 1298 1683 sit.
1339 1652 1475 1693 Parare,
1509 1653 1596 1696 quod
1623 1654 1747 1697 pariare
1779 1655 1917 1700 alioqui,
1954 1657 1987 1689 in
2015 1670 2075 1689 usu

1118 1722 1262 1747 veterum
1274 1715 1375 1748 fuisse
1392 1722 1483 1748 notat
1500 1716 1712 1760 compositum
1735 1718 1905 1761 disparare.
1933 1719 1971 1752 Si
1990 1722 2075 1753 enim

1117 1778 1150 1810 in
1170 1790 1348 1823 quaquam,
1372 1778 1406 1810 in
1426 1790 1540 1811 vocum
1561 1777 1712 1811 censione
1734 1780 1831 1812 habet
1853 1782 2073 1814 auctoritatem

1117 1840 1294 1882 logicorum
1314 1840 1484 1881 sententia,
1498 1839 1709 1884 privationem
1724 1853 1917 1886 supponere,
1938 1849 1972 1875 ut
1986 1846 2071 1877 tech-

1117 1903 1187 1935 nice
1210 1903 1389 1947 loquamur,
1413 1902 1564 1935 habitum.
1601 1901 1636 1934 A
1657 1904 1872 1948 manuscripto
1899 1904 1997 1937 miror
2020 1907 2072 1939 hie

1116 1966 1194 1998 nihil
1210 1966 1334 1998 mutari.
1359 1966 1486 1997 Bari-m.
1508 1965 1646 2011 (advers.
1672 1978 1702 2009 p.
1720 1967 1806 2010 955)
1822 1987 1870 1993 -—
1902 1969 1993 2001 Hace
2017 1970 2070 2001 ilh-

1115 2029 1187 2061 loeo
1208 2030 1355 2061 laudato:
1373 2030 1448 2061 audi
1467 2042 1552 2062 nunc
1580 2029 1716 2062 eundem
1740 2030 1884 2063 inferiori
1911 2032 1983 2065 loco
2009 2034 2069 2065 sibi

1115 2093 1220 2137 ipsum
1247 2099 1495 2137 repugnantem:
1514 2113 1561 2118 —-
1596 2093 1685 2126 Nihil
1709 2093 1742 2125 in
1759 2094 1808 2126 his
1832 2096 1978 2128 versibus
2002 2110 2069 2129 mu-

1114 2155 1262 2196 tandum,
1295 2155 1371 2187 licet
1390 2155 1567 2187 intricatius
1594 2166 1654 2186 suo
1684 2167 1773 2187 more
1790 2159 1937 2200 qmmiat.
1979 2159 2067 2191 Nun-

1113 2231 1227 2262 quam,
1258 2218 1318 2260 ait,
1356 2218 1492 2263 amplius
1524 2218 1747 2260 dissentimus,
1789 2231 1884 2263 quam
1918 2227 1954 2252 ut
1987 2223 2067 2254 alter

1113 2283 1246 2315 alterum
1276 2283 1475 2325 interroget3
1518 2283 1624 2315 statim
1663 2294 1743 2318 vcro
1786 2289 1821 2315 ut
1857 2284 2062 2328 interrogatio

1110 2346 1192 2377 sacta
1217 2350 1285 2385 est,
1312 2345 1546 2386 consentimus,
1575 2350 1652 2378 tune
1679 2344 1763 2376 enim
1788 2345 1872 2390 perit
1894 2346 1983 2391 prior
2009 2359 2062 2378 vo-

1109 2408 1215 2440 luntas
1246 2408 1396 2449 alterius,
1430 2414 1462 2440 et
1484 2408 1643 2450 ambigere
1673 2409 1712 2440 de
1736 2409 1874 2441 adsensu
1895 2410 1985 2441 nefas
2013 2420 2060 2440 ar-

1107 2472 1269 2505 bitramur.
1301 2473 1428 2505 BAn'rn.
1458 2471 1639 2518 (adversar.
1659 2484 1729 2516 pag.
1753 2471 1869 2515 1245)
1898 2490 1944 2495 —
1978 2472 2060 2504 Mihi

1107 2535 1235 2580 quidem
1255 2536 1427 2577 Bartlnius,
1459 2536 1546 2581 quod
1571 2548 1650 2580 pace
1676 2536 1745 2577 ejus
1768 2535 1911 2567 Manium
1938 2534 2057 2568 dictum

1104 2600 1162 2642 sit,
1182 2602 1318 2646 qanm're
1338 2600 1408 2646 ipse
1430 2600 1563 2634 videtur.
1591 2600 1752 2633 Versuum
1773 2598 1856 2630 enim
1878 2599 2055 2633 obscuritas
