2310 2860
789 120 988 163 Martiani
1026 120 1224 177 Capellae
1262 121 1335 162 lib.
1357 122 1389 162 I.
1433 124 1463 174 ᾗ.
1489 124 1524 163 1.

2098 127 2129 167 ΕΛ

576 229 719 284 Atque
750 242 902 269 auram
933 228 1084 269 mentis
1115 229 1366 283 corporibus
1402 230 1554 270 socias:

457 309 649 354 Foedere
681 310 930 367 complacito
959 311 1041 352 sub
1073 324 1160 367 quo
1190 318 1342 351 natura
1374 310 1568 365 jugatur,

176 437 283 465 menta
292 432 453 474 junxisse,
470 433 674 477 quantumvis
685 433 843 467 contraria
852 444 962 465 eorum
972 433 1020 465 vis
1031 437 1125 465 esset.

176 492 225 526 lta
248 492 376 527 Seneca
405 493 521 537 (natur.
554 501 676 538 quaest.
705 497 741 537 7,
762 495 820 527 27.
855 508 885 539 p.
910 496 983 527 808
1006 493 1126 540 Lips.):

182 553 318 588 &Nonne
332 556 421 588 vides
437 568 531 600 quam
546 556 702 588 contraria
717 557 801 589 inter
820 569 854 588 se
869 557 1026 589 elementa
1040 555 1126 587 sint?

175 618 283 660 gravia
302 625 333 650 et
367 619 448 650 levia
476 625 569 659 sunt,
595 620 708 662 frigida
735 626 767 652 et
785 621 904 660 calida,
937 621 1065 652 humida
1095 624 1127 650 et

177 682 269 714 sicea.
306 682 390 714 Tota
415 683 511 727 hujus
529 683 639 714 mundi
664 685 834 715 concordia
863 696 905 715 ea·
930 683 1127 715 discordibus

384 745 423 778 ld
455 746 619 790 perspexit
643 747 738 779 etiam
763 747 951 780 Lactantius
977 747 1027 791 (2,
1057 746 1127 790 12).

174 807 203 840 E
227 809 332 853 poetis
354 810 542 853 praesertim
566 811 718 842 Manilius
739 811 788 854 (1,
816 810 902 855 141)
924 823 991 843 rem
1015 811 1126 852 tangit,

175 878 207 903 et
234 872 317 903 sieut
347 871 484 904 Ovidius
525 872 613 917 (met.
644 875 675 914 1,
707 874 768 918 18)
796 876 892 906 chaos
922 887 963 906 ex
989 874 1127 906 Hesiodi

176 935 346 978 theogonia
362 935 465 981 (116)
488 937 672 969 describens
696 938 794 969 canit:

175 751 309 777 constat.
318 760 329 773 α

232 996 471 1044 nObslabutqne
489 999 561 1029 aliis
579 999 687 1029 aliud.-
708 1000 785 1046 quia
806 1011 934 1042 corpore
956 1001 992 1030 ιή
1012 1011 1077 1030 uno

223 1059 360 1103 Fr·i91'da
382 1062 573 1104 pugnabant
595 1061 726 1100 calidis,
754 1063 919 1093 humentia
936 1064 1070 1101 sice-1⁶53«

173 1120 217 1153 ita
239 1111 440 1154 Claudiamis
464 1120 566 1167 (Mau.
579 1122 702 1154 consul.
727 1123 789 1167 75)
810 1135 920 1154 eorum
942 1123 1127 1155 reconcilia-

175 1182 314 1218 tionem:

223 1263 272 1271 —-
285 1264 335 1277 ·—·.
348 1264 398 1270 —
416 1265 462 1270 —
479 1263 528 1272 —-
541 1265 588 1271 —
608 1259 820 1294 »rursumque
840 1249 975 1291 receptis

227 1306 336 1337 Nectit
355 1308 503 1339 amicitiis
521 1309 679 1355 quidquid
703 1309 861 1341 ‹ll-§cordia
882 1310 1004 1341 soloin«

176 1366 270 1399 Unde
295 1373 326 1398 ct
342 1368 549 1410 Hymenaeus
571 1368 634 1411 (ap.
652 1369 790 1400 Statium
813 1371 882 1401 silv.
904 1372 935 1410 1,
961 1371 1002 1410 2,
1024 1370 1128 1413 185):

227 1444 502 1457 ——————
510 1431 614 1471 ipsum
634 1431 668 1460 in
692 1432 850 1461 connubia
876 1437 981 1461 terrae

226 1489 389 1528 Aethera,
419 1501 492 1520 cum
520 1490 638 1532 pluviis
659 1497 829 1522 rarescunt
851 1493 985 1529 nubila,
1008 1492 1123 1522 solvan

177 1556 209 1582 et
226 1555 336 1582 auctor
355 1550 520 1592 pervigilii
535 1550 675 1582 Veneris
697 1563 725 1584 v,
746 1553 812 1583 59:

234 1612 335 1645 »Cras
352 1614 413 1644 erit
438 1625 501 1660 quo
522 1614 646 1656 primus
664 1614 774 1645 aether
791 1615 951 1657 copulavit
968 1614 1125 1656 nuptias«

177 1674 206 1706 E
229 1675 427 1707 Graecorum
459 1675 554 1707 etiam
585 1676 787 1720 philosophis
819 1675 1035 1720 Empedocles
1070 1674 1132 1718 (ap.

178 1738 273 1780 Diog.
287 1739 395 1770 Laert.
413 1740 448 1780 8,
476 1740 508 1771 7.
535 1752 566 1784 p.
583 1741 655 1772 558
675 1739 787 1784 Meib.)
807 1745 972 1779 statuerat,
998 1744 1135 1782 quatuor

179 1800 346 1832 elementis
369 1800 521 1834 accedere
543 1798 588 1835 τὸ
610 1805 739 1841 νεῖκος
753 1806 785 1832 et
807 1798 881 1847 τῆν
905 1799 1052 1847 φιλίαν.
1089 1799 1136 1831 At

181 1864 208 1895 is
234 1875 252 1895 e
277 1863 409 1896 ffissidio
436 1865 544 1909 potius
571 1865 802 1896 clementorum
825 1865 1032 1896 contenderat
1061 1863 1137 1895 oriri

181 1927 349 1968 mundum,
375 1939 434 1972 per
459 1927 626 1959 amicitiam
647 1933 752 1960 autem
779 1928 813 1960 in
836 1928 1002 1972 pristinam
1029 1927 1136 1959 condi-

181 1990 301 2022 tionem
320 1986 391 2024 τὸν
414 1992 583 2038 ὄφαῖροι]
605 1991 702 2036 (conf.
720 1992 819 2024 Mare.
840 1991 998 2023 Antonin.
1016 1991 1074 2030 12,
1103 1992 1136 2022 5.

181 2064 212 2096 p.
232 2053 313 2085 116.
343 2051 432 2096 Gat.)
457 2053 570 2084 redire.
611 2053 716 2086 Multo
740 2053 841 2095 magis
867 2053 906 2084 ad
936 2052 1039 2084 nostri
1065 2064 1136 2083 sen—

181 2113 315 2145 tentiam
334 2114 420 2154 facit,
445 2114 532 2158 quod
549 2114 636 2146 illico
650 2120 725 2159 post
737 2115 846 2147 Chaos
857 2114 1012 2146 Amorem
1032 2120 1137 2145 ortum

183 2188 320 2221 eumque
337 2177 470 2208 deorum
491 2178 632 2209 omnium
648 2178 903 2223 antiquissimum
924 2190 996 2210 esse
1012 2184 1137 2209 veteres

184 2242 351 2282 affirmant,
372 2240 555 2281 Hesiodus,
577 2241 762 2284 Acusilaus,
787 2243 1009 2283 Parmenides,
1027 2243 1137 2274 Plato-

186 2314 247 2346 que
271 2302 425 2346 (sympos.
452 2315 482 2347 p.
507 2304 597 2343 178,
621 2304 701 2335 Tim.
716 2317 747 2348 p.
765 2305 813 2336 47
838 2304 986 2348 Steph.)3
1011 2303 1138 2336 Aristo-

187 2364 266 2396 teles
289 2364 343 2408 (de
362 2364 480 2396 mundo
501 2367 533 2397 ὅ.
550 2371 581 2397 et
597 2367 733 2410 metaph.
754 2367 783 2406 1,
798 2366 838 2410 4)
863 2366 1048 2409 Sextusque
1062 2366 1137 2397 Em-

188 2425 305 2468 piricus
330 2425 377 2469 (9.
398 2426 466 2457 adv.
483 2427 582 2471 Phys.
609 2429 631 2459 7
651 2441 682 2472 p.
701 2428 774 2459 549
789 2428 815 2458 F
818 2429 907 2472 aba).
941 2429 992 2459 De
1008 2418 1140 2471 physica

189 2488 311 2520 ratione
330 2489 542 2533 discrepantia
567 2491 718 2523 nectendi
743 2492 854 2524 confer
875 2498 1041 2536 praeterea
1059 2491 1140 2534 Ery-

189 2549 368 2582 ximachum
384 2550 541 2583 medicum
556 2552 640 2597 apud
649 2553 819 2585 Platonem
837 2553 991 2598 (sfrmpos.
1008 2566 1040 2598 p,
1061 2553 1141 2585 186.

1179 430 1265 474 187)
1290 429 1435 472 addeque
1460 428 1637 460 stobaeum
1668 428 1714 473 (in
1735 430 1793 462 ecl.
1816 432 1845 467 1.,
1866 431 1927 471 42,
1954 431 1986 462 2.
2009 434 2124 475 p.(‚'87

1176 492 1274 524 lleer.
1295 497 1327 523 et
1345 497 1490 522 nostrum
1508 490 1550 534 (ἓ.
1567 491 1664 535 912).
1702 492 1753 523 Ex
1772 492 1884 524 eodem
1904 493 2041 524 Platone
2058 493 2126 537 Ap-

1175 554 1303 599 pulejus
1329 554 1383 599 (de
1404 554 1508 596 dogm.
1522 548 1605 585 Plat.
1626 556 1663 595 1,
1703 556 1781 587 175.
1813 569 1842 600 p.
1866 556 1934 587 194
1960 553 2058 600 Οιι(1.)
2087 555 2126 586 de

1176 619 1342 651 elementis
1351 633 1358 648 ι
1368 631 1467 663 »quae
1479 631 1576 662 quum
1589 618 1766 650 inordinata
1776 619 1993 663 permixtaque
2008 624 2127 658 essent,

1177 681 1216 712 ah
1230 681 1286 712 illo
1305 680 1505 712 aedificatore
1522 681 1647 720 mundi,
1668 681 1747 720 deo,
1768 681 1810 711 ad
1828 681 1971 712 ordinem
1987 679 2127 711 numeris

1177 751 1209 776 et
1237 745 1393 776 mensuris
1422 744 1454 775 iu
1480 744 1632 775 ambitum
1661 743 1796 775 deducta
1823 750 1924 775 snnt.«
1974 745 2126 787 Idemque

1177 806 1231 849 (de
1249 807 1366 838 mundo
1392 819 1421 849 p.
1441 806 1514 838 554
1534 805 1652 849 Oud.):
1680 808 1913 837 cono-ariormn
1937 818 1993 849 per
2019 818 2052 837 se
2072 817 2125 836 na-

1178 876 1248 901 tura
1263 870 1420 909 flectitur,
1451 875 1482 900 et
1506 881 1546 900 ex
1569 870 1704 901 dissonis
1724 870 1757 899 fit
1781 881 1862 900 uuus
1885 869 2030 912 idemque
2051 880 2124 900 con-

1177 940 1298 966 centus.
1322 952 1371 958 —
1393 952 1438 958 —
1467 932 1523 965 Sic
1552 934 1649 964 totius
1679 933 1789 964 mundi
1816 944 1945 963 suorum
1978 932 2126 963 instantia

1177 996 1338 1027 ‘mitiorum
1358 995 1442 1026 inter
1471 1007 1505 1026 se
1526 995 1662 1039 impares
1689 1000 1865 1026 conventus
1887 994 1956 1039 pari
1981 1006 2040 1025 nee
2064 993 2126 1024 dis-

1178 1058 1328 1090 cordante
1345 1062 1501 1088 concentu
1520 1062 1630 1088 natura
1645 1057 1744 1088 veluti
1763 1056 1914 1088 musicam
1931 1055 2126 1099 temperavit.

1176 1120 1322 1161 Namque
1348 1118 1484 1149 humidis
1511 1118 1596 1149 arida
1611 1136 1659 1143 —
1676 1118 1858 1158 confundit,
1905 1129 2067 1161 unumque
2089 1128 2128 1148 ex

1178 1181 1326 1212 omnibus
1355 1186 1387 1211 et
1405 1193 1445 1211 ex
1467 1192 1530 1211 uno
1558 1180 1662 1211 omnia
1680 1180 1774 1221 juxta
1793 1179 1993 1212 lleraelitlml
2011 1178 2127 1211 consti-

1178 1243 1256 1274 tuit«
1293 1248 1351 1273 cet.

1251 1301 1386 1348 vicibus]
1410 1304 1523 1335 Mutua
1539 1303 1615 1335 viee.
1644 1304 1835 1334 Valerianus
1855 1314 2000 1334 sermone
2016 1302 2128 1346 primo.

1178 1369 1240 1400 alii.
1268 1369 1392 1399 BanTu.
1421 1366 1465 1410 (p.
1480 1366 1579 1410 961.)
1592 1386 1642 1392 —
1658 1367 1791 1411 Ellipsis
1812 1373 1861 1398 est
1882 1367 1969 1398 vocis
1988 1368 2130 1398 alternis.

1255 1428 1399 1472 maritas]
1429 1429 1578 1460 Maritare
1607 1429 1757 1460 dicunntur
1787 1430 1841 1472 qui
1860 1430 2052 1461 foecundum
2076 1428 2129 1459 ali-

1182 1491 1258 1534 quid
1285 1491 1412 1522 faciunt.
1448 1491 1562 1522 Victor
1577 1491 1788 1522 Massiliensis
1811 1492 1831 1522 l.
1851 1493 1866 1521 1
1895 1492 2080 1522 Gom-scos:

1239 1553 1345 1583 »Fons
1369 1559 1470 1583 scatet
1491 1559 1522 1583 et
1545 1555 1604 1584 diti
1624 1554 1745 1596 prolem
1763 1555 1882 1585 virtute
1901 1553 2054 1584 maritat.-

1181 1615 1328 1648 Alcimus
1354 1615 1471 1646 Avitus
1496 1615 1515 1646 l.
1537 1617 1573 1646 1:

1241 1676 1374 1720 ..Lymfa
1396 1677 1552 1708 mal-inuit
1575 1679 1712 1709 sitientis
1727 1680 1852 1710 viscera
1874 1684 2006 1710 ter-rae.-

1183 1739 1339 1770 Horatius
1366 1739 1470 1783 epodo
1491 1739 1532 1769 2:

1242 1817 1310 1830 ιι-
1326 1820 1374 1826 -
1391 1801 1503 1832 adulta
1525 1803 1640 1832 vitium
1663 1804 1838 1847 propa-qine

1234 1867 1330 1897 Altus
1349 1865 1473 1896 maritat
1495 1866 1656 1908 populosa

1187 1930 1313 1961 namu.
1341 1929 1385 1973 (p.
1407 1930 1506 1973 961).

1260 2003 1373 2022 auram
1393 1988 1521 2036 mentis]
1553 1989 1610 2023 Sic
1637 1990 1772 2021 Flaccus
1803 1990 1842 2022 de
1872 1990 1983 2022 eadem
2012 1991 2136 2021 ratione

1187 2053 1284 2084 dixit:
1307 2053 1450 2084 »divinae
1472 2052 1660 2096 particulam
1682 2065 1806 2083 auram«
1844 2052 1950 2084 Gno‘r.
1970 2071 2016 2077 ——-
2042 2051 2137 2082 Adde

1186 2115 1260 2147 huie
1277 2114 1407 2146 Horatii
1434 2113 1507 2157 (sat.
1531 2115 1565 2154 2,
1591 2115 1626 2154 2,
1654 2114 1715 2158 79)
1740 2114 1812 2146 loeo
1839 2114 1968 2156 Virgilii
1990 2114 2085 2157 (Aen.
2103 2115 2137 2151 6,

1188 2179 1276 2223 746)
1300 2179 1339 2210 de
1365 2178 1555 2222 purgatione
1579 2178 1701 2214 animae
1723 2189 1851 2209 versus:

1246 2243 1457 2275 „cmm-etam
1477 2244 1596 2274 exemit
1621 2242 1742 2281 labem,
1772 2254 1955 2289 purumque
1975 2240 2105 2286 reliquit

1237 2305 1428 2337 Aether-ium
1449 2316 1580 2336 sensum
1601 2310 1699 2351 atque
1722 2309 1810 2335 aurai
1829 2304 1980 2346 simplicis
1997 2304 2132 2345 ignem.-

1260 2366 1389 2410 foedere
1404 2364 1601 2410 complacito]
1631 2365 1828 2401 Claudianus
1851 2364 1924 2408 (51,
1956 2363 2018 2407 55)
2047 2362 2138 2394 »Tuo

1189 2428 1309 2473 primae
1332 2429 1473 2460 libantur
1505 2428 1635 2460 foedere
1666 2433 1797 2459 noctes«
1828 2426 1927 2457 Gonz.
1948 2444 1993 2449 ——
2009 2424 2138 2456 Foedus

1191 2503 1249 2535 pro
1270 2491 1418 2533 conjugio
1442 2503 1460 2521 a
1483 2496 1593 2522 nostro
1615 2488 1716 2533 accipi
1734 2488 1841 2532 plures
1857 2486 2018 2518 docebunt
2033 2485 2138 2518 inferi-

1193 2567 1265 2587 ores
1280 2555 1344 2587 loei
1373 2553 1415 2599 (§.
1434 2555 1492 2586 25.
1512 2555 1570 2586 51.
1594 2553 1666 2595 91).

1680 2614 1698 2645 1
1722 2610 1745 2637 ss
