2310 2860
750 124 978 184 *Mai-miani
1016 140 1215 197 capenae
1253 139 1325 182 lib.
1350 140 1381 181 1.
1420 142 1451 192 ς.
1473 141 1545 182 52.
2081 141 2136 183 77

581 248 777 291 Concede
807 249 919 305 proli
950 262 1038 303 quo
1068 257 1275 305 nepotum
1303 247 1514 304 provehat

579 330 852 381 Numerum,
891 328 1085 384 supernis
1119 336 1229 369 astra
1259 341 1392 382 quem
1423 327 1595 370 vibrant
1623 329 1753 385 polis3

578 410 720 464 Majae
750 412 969 465 tuumque
1000 409 1159 467 flagitat
1189 410 1341 466 pignus
1371 424 1566 462 sacrum,

576 491 800 533 Thalamis
829 491 1000 546 jugetur
1031 491 1202 546 virginis
1233 490 1513 535 doctissimae.

578 573 662 615 Sed
692 583 731 614 te
761 572 948 629 parentis
979 587 1084 614 cura
1114 572 1147 613 si
1177 571 1339 627 stringit
1368 571 1458 627 pia:

577 656 661 696 Par
691 663 752 695 est
780 654 963 696 deorum
996 668 1202 695 convoces
1233 662 1402 694 coetum
1432 661 1600 707 potens,

578 734 857 776 Connubium
892 735 985 791 ipsa
1014 735 1205 776 sanciens
1236 747 1338 774 cum
1368 734 1567 788 conjuge:

578 814 679 865 Quo
709 816 841 871 prolis
872 825 1036 858 exstent
1064 817 1154 873 lege
1185 830 1342 872 supera
1372 815 1567 870 nuptiae,

578 895 824 951 Perpesquc
855 897 1045 937 vinclum
1081 896 1283 937 coelitum
1313 896 1446 951 signet
1475 895 1615 936 decor.

371 974 450 1016 Hic
477 985 707 1031 postquam
736 977 887 1018 Delius
919 975 1187 1031 conquievit,
1217 989 1447 1016 conversus
1479 975 1533 1016 ad
1563 974 1789 1030 conjugem
1818 973 1998 1030 Jupiter,
2029 973 2136 1029 quid
2163 977 2226 1019 54

173 1054 264 1109 eJus
296 1055 495 1098 voluntas
527 1056 725 1109 haberet,
765 1058 954 1113 inquirit.

246 1190 384 1223 concede
399 1189 495 1236 proli]
522 1190 572 1224 Ita
595 1190 759 1233 distinguo
778 1203 818 1223 ex
836 1191 936 1235 patris
960 1191 1130 1224 sententia.

173 1251 341 1286 Gnor.—
373 1254 488 1298 Neque
513 1255 660 1298 intelligo
687 1257 770 1287 hane
794 1261 921 1296 notam,
953 1267 1059 1299 neque
1084 1255 1130 1287 di·

173 1313 376 1346 stinctionem
407 1315 500 1347 video
530 1317 648 1357 ullam,
684 1317 761 1349 nisi·
780 1317 814 1348 in
847 1329 942 1349 versu
975 1322 1131 1361 sequente

1074 1379 1132 1412 Sic

172 1438 259 1471 enim
289 1440 396 1471 locum
418 1439 580 1481 intellige:
611 1438 661 1471 »O
685 1439 773 1482 pium
797 1439 923 1471 culmen
946 1439 1017 1482 (pie
1037 1439 1131 1482 Jupi-

172 1383 249 1421 post
275 1389 388 1410 vocem
415 1381 585 1421 superm's,
619 1391 701 1422 quae
733 1385 841 1411 tamen
869 1379 1021 1411 tollenda.

171 1505 222 1531 ter
242 1499 374 1533 deorum
405 1499 558 1542 summe),
598 1500 654 1543 qui
681 1500 756 1540 jure
788 1500 897 1531 divum
930 1505 1021 1543 pater
1045 1497 1130 1543 (es),

171 1562 312 1597 concede
333 1562 433 1607 proli,
463 1575 527 1606 quo
553 1562 622 1606 (ut,
649 1560 678 1606 §.
695 1561 763 1604 24)
789 1573 957 1593 numerum
976 1567 1131 1605 nepotum

171 1625 329 1670 provehat
358 1623 533 1669 (augeat),
560 1634 656 1668 quem
682 1621 879 1667 (numerum)
899 1627 986 1654 astra
1005 1622 1131 1654 vibrant

171 1686 255 1733 polis
282 1686 459 1740 supernis«

245 1747 390 1793 vibrant]
424 1747 619 1780 „Numerum
637 1751 722 1778 astra
745 1745 890 1777 vibrant«
922 1745 1049 1790 poetIce
1085 1745 1131 1778 di-

172 1815 259 1842 ctum
275 1815 326 1841 est
345 1820 404 1853 pro
423 1809 591 1848 indicant,
615 1807 795 1850 fulgoribus
819 1819 934 1851 nempe
959 1807 1036 1839 suis.
1067 1808 1133 1839 Tot

173 1870 271 1913 igitur
295 1876 450 1915 nepoteS,
481 1875 561 1914 quot
585 1874 671 1901 astra
697 1869 731 1900 in
753 1868 838 1911 polis
870 1869 1027 1913 supernis.
1058 1869 1134 1901 Pali

174 1939 280 1965 autem
314 1945 471 1965 summum
503 1932 629 1965 coelum
658 1918 861 1972 significant,
898 1931 983 1963 unde
1010 1931 1131 1965 locutio

180 1998 282 2030 ninter
298 1998 393 2042 polos
410 1997 545 2041 recipi«,
574 2001 611 2027 ut
638 1995 672 2027 in
699 1995 755 2026 illo
781 1994 898 2026 Rutilii
919 1995 1001 2040 (itin.
1017 1996 1099 2040 48)=

230 2062 343 2094 „Inter
360 2061 504 2093 sidereos
521 2060 625 2092 Roma
641 2064 769 2102 recepta
783 2058 906 2103 polosm

173 2123 354 2168 (Palaeogr.
380 2121 448 2154 crit.
471 2121 530 2154 111.
557 2119 586 2165 §.
609 2119 706 2164 285).

245 2185 303 2216 sed
318 2190 348 2216 te
360 2181 520 2228 parentis]
555 2182 828 2226 Transponendae
854 2183 913 2214 hae
937 2192 1034 2214 voces
1057 2181 1135 2213 »sed

175 2247 204 2279 si
221 2253 273 2281 te«
297 2247 481 2293 postulante
500 2245 650 2278 carminis
670 2245 795 2277 ratione
817 2251 851 2277 et
867 2245 940 2279 MS.
959 2245 1063 2279 Geor.
1084 2264 1132 2271 —

175 2309 360 2343 concinunt
391 2310 520 2355 quidem
547 2321 621 2341 cum
648 2308 806 2341 Grotiano
836 2309 939 2341 codex
966 2308 1134 2341 Basilcen·

177 2372 241 2413 sis,
264 2372 454 2415 Hugianus,
486 2377 518 2403 et
540 2371 595 2404 ille
620 2369 656 2402 in
679 2370 762 2402 libro
777 2370 1041 2413 Nol-imbergensi
1064 2370 1131 2402 lau·

175 2435 294 2476 datus5
332 2435 390 2467 scd
415 2433 544 2466 minime
574 2433 722 2467 carminis
752 2433 834 2465 ratio
872 2433 966 2466 istam
990 2434 1133 2480 postulat

175 2498 363 2539 lectionem,
391 2503 587 2543 quapropter
616 2497 740 2529 servavi
762 2497 932 2539 vulgatam.

251 2567 375 2595 coetum
392 2558 537 2606 deorum]
556 2560 685 2593 Primus
695 2561 870 2603 Homerus,
885 2567 999 2606 quarto
1019 2561 1131 2595 Iliadis

1014 1057 1186 1100 Verum
1222 1056 1295 1097 illa
1326 1055 1463 1096 multa
1493 1055 1655 1096 ratione
1686 1053 1905 1110 permulsa
1927 1079 1975 1085 —
1995 1053 2139 1109 primo

1182 1190 1222 1222 ab
1246 1189 1354 1228 initio,
1381 1187 1514 1219 deorum
1534 1187 1649 1219 cecinit
1673 1187 1853 1220 concilium.
1889 1185 2009 1219 Secuta
2031 1192 2139 1230 pocta·

1181 1265 1251 1284 rum
1270 1253 1362 1283 turba
1384 1256 1444 1291 est,
1467 1250 1639 1294 Euripides
1657 1249 1747 1294 (Hel.
1761 1262 1791 1281 v.
1808 1248 1914 1293 878),
1934 1249 2080 1281 Lucilius
2101 1250 2143 1293 (1.

1181 1327 1213 1358 p.
1231 1315 1302 1346 186
1324 1312 1432 1357 Bip.)‚
1449 1312 1606 1353 Virgilius
1626 1310 1722 1356 (Aen.
1745 1311 1823 1355 10),
1848 1310 1986 1342 Ovidius
2004 1310 2092 1355 (met.
2107 1311 2140 1351 1,

1185 1376 1289 1421 167),
1316 1375 1441 1408 Statius
1458 1376 1573 1419 (Theb.
1596 1376 1627 1414 1,
1653 1374 1738 1418 198)
1757 1373 1956 1407 Claudianus
1975 1375 2140 1418 (Proserp.

1182 1440 1225 1478 5,
1252 1438 1307 1480 6),
1334 1438 1536 1481 Apollinaris
1567 1437 1722 1470 Sidonius
1754 1437 1868 1481 (carm.
1896 1439 1936 1478 7,
1972 1439 2021 1470 58
2050 1449 2141 1481 sequ.

1181 1512 1212 1544 p.
1241 1500 1312 1531 551
1349 1497 1460 1541 Sirm.)
1495 1503 1572 1537 cet,
1611 1509 1694 1541 quos
1724 1509 1783 1528 suo
1821 1509 1910 1529 more
1941 1498 2026 1529 ridet
2057 1499 2142 1530 inter

1184 1559 1329 1590 Graecos
1353 1559 1517 1590 Lucianns
1539 1558 1641 1601 (deor.
1660 1557 1773 1590 concil.
1797 1558 1834 1589 T.
1853 1557 1902 1590 ῙΧ
1919 1558 1994 1603 Bip.
2009 1571 2040 1602 p.
2058 1559 2140 1591 191.

1181 1620 1259 1664 Jup.
1284 1626 1363 1662 trag.
1388 1621 1447 1653 VI.
1477 1633 1508 1663 p.
1535 1620 1619 1651 228.
1642 1620 1725 1651 229.
1747 1620 1857 1663 259),
1891 1621 1977 1652 inter
2005 1621 2140 1653 Latinos

1183 1684 1311 1716 Seneca
1343 1683 1520 1728 (apocoloe.
1546 1695 1578 1726 p.
1600 1683 1673 1714 825
1700 1681 1814 1726 Lips.).
1840 1682 2019 1715 Martianus
2043 1690 2140 1725 certe,

1183 1750 1218 1777 ut
1249 1757 1290 1777 ex
1322 1744 1532 1789 sequentibus
1567 1743 1688 1788 liquet,
1725 1743 1874 1784 eandem,
1913 1756 1996 1789 quae
2022 1745 2140 1777 Roma·

1183 1821 1297 1840 norum
1319 1813 1407 1848 crat,
1430 1808 1490 1840 diis
1516 1807 1627 1839 tribuit
1646 1819 1713 1838 rem
1731 1807 1908 1851 publicam,
1939 1808 2020 1840 adeo
2045 1814 2081 1840 ut
2101 1808 2141 1840 ad

1182 1884 1326 1904 normam
1351 1871 1446 1903 ctiam
1470 1871 1578 1913 legum
1601 1870 1819 1902 Romanarum
1842 1870 1932 1914 ipsos
1956 1871 2064 1902 vivere
2084 1872 2141 1903 fin-

1183 1941 1273 1979 geret
1296 1935 1392 1980 (conf.
1415 1933 1443 1981 ἓ.
1462 1933 1560 1978 218).
1595 1934 1696 1978 Quod
1717 1933 1876 1978 reliquum
1899 1939 1966 1975 cst,
1999 1935 2034 1966 in
2060 1945 2142 1966 mar-

1183 1999 1345 2040 mox-ihm,
1387 2009 1469 2043 quae
1503 2003 1692 2042 supersunt,
1732 1997 1869 2040 legimus
1898 2003 1962 2029 tam
1993 2009 2142 2030 »conses-

1183 2072 1272 2092 smnn
1312 2072 1408 2105 quam
1441 2059 1630 2093 »concilium
1661 2059 1814 2092 deorum«-
1844 2058 1952 2104 (Grut.
1987 2058 2082 2092 inser.
2106 2059 2141 2099 2,

1187 2123 1244 2154 11.
1267 2121 1337 2166 12).

1258 2180 1377 2229 primo]
1403 2182 1559 2214 Edidcrat
1583 2181 1734 2215 Grotius=
1768 2180 1888 2226 nprimo
1914 2182 2003 2227 quod
2028 2184 2061 2215 ei
2086 2181 2140 2226 qui

1183 2246 1400 2291 placiditatem
1429 2247 1541 2278 afferre
1566 2245 1681 2278 solitus
1703 2245 1858 2277 Phoebus
1883 2245 1994 2278 orabat
2022 2244 2139 2289 quique

1185 2310 1281 2342 etiam
1302 2323 1320 2342 a
1338 2321 1373 2342 se
1392 2309 1537 2352 ejusdem
1554 2309 1636 2340 filias
1659 2308 1801 2341 eruditas
1819 2308 1859 2340 ad
1878 2313 2044 2353 parentum
2062 2318 2138 2351 quo-

1182 2386 1245 2418 que
1266 2379 1474 2419 conspectum
1496 2374 1617 2406 fecerat
1636 2372 1814 2404 subvolare.
1822 2387 1833 2400 u
1874 2372 1975 2403 Miror
1995 2375 2137 2402 anteces-

1182 2447 1291 2468 sorum
1307 2447 1450 2468 meorum
1467 2435 1592 2466 nullum
1612 2446 1729 2478 operae
1745 2433 1882 2478 pretium
1899 2431 2039 2470 duxisse,
2066 2441 2135 2462 cor·
2154 2478 2156 2480 ‚

1180 2505 1278 2543 rupto
1300 2499 1374 2532 huic
1393 2498 1466 2531 loco
1491 2497 1723 2542 aliquantulum
1745 2496 1826 2528 lucis
1851 2494 1980 2526 afferret
2007 2493 2138 2526 Etenim

1182 2561 1327 2607 quamvis
1359 2560 1475 2594 melior
1508 2571 1593 2594 nunc
1623 2558 1777 2604 procedat
1808 2555 1923 2597 lectio,
1965 2559 2136 2601 postquam
