2310 2860
178 147 239 188 2'2
810 145 1009 187 Martiani
1048 144 1250 201 Capellae
1286 145 1359 187 lib.
1387 144 1419 187 Ι.
1460 147 1549 196 §.Q

131 252 162 292 G
191 250 461 292 coelibatum.
510 251 660 304 Itaque
685 265 763 306 pro
788 250 994 292 industria
1019 260 1058 291 et
1088 250 1286 305 dignitate
1318 265 1453 305 quam
1478 253 1722 294 conveniret
1753 254 1963 310 accipere,
1994 259 2148 297 cuncta·

190 331 342 372 merito
372 331 520 385 longae
551 329 865 372 deliberationis
899 331 1090 372 alternat.
1157 330 1272 371 Nam
1305 331 1511 386 Sophiam
1541 332 1678 387 ipsam
1708 333 1818 374 miro
1851 333 2028 389 quidem
2068 348 2145 375 cu·-

190 410 334 465 piebat
371 410 543 460 ardore,
590 411 707 466 quod
738 412 926 467 prudens
957 420 1187 465 sanctaque
1220 410 1270 450 sit
1301 411 1676 467 intemeratiorque
1709 415 1866 455 cunetis
1900 414 2146 470 pulchrior-

192 504 278 545 que
316 491 573 546 virginilms3
618 492 691 534 sed
732 494 850 548 quod
887 494 1041 535 sororis
1084 491 1174 546 ejus
1215 490 1414 532 collactea
1454 501 1494 532 et
1534 491 1756 533 indiscreto
1803 494 1938 534 amica
1975 492 2148 534 foedere

188 569 378 620 videtur,
409 571 674 627 perindeque
711 574 764 615 ad
805 575 989 616 innubas
1026 575 1118 630 ipsa
1159 587 1336 629 quoque
1376 573 1592 624 transisse,
1644 588 1740 614 eam
1777 575 1821 614 in
1860 573 2041 615 Palladis
2081 574 2147 614 in-

186 648 343 702 juriam
375 664 460 690 non
492 650 650 705 placuit
680 656 879 709 coaptari.
938 656 1038 697 Non
1070 654 1213 710 dispar
1250 654 1374 695 illum
1407 654 1571 695 formae
1610 653 1900 694 desiderabilis
1943 663 2149 709 grataque

262 759 379 800 pellere
406 759 607 805 coelibatum]
635 761 654 792 i.
672 773 699 794 e.
716 774 842 795 exuere..
870 764 997 795 Pariter
1009 762 1146 795 Ouidius

190 818 328 859 (metam.
349 820 382 851 2.
399 819 503 864 858)=

250 882 359 914 »Pelle
383 896 503 915 moram
513 908 525 924 ‚⁹
555 887 710 933 solz'loque
736 888 819 919 celer
846 889 990 921 delabere
1015 901 1139 920 cursus«

263 944 438 989 industria]
450 945 583 977 Grotius
595 948 731 978 habebat
747 948 940 981 »industriae
957 950 1109 991 dignitate
1118 963 1146 980 «t

190 1004 229 1034 ad
260 1017 341 1047 quae
369 1005 536 1037 Vonckius
567 1007 611 1050 (p.
641 1008 718 1052 79)2
739 1009 847 1051 »lcgcz
874 1023 932 1054 pro
959 1011 1086 1042 inlustri
1108 1023 1147 1042 ea

188 1064 350 1105 dignitate.
390 1066 540 1107 Dignitas
566 1074 655 1100 notat
680 1071 823 1114 corporis
851 1078 1007 1103 staturam
1030 1078 1061 1104 ct
1083 1073 1145 1104 sor-

188 1139 257 1158 mae
282 1128 549 1172 pulchritudinem
574 1132 698 1177 (Nepos
720 1134 753 1165 in
774 1135 920 1167 Eumene
949 1148 975 1168 c.
1000 1136 1146 1179 XI).«·-—

187 1188 279 1221 Haec
299 1190 370 1222 ille:
396 1192 453 1223 sed
477 1199 582 1224 cessat
607 1195 803 1236 conjectura,
829 1197 986 1241 siquidem
1002 1209 1019 1229 e
1037 1197 1146 1230 codice

187 1251 365 1285 Dresdensi
392 1267 500 1288 veram
523 1257 720 1290 restituimus
742 1259 923 1292 lectionem.

263 1323 380 1348 cuneta
405 1318 531 1364 merito]
559 1320 734 1362 Eleganter
756 1324 892 1365 conjicio
912 1330 1143 1361 cunetamento,

188 1377 293 1411 GROT.
310 1398 359 1405 —
388 1381 550 1425 Pei-quam
572 1384 736 1425 eleganter
760 1386 894 1419 Grotius
921 1394 1144 1420 cunetamento

189 1440 387 1482 conjiciebat.
413 1442 514 1474 Gonz.
529 1461 578 1468 —-
610 1444 677 1476 Sed
704 1447 794 1477 finxit
819 1448 952 1479 Grotius
973 1449 1066 1479 istam
1088 1461 1141 1480 vo-

188 1515 275 1543 cem,
310 1517 392 1547 quae
414 1505 539 1536 Latinis
565 1508 694 1538 auribus
717 1509 859 1541 inaudita
878 1517 935 1542 est.
964 1512 1074 1554 Quare
1093 1523 1142 1543 sa-

186 1566 250 1597 tius
279 1567 359 1598 duco
387 1567 538 1600 Martiani
562 1571 659 1602 verba
683 1572 842 1613 retinere,
871 1586 952 1616 qnae
981 1575 1026 1606 sic
1053 1575 1144 1605 intel-

187 1627 270 1668 ligo:
292 1628 488 1659 »Mercurius
512 1637 646 1670 cimela,
673 1644 754 1674 quae
778 1633 841 1664 sint
858 1634 973 1677 longae
991 1635 1145 1667 delibera-

187 1688 302 1728 tionis,
330 1691 441 1720 ”terito
462 1691 618 1732 ponderat
643 1694 897 1738 examin-atquem

263 1749 417 1795 alternat]
447 1750 565 1782 Glossa
583 1752 716 1784 Isidori:
747 1755 952 1797 »alternanti,
983 1758 1037 1789 diu
1061 1759 1144 1799 eogi-

189 1810 278 1841 tanti.
287 1824 297 1838 «
323 1811 427 1842 Gnor.
445 1831 492 1838 -—
514 1813 687 1845 Alterum-c
712 1828 783 1847 eum
805 1824 918 1859 quarto
951 1831 1026 1850 casu
1049 1820 1145 1860 signi-

189 1873 263 1905 ficat
285 1875 387 1905 facere
417 1881 452 1906 ut
479 1876 658 1908 alternatim
687 1890 738 1910 res
770 1887 961 1924 compareat.
992 1882 1041 1914 lta
1067 1883 1144 1914 Oxi-

190 1936 278 1969 dius:
304 1939 484 1970 „alternare
503 1940 634 1981 fidem«,
657 1948 690 1973 et
717 1944 898 1975 »alternare
920 1944 1024 1977 vicesu
1054 1945 1142 1977 dixit.

190 1998 345 2032 Similiter
363 2001 602 2046 Just11111s(56‚
631 2004 675 2044 4,
710 2006 739 2036 1.
768 2018 799 2049 p.
817 2006 890 2038 627
910 2006 1041 2051 Gron.):
1061 2007 1145 2039 »Re-

1102 2070 1146 2101 Et

192 2127 277 2153 certe
298 2123 474 2155 Mercurius
502 2126 596 2158 modo
631 2126 670 2158 de
693 2129 772 2169 liae,
810 2129 905 2161 modo
933 2131 972 2162 de
1001 2131 1056 2162 illa
1089 2131 1145 2163 du-

191 2184 292 2216 cenda
314 2184 473 2226 cogitabat
500 2187 768 2233 deliberabatque.

190 2058 245 2102 gni
276 2062 406 2093 mutatio
439 2063 522 2095 inter
556 2077 658 2097 novos
687 2078 779 2108 reges
806 2068 1050 2100 altcr11abatur.«

265 2246 355 2292 mum]
382 2248 537 2280 Delcatur
554 2262 638 2282 nam.
676 2250 949 2285 vvmrmnn.—
971 2254 1146 2299 Perperam

194 2310 246 2342 alii
282 2323 358 2341 num
393 2312 522 2344 addunt.
553 2314 654 2346 GoEz.
684 2333 727 2339 —
782 2318 917 2350 Praeter
954 2318 1145 2351 Grotianum

194 2384 304 2404 omnes
329 2373 423 2404 ctiam
449 2374 575 2406 codices
591 2377 821 2419 MonacenscS,
847 2380 1053 2421 Dresdensis,
1083 2383 1146 2423 alii,

193 2435 345 2466 exhibent
364 2447 459 2474 nam,
498 2448 557 2468 nee
579 2437 646 2469 sine
673 2451 768 2471 causa
789 2441 971 2482 conjunctio
993 2444 1070 2475 haec
1093 2445 1146 2476 ad-

194 2499 259 2529 dita
294 2504 359 2538 cst,
398 2511 471 2529 nam
506 2501 636 2532 verbum
673 2503 832 2542 alternae,
880 2504 944 2537 sive
978 2506 1145 2540 alternatio

194 2572 279 2592 nunc
309 2560 494 2605 explicatur.

1273 764 1392 794 sororis
1418 761 1500 807 ejus]
1528 762 1679 796 Mercurii
1701 761 1865 801 nimirum,
1891 761 2063 795 Minervae.

1274 825 1438 870 collactea]
1453 826 1635 858 Vossianus
1650 824 1752 857 codex
1765 826 1977 857 collactanea:
1994 825 2050 856 scd
2066 824 2151 856 idem

1198 891 1263 925 cst,
1291 887 1434 930 quamvis
1452 886 1624 919 Cornelius
1641 887 1782 926 Fronto,
1804 892 1887 918 teste
1903 885 2051 918 Ausonio
2063 885 2150 931 Pop-

1198 961 1249 980 ma
1267 949 1309 993 (p.
1325 949 1420 993 ¹16),
1446 949 1539 981 nimis
1556 949 1716 981 subtiliter
1731 950 1877 980 statuerit
1903 950 2153 982 »collactaneum

1197 1010 1310 1042 iisdem
1341 1011 1503 1051 mammis,
1539 1011 1725 1043 collacteam
1747 1017 1853 1042 autem
1886 1023 1949 1043 uno
1975 1011 2152 1054 eodemque

1196 1072 1277 1103 lacte
1304 1073 1473 1105 educatum
1495 1084 1594 1104 esseae
1640 1073 1738 1105 Certe
1759 1072 1940 1116 promiscue
1959 1078 2154 1116 usurpantur

1196 1135 1413 1167 collactaneus
1433 1141 1465 1167 ct
1486 1136 1677 1176 collacteus,
1704 1147 1770 1167 non
1787 1135 1891 1167 solum
1914 1135 1947 1167 in
1964 1135 2054 1166 lihris
2080 1134 2151 1179 (Ju-

1195 1197 1297 1229 venal.
1316 1199 1351 1238 (3,
1373 1199 1457 1237 507,
1476 1197 1504 1228 si
1524 1198 1620 1229 lectio
1636 1209 1729 1237 vcra,
1746 1197 1893 1229 Brisson.
1912 1196 1950 1229 de
1969 1196 2056 1228 verb.
2072 1196 2153 1238 sign.

1195 1262 1224 1292 h.
1246 1272 1276 1293 v.
1297 1259 1417 1303 Hygia.
1440 1260 1502 1292 sah.
1517 1260 1601 1292 224.
1628 1265 1660 1291 ct
1688 1260 1818 1293 Munek.
1846 1272 1877 1303 p.
1901 1259 2005 1304 292);
2041 1259 2098 1291 sed
2121 1259 2156 1291 in

1193 1324 1336 1368 lapidum
1368 1324 1463 1355 ctiam
1492 1324 1756 1368 inscriptionibus
1787 1323 1930 1367 (Reines.
1957 1334 1988 1366 p.
2012 1323 2096 1361 555,
2123 1332 2154 1352 n.

1196 1387 1242 1417 16
1267 1391 1299 1417 et
1324 1385 1403 1416 aliae
1430 1398 1461 1429 p.
1484 1386 1556 1417 55ss
1590 1383 1761 1428 laudatae).
1808 1383 1930 1415 Noster
1953 1382 2049 1414 etiam
2074 1382 2156 1413 infra

1193 1447 1234 1496 (ξ.
1253 1448 1337 1491 111)
1356 1448 1467 1479 eadem
1492 1448 1592 1478 utitur
1609 1459 1708 1488 voce,
1737 1458 1835 1490 quare
1860 1445 1940 1478 nihil
1958 1445 2155 1477 mutandum.

1268 1510 1422 1555 innubas]
1442 1512 1529 1543 Hinc
1548 1516 1608 1550 est,
1626 1510 1713 1553 quod
1722 1509 1912 1548 Minervam,
1934 1508 1985 1540 cni
2000 1509 2156 1551 immplae

1197 1582 1375 1612 cognomen
1392 1576 1459 1602 crat
1475 1571 1522 1614 (V
1523 1571 1580 1612 irg.
1594 1569 1679 1602 Aen.
1694 1570 1728 1611 2,
1745 1571 1806 1610 51,
1824 1568 2013 1602 Athenaeus
2030 1570 2065 1609 5,
2083 1568 2156 1612 20),

1195 1644 1266 1664 eam
1288 1638 1458 1675 protegere
1482 1631 1575 1663 dieat.

1272 1694 1427 1739 coaptam']
1455 1694 1612 1725 Usitatius
1641 1694 1723 1725 sorte
1744 1700 1777 1726 ct
1795 1693 1911 1726 melius
1928 1695 2078 1738 cooptari.
2101 1684 2170 1727 Sie'

1195 1763 1228 1788 et
1248 1757 1330 1789 libro
1358 1757 1499 1789 secundo
1522 1757 1636 1788 lubens
1659 1757 1807 1799 legerim:
1824 1769 1924 1801 »quac
1949 1757 2052 1789 adhuc
2073 1768 2156 1788 mor-

1195 1821 1268 1851 talis
1287 1821 1440 1852 adversus
1454 1820 1518 1852 vim
1534 1832 1681 1864 superam
1699 1820 1731 1851 in
1748 1820 1944 1863 praesidium
1969 1825 2151 1863 cooptat-at«

1196 1890 1229 1915 et
1249 1884 1330 1915 infra
1347 1884 1380 1914 in
1401 1884 1463 1914 fine
1486 1884 1559 1914 libri
1578 1883 1672 1927 primi
1693 1883 1743 1914 uin
1765 1883 1898 1914 deorum
1919 1895 2086 1915 numerum
2104 1893 2158 1916 eo-

1197 1949 1364 1988 aptcntnru
1387 1944 1420 1974 in
1437 1943 1510 1975 MS.
1524 1944 1583 1974 suit
1605 1949 1799 1986 coaptentur.
1816 1943 1977 1976 Ga0T.—
2006 1944 2160 1988 Cooptarz‘

1198 2006 1319 2037 habent
1344 2004 1480 2037 Grotius
1508 2009 1540 2034 et
1564 2003 1781 2045 Bongarsius=
1810 2004 1978 2036 Bodianus
2007 2016 2083 2037 vero
2108 2016 2156 2037 0⁰-

1198 2070 1314 2111 aptari.
1343 2067 1444 2099 Gonz.
1472 2086 1517 2091 -
1561 2065 1676 2109 Neque
1712 2066 1847 2099 Grotius
1879 2069 2020 2110 cooptari
2044 2067 2156 2108 hahet,

1198 2130 1255 2161 sed
1277 2128 1413 2171 conjecit
1431 2134 1570 2168 tantum,
1595 2140 1699 2172 neque
1714 2128 1926 2169 Bongaisius,
1946 2139 2051 2172 neque
2071 2128 2158 2160 ullus

1197 2205 1238 2224 cx
1270 2191 1416 2223 omnibus
1454 2191 1617 2223 codicibus
1648 2191 1682 2222 id
1713 2190 1856 2230 exhibet,
1897 2196 1929 2221 et
1955 2191 2100 2234 quamtis
2123 2192 2157 2224 in

1196 2253 1376 2286 Dresdensi
1400 2264 1459 2297 pro
1482 2252 1621 2296 coaptari
1646 2252 1771 2292 legatur
1789 2257 1937 2294 coaptare
1959 2253 2041 2292 sibi,
2071 2253 2156 2285 idem

1197 2324 1302 2349 tamen
1324 2317 1458 2348 verbum
1478 2329 1543 2348 non
1564 2320 1711 2347 mutatur.
1760 2315 1811 2346 Eo
1833 2315 1938 2346 minus
1965 2316 2059 2348 ctiam
2084 2317 2154 2349 uni-

1196 2380 1305 2413 formis
1330 2380 1426 2412 lectio
1449 2392 1465 2410 a
1489 2379 1612 2411 Goczio
1636 2378 1821 2419 corrigenda
1842 2384 1926 2419 erat,
1955 2391 2018 2422 qno
2038 2380 2156 2412 certius

1197 2447 1308 2474 noster
1333 2442 1446 2473 eodem
1471 2441 1568 2473 verbo
1603 2439 1684 2471 infra
1712 2438 1753 2483 (ξ.
1777 2439 1861 2484 141)
1892 2440 2006 2481 utitur,
2036 2447 2068 2472 et
2091 2452 2155 2486 quo

1197 2505 1321 2538 facilius
1348 2504 1484 2545 intelligi
1507 2508 1642 2547 poterat.
1683 2501 1849 2543 Significat
1876 2503 1960 2534 enim
1985 2509 2057 2547 apte
2083 2516 2155 2536 eon-

1191 2565 1349 2615 junqerc,
1376 2580 1439 2612 quo
1462 2579 1560 2599 sensu
1578 2565 1799 2608 Augustinus,
1819 2567 2055 2612 Hieronymus,
2073 2567 2154 2599 Pru·
2182 2574 2185 2577 '
