2310 2860
219 118 308 159 584
773 116 970 156 Martiani
1006 115 1205 170 Capellae
1236 115 1307 155 lib.
1330 114 1429 155 VII.
1459 117 1491 166 §.
1514 115 1614 157 751.

222 238 359 278 eaque
389 222 548 277 singula
583 221 818 276 procreari,
857 221 1142 275 omniumque
1172 233 1456 261 numerorum
1488 219 1623 261 solam
1655 221 1932 263 seminarium
1960 236 2068 273 esse,
2105 235 2176 262 so·

223 305 396 356 lamque
422 316 691 349 mensuram,
722 311 762 342 et
790 302 1151 343 incrementorum
1180 315 1351 341 causam
1381 309 1628 356 statumque
1656 300 2033 355 detrimentorum3
2065 316 2176 357 quae

222 393 362 423 tamen
406 382 567 435 ubique
612 397 707 437 pars
750 392 832 432 est,
886 383 1049 438 ubique
1090 392 1249 433 totum,
1299 380 1405 422 dum
1451 397 1527 436 per
1567 391 1717 423 cuneta
1764 390 1991 437 perpetua3
2036 396 2178 438 neque

222 464 355 513 enim,
396 478 507 517 quae
546 472 605 504 est
642 473 736 504 ante
771 464 974 504 exstantia
1011 474 1051 505 et
1088 479 1199 519 quae
1239 473 1332 519 post
1363 464 1558 505 absumta
1591 479 1674 505 non
1709 463 2000 513 absconditur,
2043 472 2180 518 potest

221 559 305 585 non
337 559 427 584 esse
460 554 675 599 perpetua.
737 545 857 585 Hane
887 545 1012 599 igitur
1043 555 1204 600 patrem
1238 546 1432 586 omnium
1459 546 1609 585 Jovem
1643 546 1721 586 rite
1751 560 1839 585 esse
1872 553 2179 596 memoratum3

222 625 339 681 quod
369 625 542 679 quidem
581 625 725 665 idealis
760 625 870 665 illius
910 625 1290 681 intellectualisque
1328 624 1482 680 speciei
1524 625 1584 664 vis
1616 625 1830 665 causativa
1869 633 2067 675 testatur3
2129 623 2177 664 ad

223 708 343 760 eujus
365 706 614 761 exemplum
641 720 775 746 unum
798 706 944 756 deum,
976 721 1111 746 unum
1138 706 1366 756 mundum,
1400 719 1626 759 unumque
1648 704 1805 756 Solem,
1836 706 2181 759 singularemque

223 790 415 838 Lunam,
462 789 669 828 elementa
708 789 831 828 etiam
865 789 904 828 in
939 803 1026 843 quo
1066 797 1229 829 exstant
1266 787 1428 842 singula
1463 787 1707 828 memorari.
1773 787 1892 828 Licet
1921 785 2182 836 Aristoteles,

224 882 335 909 unus
375 883 396 907 e
434 868 708 908 sectatoribus
755 868 880 917 meis,
923 883 974 908 ex
1020 883 1067 908 eo
1106 868 1223 922 quod
1268 883 1405 909 unum
1446 867 1586 907 solum
1630 868 1719 922 ipsa
1759 867 1830 918 sit,
1875 876 1914 907 et
1951 881 1994 906 se
2033 865 2183 919 quaeri

222 963 391 1004 semper
422 949 541 999 velit,
587 948 828 1004 cupidinem
872 958 1026 989 asserat
1059 948 1344 997 nominatam,
1388 946 1506 1001 quod
1536 961 1581 986 se
1614 948 1778 1001 cupiat3
1825 946 2035 1001 siquidem
2071 947 2182 988 ultra

224 1029 329 1069 nihil
376 1029 550 1081 habeat,
597 1040 636 1071 ct
677 1046 828 1086 expers
868 1032 994 1071 totius
1035 1030 1222 1071 elationis
1267 1038 1339 1070 aut
1378 1027 1557 1083 copulae
1588 1027 1629 1067 in
1659 1041 1703 1067 se
1738 1027 1930 1082 proprios
1960 1026 2184 1082 detorquet

226 1161 308 1192 enim
331 1174 428 1193 unum
452 1175 548 1193 unum
572 1169 629 1194 est.
646 1163 808 1195 Gnor.—
827 1164 911 1195 Cum
936 1164 1024 1195 hisce
1050 1163 1179 1207 conspi-

228 1230 296 1254 rant
332 1225 425 1255 etiam
455 1225 669 1257 Monacenses
700 1226 755 1269 (Α.
780 1227 821 1268 C)
847 1232 878 1257 et
903 1226 1181 1266 Dan-mstauensis,

227 1285 311 1316 unde
330 1286 444 1329 recepi.
471 1287 579 1327 Vulgo
601 1287 683 1318 enim
705 1287 747 1318 ita
766 1293 848 1318 crat:
870 1299 945 1319 nnec
963 1288 1181 1327 dissimulabo,

227 1346 313 1390 quod
347 1359 456 1378 monas
486 1348 729 1379 retractantibus
755 1360 853 1379 unum
878 1349 982 1379 solum
1014 1349 1083 1391 ipsa
1110 1360 1182 1379 esse

227 1408 266 1438 ab
295 1419 330 1438 ca
357 1413 451 1450 atque
475 1415 578 1439 cetera
608 1409 796 1451 procreari«

300 1470 521 1515 seminarium]
549 1471 749 1503 Jambtichus
770 1472 822 1514 (ad
843 1472 968 1506 Nicon),
991 1484 1021 1515 p.
1039 1473 1083 1503 12
1098 1472 1182 1503 Ten-

228 1530 321 1574 nul.):
344 1528 410 1565 citff'
441 1529 565 1577 αὐτῆς
586 1530 658 1578 γὰρ
682 1529 737 1571 ὠς
762 1529 840 1566 ἀπὸ
865 1532 1086 1578 σπέρματος
1117 1530 1181 1567 καὶ

228 1591 355 1628 ι’τὶὸιόυ
389 1594 501 1641 ῥίζης
536 1596 596 1641 ἑῷ
626 1592 806 1641 ἑκάτερον
832 1592 1183 1635 ἀντιπεπονθότως

229 1653 417 1695 αὔξονται
444 1657 480 1690 οἱ
506 1653 615 1700 λόγοι
632 1669 664 1689 κ.
683 1667 716 1690 τ.
735 1656 768 1689 λ.

304 1718 524 1762 absconditur]
541 1719 667 1750 Sensus
684 1720 807 1750 xideun·
820 1720 981 1763 postulare
995 1720 1183 1751 absumitur.

231 1780 393 1812 Gnmu—
428 1782 517 1812 Idem
550 1782 681 1823 margini
708 1783 875 1826 adscripsit
895 1783 975 1814 alios
1002 1783 1108 1824 legere
1133 1795 1183 1814 as-

231 1842 394 1881 cenditur,
422 1843 508 1885 quod
528 1843 620 1874 ctiam
647 1843 678 1874 in
700 1844 886 1875 Monacensi
909 1850 1045 1888 utroque
1064 1850 1184 1883 exstat3

233 1903 289 1935 sed
307 1904 448 1934 mutandi
474 1916 568 1935 causa
593 1917 656 1935 non
686 1912 831 1948 appareto
863 1907 1012 1949 quoniam
1035 1907 1185 1937 abscondi

233 1966 397 1996 commode
426 1965 577 2008 explicari
612 1972 718 2009 potest
750 1969 872 2009 pez-ire,
915 1969 1074 2006 occidere„
1112 1980 1184 1998 eva-

234 2039 372 2059 nescere.
401 2028 525 2057 Sensus
553 2033 617 2067 cst,
646 2034 830 2070 perpetuumu
853 2041 923 2059 esse
950 2036 1107 2073 oportere,
1140 2029 1186 2060 nl-

236 2097 280 2121 tra
301 2102 393 2132 qnam
418 2090 588 2121 minuendo
609 2091 782 2133 procedere
809 2104 871 2123 non
899 2092 1067 2135 possimus.
1100 2093 1186 2124 Con-

236 2156 280 2184 ser
303 2154 502 2184 Moderatum
519 2159 581 2196 (³1).
602 2154 693 2184 Stoln.
709 2155 746 2185 Τ.
764 2155 789 2189 l„
817 2168 845 2197 p.
866 2156 938 2197 18):
958 2153 1044 2200 ἥτις
1064 2167 1188 2198 μειου-

235 2217 354 2257 aaron
369 2214 440 2248 τοῦ
456 2210 641 2259 πλήθους
661 2212 758 2249 κατὰ
774 2214 847 2261 τὴν
862 2214 1069 2262 ὑφαίρεσιν
1094 2225 1188 2250 παν·

235 2276 301 2317 τὸς,-
327 2274 496 2323 (Egit-9110&
528 2279 757 2324 στερηθεῐσα
787 2277 912 2324 μονήν
939 2291 980 2314 τε
1011 2277 1072 2313 καὶ
1105 2276 1189 2314 στά-

237 2342 295 2373 σιν
323 2334 517 2381 λαμβάνει.

307 2400 532 2446 menum-alum]
576 2401 713 2433 Codices
754 2403 1042 2443 Reielicnanensis,
1076 2403 1189 2434 Darm-

237 2466 415 2501 ⁴-tattensis,
441 2470 473 2496 ct
496 2465 699 2497 Monacensis
725 2471 855 2508 uterque
874 2468 1092 2507 nominatum,-
1123 2477 1189 2498 nou

237 2540 379 2561 necesse.

1305 1159 1438 1204 idealis]
1476 1161 1565 1192 Unus
1592 1159 1645 1190 ille
1675 1159 1828 1203 solusque
1859 1171 1895 1192 ac
1924 1171 2066 1191 summus
2092 1160 2182 1202 deus,

1235 1233 1331 1265 quem
1347 1221 1529 1265 Appulejus
1550 1221 1827 1253 ultramuudanum
1843 1222 1992 1265 appellat,
2013 1234 2052 1253 ex
2070 1221 2185 1254 doctri-

1233 1298 1273 1317 na
1303 1285 1449 1316 Platonis
1485 1291 1535 1316 est
1575 1287 1642 1327 ipsa
1677 1287 1804 1323 unitas,
1837 1296 1854 1315 a
1885 1297 1946 1328 qua
1976 1297 2074 1316 unum
2100 1286 2186 1329 quod

1234 1349 1359 1379 exsistit
1381 1348 1600 1390 progreditur,
1632 1360 1713 1390 quae
1745 1353 1778 1379 et
1810 1359 1902 1379 omne
1928 1348 2058 1379 deorum
2086 1360 2186 1390 genus

1233 1411 1473 1454 progeneravit,
1501 1416 1564 1441 tam
1591 1410 1806 1452 intelligibile,
1838 1423 1933 1454 quam
1959 1411 2187 1453 intellectuale,

1234 1473 1321 1516 quod
1360 1472 1650 1515 supranmudanmn
1691 1476 1756 1511 est,
1795 1477 1827 1503 et
1855 1472 1940 1516 quod
1977 1474 2187 1515 mundanum,

1234 1534 1459 1565 coelicolarum
1490 1545 1603 1576 nempe
1633 1533 1774 1565 deorum.
1805 1533 1918 1565 Um'tas
1945 1534 1999 1565 illa
2028 1541 2100 1567 ante
2121 1547 2187 1567 om·

1235 1595 1286 1626 nia
1311 1595 1406 1626 entia.
1433 1594 1487 1625 Ab
1514 1594 1633 1625 unitate
1659 1594 1754 1635 igitur
1775 1595 1828 1626 illa
1851 1595 1917 1626 site
1945 1596 1984 1626 ab
2010 1608 2074 1627 uno
2102 1597 2186 1629 solo-

1236 1671 1297 1702 que
1329 1658 1389 1688 deo
1421 1658 1601 1701 profluxere
1630 1658 1672 1688 dii
1702 1658 1801 1700 primo
1829 1656 1964 1702 νοηῒοὶ,
1987 1664 2017 1689 et
2039 1657 2185 1705 νοεροὶ,

1235 1716 1484 1765 ὑπερκόόμιοι
1510 1724 1542 1749 et
1576 1715 1778 1763 ἑγκόόμιοι.
1820 1720 1957 1750 Procles
1979 1732 2045 1763 cap.
2063 1721 2093 1751 Χ
2116 1721 2189 1753 libri

1237 1783 1339 1826 primi:
1366 1782 1447 1816 »ιῖνα
1469 1774 1540 1816 οὖν
1561 1777 1790 1820 συνελόντες
1814 1782 1989 1825 εἴπωμεν,
2017 1780 2062 1817 τὸ
2086 1780 2128 1818 ἓν
2143 1781 2190 1818 ὂν

1235 1841 1384 1890 πρόεισι
1418 1841 1487 1886 μὲν
1515 1839 1594 1876 ἀπὸ
1623 1842 1695 1888 τῆς
1733 1839 1870 1882 ἑνάὸος
1898 1844 1970 1888 τῆς
2005 1842 2083 1890 πρὸ
2109 1845 2190 1881 τῶν

1236 1903 1380 1938 ὄντων·
1411 1902 1494 1937 πᾶν
1523 1902 1563 1938 δὲ
1595 1900 1639 1937 τὸ
1680 1904 1794 1937 θεῖον
1825 1902 1941 1949 γένος
1971 1902 2187 1954 ἀπόγεννᾷ,

1237 1963 1282 2000 τό
1301 1977 1342 1999 τε
1364 1962 1523 2010 νοητὸν,
1548 1962 1611 1998 καὶ
1630 1961 1674 1998 τὸ
1691 1962 1838 2010 roseln),
1864 1963 1927 1999 καὶ
1952 1964 1997 1999 τὸ
2022 1964 2188 2012 ὑπερθυ-

1237 2023 1388 2074 ράαίον,
1418 2024 1481 2060 καὶ
1509 2023 1554 2060 τὸ
1586 2025 1705 2071 μέχρι
1735 2026 1815 2060 τῶν
1842 2027 2057 2072 ἐγκοσμὶων
2080 2037 2188 2074 προε-

1240 2084 1449 2133 ληλυθόςμ(
1468 2087 1610 2119 sums.
1628 2088 1731 2130 (epist.
1758 2088 1797 2118 ad
1824 2089 1952 2129 Menag.
1976 2101 2006 2131 p.
2023 2088 2094 2130 21).

1311 2163 1411 2182 unum
1439 2149 1550 2194 deum]
1588 2151 1693 2181 [1111111
1726 2151 1852 2193 quidem
1886 2151 1977 2180 (lcum
2008 2151 2189 2196 philosophi

1240 2214 1427 2253 credebant,
1453 2214 1509 2244 sed
1535 2214 1629 2244 variis
1647 2225 1719 2244 cum
1742 2212 1922 2244 nominibus
1942 2214 2093 2258 varioque
2112 2228 2190 2249 sexu

1241 2277 1443 2321 appellabant
1461 2277 1553 2318 juxta
1579 2276 1668 2307 illum
1685 2287 1777 2306 usnm
1791 2275 1911 2307 Valerii
1927 2276 2190 2311 Sorani.G1.058A

1238 2341 1322 2385 (eod.
1339 2341 1466 2371 Monac.
1487 2339 1538 2380 Ε).

1312 2402 1397 2432 ultra
1425 2398 1517 2443 nihil]
1552 2399 1646 2429 Nihil
1675 2399 1759 2441 apud
1786 2399 1934 2431 Grotium
1965 2413 2023 2444 per
2052 2413 2191 2435 errorem

1239 2462 1390 2493 omissum
1409 2461 1477 2504 ipso
1494 2465 1643 2491 monente
1660 2460 1796 2496 restitui.
1825 2461 1978 2494 Ceterum
1997 2462 2191 2497 Aristoteles

1240 2523 1294 2555 ubi
1317 2524 1396 2555 haec
1418 2521 1534 2553 dixerit
1560 2521 1681 2563 ignoro.
