2310 2860
125 645 215 685 595

798 129 995 169 Martiani
1037 129 1236 184 Capellae
1276 129 1347 169 lib.
1374 130 1446 171 VI.
1486 133 1514 181 ᾗ.
1540 132 1641 172 594.

254 133 344 177 458

255 242 422 281 Limam
471 236 600 277 noetis
643 234 829 276 secunda
868 234 976 275 hora
1022 234 1222 275 defecisse
1271 236 1444 276 Servius
1490 237 1651 277 Nobilis
1692 240 1732 278 in
1773 239 1928 280 Arabia
1969 242 2204 291 nunciavit,

254 319 373 375 quod
410 319 452 358 in
492 317 630 358 Sicilia
668 317 711 357 in
748 326 921 357 exortus
961 317 1090 372 primi
1129 316 1354 372 splendore
1397 327 1693 373 conspeetum3
1738 319 1919 374 Alpiano
1956 331 1994 361 et
2033 323 2204 374 Fonteio

253 398 495 440 consulibus
536 397 762 438 undecimo
802 397 1018 438 Kalendas
1055 398 1190 450 Maias
1233 398 1420 439 defectus
1463 399 1568 439 Solis
1612 399 1710 451 fuit,
1763 401 1839 455 qui
1883 401 1926 441 in
1971 401 2202 457 Campania

251 479 358 520 hora
395 477 477 519 diei
520 478 699 533 septima
748 477 861 519 visus
907 477 949 517 in
989 477 1195 519 Armenia
1241 478 1434 533 ejusdem
1479 479 1561 520 diei
1610 480 1836 522 undecima
1879 483 2203 538 comprobatum

254 560 371 615 quod
395 560 555 601 factum
581 569 640 600 est
663 560 812 614 utique
831 558 1038 614 sphaerae
1067 560 1246 601 circuitu
1272 575 1412 601 moras
1437 576 1512 615 per
1532 561 1714 602 inflexus
1734 562 2000 603 rotunditatis
2025 563 2202 605 subinde

251 643 451 684 variante.
510 643 710 698 Denique
740 642 832 697 ipsa
866 656 989 692 vasa,
1022 656 1133 696 quae
1164 641 1400 697 horoscopa
1432 642 1500 682 vel
1528 641 1746 698 horologia
1777 653 2094 695 memorantur,
2125 658 2201 699 pro

246 724 442 766 locorum
483 724 795 766 diversitatibus
829 724 1054 764 immutata
1095 733 1433 779 componuntur,
1481 724 1650 779 alioque
1684 740 1895 779 gnomone
1928 725 2038 766 ultra
2073 725 2201 780 quin-

246 814 369 859 genta
403 805 535 846 stadia
575 805 893 856 discernuntur,
938 804 1103 845 umbris
1140 819 1218 859 pro
1255 804 1450 844 locorum
1488 814 1559 845 aut
1600 805 1851 846 elationibus
1886 807 2003 847 celsis
2026 815 2109 846 'aut
2137 806 2202 846 in—

244 886 536 927 clinationibus
567 886 777 927 infimatis.
828 887 940 927 Hinc
970 895 1029 926 est
1060 884 1177 940 quod
1208 885 1250 925 in
1282 885 1428 925 Meroe
1458 884 1724 940 longissimus
1757 886 1844 927 dies
1876 886 2102 927 duodecim
2129 900 2199 926 ae—

244 965 517 1020 quinoctiales
550 966 678 1006 horas
705 975 743 1005 et
767 966 936 1006 alterius
964 965 1126 1005 bessem
1160 974 1292 1015 secat,
1324 965 1613 1005 Alexandriae
1642 965 1984 1020 quatuordecim,
2015 965 2055 1005 in
2080 964 2198 1005 Italia

242 1060 391 1092 ridianos.
419 1060 551 1092 Seruius
575 1059 701 1091 Nobilis
723 1060 825 1103 apud«
851 1065 911 1092 etc.
925 1072 961 1092 ac
982 1060 1097 1091 deinde
1115 1071 1197 1103 quae
1248 1063 1320 1106 plus
1343 1075 1436 1106 quam
1458 1063 1617 1094 dimidiam
1636 1064 1803 1104 gnomonis
1822 1075 2002 1094 mensuram
2028 1062 2140 1101 efficit3
2166 1061 2199 1092 in

243 1123 281 1154 de
304 1125 362 1154 hac
381 1123 558 1154 defectione
583 1128 750 1153 narrantur
774 1135 791 1153 a
808 1122 928 1162 Plinio,
947 1134 982 1153 ca
1000 1122 1114 1153 Servio
1130 1123 1196 1153 No-

241 1185 298 1217 bili
326 1191 453 1217 anetore
485 1185 577 1229 plane
606 1185 825 1217 commenticio
859 1185 1008 1216 venditat.
1034 1185 1194 1216 numus.

240 1248 294 1293 (ad
315 1249 400 1279 Plin.
416 1248 488 1279 hist.
506 1249 540 1288 ⁶2,
569 1249 624 1279 70.
643 1249 713 1292 7⁶2).
728 1267 774 1271 —
786 1247 939 1279 Attamen
958 1248 988 1279 in
1004 1247 1101 1278 Plinii
1115 1260 1194 1291 quo-

239 1321 302 1353 que
330 1309 522 1340 editionibus
552 1315 655 1340 exstat
681 1310 834 1340 Arabiam
858 1321 915 1352 pro
936 1310 1072 1346 Arbela,
1107 1309 1192 1352 quod

239 1383 280 1403 ex
304 1370 365 1402 alio
388 1371 513 1401 demum
541 1370 683 1411 ejusdem
705 1370 777 1401 loco
800 1371 853 1413 (6,
881 1371 942 1410 12,
974 1371 1030 1412 16)
1053 1370 1192 1401 editores

237 1433 385 1466 nonnulli
409 1438 631 1473 correxerunt5
660 1439 695 1464 ut
713 1438 863 1477 appareat
879 1433 1088 1464 inveteratum
1105 1445 1191 1464 men-

236 1497 310 1529 dum
339 1508 421 1528 esse.
460 1496 607 1530 Servium
635 1496 785 1528 Nobilem
811 1496 920 1541 utique
942 1496 1100 1529 Martiano
1130 1496 1191 1528 soli

234 1558 455 1602 relinquimus,

307 1620 460 1665 Αἱρὶιιηο]
488 1621 629 1652 Plinius:
661 1619 769 1652 »Solis
791 1620 948 1652 desectum
980 1621 1136 1663 Vipsania
1158 1626 1190 1652 et

235 1684 372 1726 Fontejo
392 1685 488 1717 Coss.
506 1684 561 1727 qui
581 1685 669 1714 suere
688 1688 760 1714 ante
783 1695 902 1726 paucos
927 1695 1043 1721 annos,
1072 1684 1188 1715 sactum

233 1746 334 1787 pridie
364 1745 527 1776 Kalendas
552 1745 670 1785 RIujas,
704 1744 878 1787 Campania
909 1745 986 1775 hora
1019 1744 1081 1775 diei
1107 1745 1188 1775 inter

235 1809 400 1853 septimam
417 1815 449 1840 et
471 1814 612 1839 octavam
634 1807 769 1847 sensit«,
797 1807 882 1851 quod
904 1812 934 1838 et
951 1808 1080 1838 Tacitus
1101 1808 1188 1850 (ann.

238 1871 292 1909 14,
315 1870 372 1912 12)
390 1870 502 1901 iisdem
527 1869 712 1901 consulibus
737 1869 852 1900 sactum
872 1869 985 1909 resert3
1014 1869 1070 1900 sed
1088 1881 1186 1912 quum

233 1931 413 1972 ambiguum
437 1931 492 1970 sit,
538 1935 642 1962 utrum
673 1931 866 1973 Vipsanium
898 1942 935 1961 an
962 1931 1186 1973 Apronianum

232 1994 463 2026 restituendum
495 1993 550 2033 sit,
590 1994 676 2037 quod
710 1993 796 2024 illius
826 1993 858 2024 in
887 1994 976 2024 fastis
1009 2006 1186 2035 cognomen

233 2062 297 2095 cst,
323 2055 402 2087 nihil
423 2055 506 2097 apud
525 2060 668 2085 nostrum
688 2054 830 2097 quamvis
847 2060 1030 2098 corruptum
1053 2055 1187 2095 mutavi3

232 2119 340 2163 Blajas
364 2123 487 2149 tantum
519 2129 535 2148 e
565 2117 674 2149 codice
704 2117 961 2149 Reichenaucnsi
991 2118 1103 2162 scripsi
1128 2130 1185 2162 pro

232 2181 318 2224 Maji
338 2179 371 2210 in
396 2178 500 2210 editis.

307 2238 464 2287 denique]
479 2239 561 2270 Item
581 2250 598 2270 e
619 2238 741 2279 Plinio,
767 2239 819 2282 qui
841 2241 892 2281 (2,
920 2241 982 2280 72,
1003 2241 1078 2284 74):
1101 2241 1184 2273 »Va-

233 2316 367 2350 naque«,
395 2303 520 2342 scribit,
555 2303 749 2345 »horoscopa
767 2315 829 2333 non
854 2304 969 2346 ubique
987 2305 1095 2335 eadem
1112 2310 1185 2335 sunt

233 2365 321 2406 usui,
353 2365 385 2396 in
412 2363 561 2396 trecentis
598 2363 724 2403 stadiis,
759 2369 827 2398 ant,
857 2370 890 2394 nt
921 2365 1121 2407 longissime,
1152 2366 1185 2397 in

234 2427 415 2470 quingentis
443 2424 638 2456 mutantibus
670 2430 771 2455 semet
803 2426 921 2456 umbris
947 2426 1044 2458 Solis.
1072 2428 1184 2470 Itaque

234 2491 389 2530 umbilici,
417 2501 512 2533 quem
531 2500 721 2531 gnomonem
743 2488 918 2532 appellant,
940 2490 1050 2522 umbra
1071 2491 1102 2522 in
1120 2490 1184 2522 Ae-

234 2559 330 2598 gypto
363 2552 535 2584 meridiano
571 2558 729 2597 tempore,
764 2552 954 2596 aequinoctii
986 2553 1053 2595 die,
1087 2553 1182 2599 paulo

1249 1126 1326 1156 urbe
1349 1127 1452 1157 Roma
1473 1137 1557 1157 nona
1582 1139 1655 1169 pars
1682 1127 1850 1167 gnomonis
1869 1127 1960 1157 deest
1984 1126 2133 1164 umhrae3
2165 1124 2196 1155 in

1247 1187 1364 1230 oppido
1392 1186 1528 1218 Ancone
1561 1193 1708 1230 superest
1734 1187 1844 1230 quinta
1869 1187 2006 1226 decima3
2046 1186 2079 1218 in
2107 1192 2195 1230 parte

1244 1248 1373 1287 Italiae,
1397 1260 1477 1292 quae
1495 1248 1632 1280 Venetia
1654 1249 1847 1291 appellatur,
1881 1248 2000 1279 eisdem
2024 1247 2111 1278 horis
2130 1260 2194 1279 um-

1243 1310 1298 1340 bra
1322 1309 1471 1349 gnomoni
1492 1321 1549 1352 par
1570 1310 1632 1339 fita«
1667 1310 1757 1339 llaec
1776 1309 1845 1339 ille:
1864 1310 2009 1339 coni'erns
2037 1320 2122 1340 nunc
2144 1321 2195 1340 xe-

1243 1370 1297 1401 lim
1322 1370 1406 1401 inter
1437 1382 1471 1401 se
1496 1376 1649 1413 utrosque
1675 1376 1830 1402 auctores.
1863 1370 2014 1402 Ceterum
2034 1371 2197 1414 lwroloyia

1243 1432 1355 1475 scripsi
1386 1444 1445 1476 pro
1480 1433 1661 1476 lior-oloyica
1697 1444 1714 1463 e
1751 1432 1914 1464 codicibus
1947 1432 2194 1464 Monacensibus

1242 1493 1295 1538 (A.
1313 1494 1365 1537 C).
1391 1494 1441 1525 De
1460 1494 1538 1538 ipsis
1558 1494 1769 1536 gnomonibus
1788 1496 1898 1527 confer
1917 1495 2101 1527 Martinium
2119 1496 2194 1538 (von

1241 1558 1303 1589 den
1326 1557 1563 1590 Sonnenuhren
1581 1559 1637 1590 der
1653 1558 1769 1599 Alten,
1794 1559 1882 1603 Lips.
1905 1558 2024 1601 1777).

1312 1641 1481 1687 infimatis]
1509 1643 1557 1673 lta
1582 1643 1663 1674 infra
1689 1643 1730 1687 (ἓ.
1751 1645 1824 1675 867
1841 1643 1878 1684 f.)
1907 1643 2091 1684 infimatur5
2131 1653 2192 1673 vox

1239 1705 1402 1748 Appulcjo
1434 1706 1595 1737 familiaris
1623 1706 1710 1750 (met.
1738 1708 1774 1746 1,
1800 1719 1830 1750 p.
1849 1707 1914 1740 582
1949 1706 1987 1736 de
2010 1706 2070 1737 deo
2099 1705 2191 1738 Son-r.

1238 1782 1270 1813 p.
1290 1770 1358 1800 127
1387 1769 1498 1811 oud).

1311 1842 1385 1873 hinc
1410 1840 1477 1886 est]
1510 1840 1564 1872 Ad
1596 1841 1726 1873 verbum
1758 1842 1824 1873 fere
1858 1853 1939 1885 quae
1973 1847 2151 1886 sequnntur
2175 1853 2191 1872 e

1236 1905 1344 1936 Plinio
1364 1910 1467 1936 sumta
1489 1911 1578 1946 sunt,
1601 1917 1693 1948 quem
1711 1906 1763 1948 (2,
1786 1906 1848 1944 75,
1872 1904 1932 1947 77)
1951 1905 2034 1944 vide,
2060 1910 2092 1937 et
2111 1905 2190 1936 adde

1237 1967 1283 1998 rei
1307 1966 1446 2008 agrariae
1467 1972 1613 1998 auctores
1628 1966 1671 2009 (p.
1690 1967 1759 1998 Υ174
1777 1966 1824 1997 ed.
1837 1965 1941 1997 Amst.
1955 1966 2065 2009 1674)
2079 1967 2186 1998 Vitru-

1238 2030 1386 2073 viumque
1420 2031 1477 2074 (9,
1514 2031 1551 2070 13
1585 2043 1614 2073 p.
1639 2030 1709 2061 261
1741 2030 1832 2073 Bip.)
1857 2035 1889 2061 et
1913 2029 2018 2074 ipsum
2044 2034 2187 2060 nostrum

1237 2091 1278 2136 (ἓ.
1302 2092 1400 2134 875).
1437 2091 1646 2123 Aeeuratiora
1672 2091 1726 2135 qui
1757 2091 1915 2122 desiderat
1941 2091 2033 2122 adeat
2055 2089 2186 2122 Strabo-

1237 2168 1309 2187 nem
1331 2155 1384 2198 (9.,
1404 2167 1435 2198 p.
1453 2155 1546 2197 155).

1311 2229 1433 2275 RIeroc]
1461 2231 1626 2263 Nearchus
1645 2230 1728 2273 apud
1749 2228 1920 2261 Aru-{auum
1942 2230 2027 2274 (hist.
2044 2229 2112 2262 lud.
2126 2231 2186 2268 23,

1235 2306 1266 2337 Ι).
1284 2293 1353 2324 601
1383 2289 1499 2335 Raph.)
1527 2297 1637 2323 auctor
1666 2296 1716 2322 est
1741 2290 1790 2322 uin
1823 2290 1930 2333 Syene
1961 2290 2104 2335 Aegypti
2128 2303 2184 2334 pu-

1235 2361 1321 2388 teum
1345 2355 1471 2386 ostendi
1499 2354 1553 2398 qni
1580 2359 1722 2397 tempore
1754 2353 1883 2385 solstitii
1913 2354 2025 2386 aestivi
2053 2354 2183 2385 meridie

1235 2419 1355 2451 nullam
1387 2417 1481 2449 saciat
1511 2417 1670 2456 umbi-anu
1707 2417 1740 2448 in
1769 2417 1880 2449 Meroe
1912 2429 2040 2462 quoque
2071 2417 2182 2450 eodem

1236 2480 1309 2514 anni
1333 2484 1474 2523 tempore
1499 2478 1602 2509 nullas
1627 2478 1752 2509 umbras
1774 2479 1868 2509 ssei-im

1308 2551 1406 2597 secat]
1433 2551 1565 2583 Retraxi
1589 2563 1606 2582 e
1629 2550 1767 2593 margine
1789 2551 1960 2591 Grotiana,
1986 2550 2178 2596 adstipulan-
