2310 2860
161 642 218 684 64
228 642 247 681 1

277 132 369 178 522

822 122 1021 165 Martiani
1060 120 1259 178 Capellae
1296 119 1369 161 lib.
1392 118 1468 162 VI.
1507 122 1536 172 ᾗ.
1560 121 1666 161 640.

283 251 452 281 amnem
494 246 614 275 mons
644 229 836 272 Vesulus
876 229 984 270 inter
1021 237 1183 269 montes
1213 226 1388 283 Alpium
1430 226 1576 269 elatior
1605 227 1731 282 gignit
1761 227 1874 268 fonte
1905 230 2110 282 mirabili,
2155 230 2231 284 qui

281 323 321 361 in
354 319 562 372 Ligurum
601 312 755 354 finibus
793 310 958 352 flumen
990 319 1123 361 creat,
1171 324 1220 350 ae
1249 308 1404 350 dehine
1432 308 1593 350 fluvius
1623 323 1789 349 mersus
1827 308 1869 348 in
1901 311 2039 363 penita
2069 310 2232 351 telluris

281 399 321 439 in
355 406 470 453 parte
508 394 594 450 agri
625 392 881 435 Vibonensis
922 391 1117 446 emergit,
1163 389 1276 431 canis
1318 399 1414 431 ortu
1454 388 1661 430 diffusior.
1725 389 1839 430 Nam
1880 388 2026 429 solutis
2053 390 2229 446 Alpium

280 478 471 528 nivibus,
521 474 741 531 flagrantia
772 473 877 514 Solis
909 472 1054 514 aestivi
1085 471 1290 512 exuberat
1329 472 1440 513 ultra
1470 471 1642 527 gurgitis
1672 471 1808 526 ripas,
1851 470 2045 525 nullique
2075 471 2232 525 gloriae

280 558 487 598 nobilium
515 555 709 596 amnium
734 552 907 604 cedens,
937 553 1104 609 triginta
1133 551 1310 607 receptis
1339 551 1614 604 fluminibus,
1644 551 1908 593 Adriaticum
1934 566 2056 592 mare
2078 565 2231 607 magna

282 638 450 693 opimus
479 635 711 692 granditate
744 633 974 689 perfundit.
1034 633 1185 674 Cetera
1215 632 1360 672 Italiae
1391 632 1669 674 memoranda
1699 648 1778 674 nee
1811 636 1959 688 poetae
1988 641 2147 683 tacent,
2186 642 2233 674 ut

281 720 525 775 Scyllaeum
561 717 769 773 oppidum
809 731 910 757 eum
942 714 1164 757 Crataeide
1202 714 1403 764 flumine,
1449 728 1561 768 quae
1592 713 1758 768 Scyllae
1796 723 1933 755 mater
1971 713 2072 764 fuit,
2116 712 2233 754 Cha-

281 800 518 857 rybdisque
548 799 794 854 voraginem
828 813 875 839 ac
906 798 1153 853 vertiginem
1187 805 1443 845 tortuosam3
1487 794 1690 836 Paestana
1721 795 1903 846 rosaria,
1939 794 2136 850 scopulos
2166 795 2232 835 Si-

280 895 505 922 renarum:
537 880 579 921 in
612 879 871 935 Campaniae
911 877 1100 919 amoenis
1132 875 1363 930 antiquitus
1391 890 1594 927 nemora,
1638 876 1858 932 Phlegraei
1894 876 2048 918 dehinc
2078 877 2232 933 campi,

358 994 563 1040 Vibonensis]
592 995 665 1027 Hoc
688 1007 705 1026 e
725 992 839 1027 Solino
865 999 896 1025 et
918 993 1057 1034 margine
1076 991 1231 1024 Grotiana

279 1060 400 1104 recepi,
436 1072 495 1091 nec
532 1059 664 1103 reliquis
696 1058 858 1091 codicibus
889 1057 1137 1098 refragantibus,
1175 1055 1232 1099 qui

279 1122 469 1153 Bibonensis
505 1121 659 1164 praebent
688 1120 836 1151 sollemni
859 1118 1048 1151 confusione
1078 1117 1163 1160 (vide
1191 1116 1230 1147 ad

279 1182 309 1227 ξ.
326 1183 397 1225 25).
423 1182 533 1223 Vulgo
558 1182 723 1219 Vibienis,
749 1180 832 1211 unde
850 1178 1027 1211 Salmasius
1050 1178 1101 1221 (ad
1126 1177 1230 1209 Solin.

278 1257 308 1288 p.
324 1244 385 1286 84)
409 1244 571 1275 Vibiensis
594 1242 794 1273 scribendum
811 1241 956 1282 conjecit,
982 1253 999 1272 a
1016 1241 1100 1271 Foro
1125 1240 1231 1279 Vibii,-

277 1305 496 1338 Vibonenscm
522 1304 604 1335 enim
627 1315 736 1344 agrum
760 1303 793 1333 in
812 1302 903 1333 Italia
924 1302 1047 1332 nullum
1075 1313 1147 1332 esse
1168 1301 1230 1332 nisi

276 1368 331 1412 qui
354 1380 371 1399 a
399 1368 522 1399 Vibone
548 1367 701 1397 Valentia
730 1365 864 1397 dicatur.

349 1426 483 1471 opimas]
510 1427 622 1458 Lectio
641 1427 673 1457 in
687 1425 968 1467 Norimbergensis
991 1425 1064 1456 libri
1087 1424 1229 1465 margine

274 1494 382 1519 notata
404 1500 516 1531 opam5
546 1487 645 1528 male,
666 1487 741 1520 licet
759 1488 905 1531 opimitas
922 1486 1019 1518 fluvio
1043 1486 1228 1530 neutiquam

274 1557 346 1596 apte
368 1551 534 1583 tribuatur.

346 1611 538 1656 Crataeide]
571 1611 708 1643 Ovidius
744 1611 887 1654 Scyllam
924 1610 1094 1643 Crataeide
1121 1616 1228 1642 natam

273 1674 385 1713 refert,
412 1679 444 1704 et
464 1674 627 1704 Homerus
655 1671 748 1702 dixit:

329 1730 539 1779 »ιΗραταιὶν
562 1730 708 1777 μητέρα
734 1728 933 1776 wulfine«

273 1796 505 1829 substituenda
524 1795 631 1838 itaque
655 1796 714 1825 boc
733 1794 804 1825 loco
825 1795 901 1826 MS.
920 1795 1019 1825 nostri
1036 1795 1131 1825 lectio
1147 1795 1225 1826 Cra-

273 1859 375 1890 taeide
402 1858 556 1901 flamine,
584 1868 665 1903 quae
689 1855 813 1897 Scyllae
835 1862 937 1887 mater
958 1856 1033 1898 snit.
1053 1856 1157 1887 Guor.
1177 1874 1224 1879 ——-

271 1921 310 1952 Iu
331 1921 424 1952 editis
448 1920 532 1950 enim
556 1925 622 1950 erat
643 1920 699 1965 qui
718 1918 842 1960 Scyllae
855 1925 966 1961 paler-5
993 1919 1049 1949 sed
1067 1919 1223 1951 Grotiano

272 1983 375 2017 codici
399 1983 553 2015 accedunt
574 1982 787 2013 Monaeenses
810 1980 864 2024 (Α.
882 1982 922 2024 C)
942 1988 973 2012 et
992 1982 1223 2013 Darmstatten-

271 2045 326 2077 sis.
353 2045 473 2078 Confer
489 2044 665 2074 Homerum
684 2042 818 2085 (OdySS.
835 2043 891 2081 12,
911 2044 957 2074 83
978 2049 1009 2074 et
1030 2044 1112 2086 124)
1133 2055 1221 2087 prae-

270 2116 422 2152 tereaque
440 2107 632 2139 Salmasinm
655 2106 700 2148 (in
721 2105 824 2136 Solin.
845 2118 874 2148 p.
893 2106 954 2149 82)
978 2106 1124 2150 virosque
1149 2107 1223 2138 doc-

270 2176 323 2202 tos
344 2170 384 2201 acl
403 2168 556 2201 Ovidium
582 2167 635 2210 (T.
656 2166 704 2206 Π,
729 2179 760 2209 p.
775 2167 848 2198 91ss
868 2167 1000 2209 Burni).
1035 2168 1223 2199 Lectioncm

268 2231 405 2265 Siletmn
434 2241 493 2274 pro
515 2228 696 2270 Scyllaeum
724 2227 856 2268 margini
882 2227 1057 2260 Grotianae
1083 2229 1221 2273 adscrip-

270 2300 352 2334 tam,
385 2298 418 2324 et
447 2292 602 2325 Graeeide
626 2302 684 2334 pro
714 2290 882 2322 Crataeide
907 2292 938 2322 in
965 2293 1129 2324 codicibus
1152 2294 1221 2325 Μο-

270 2356 464 2389 nacensibus
486 2365 749 2387 commemorasse
773 2354 915 2385 sufficiet.

344 2417 482 2463 rosaria]
499 2417 654 2450 Certatim
674 2429 691 2448 a
707 2417 812 2460 poetis
827 2417 899 2448 inde
919 2429 935 2448 a
950 2417 1087 2458 Virgilio
1102 2418 1223 2461 (georg.

271 2481 311 2519 4,
339 2481 424 2523 119)
452 2479 562 2511 »bifori
590 2480 715 2510 rosaria
738 2478 866 2510 Paesti«
898 2479 1109 2512 celebrantur.
1140 2480 1220 2511 Pro-

272 2543 391 2590 pertius
414 2543 467 2587 (4,
495 2544 533 2583 5,
560 2541 639 2585 59)=

1340 989 1440 1020 »Vidi
1457 1001 1514 1032 eqo
1537 990 1662 1020 odorati
1681 991 1807 1021 victura:
1830 989 1950 1021 rosaria
1971 989 2112 1021 Paesti-t·

1281 1050 1438 1083 Martialis
1463 1050 1543 1093 (12,
1571 1047 1650 1095 51)Ϊε

1339 1124 1524 1170 »Prataque
1547 1135 1607 1156 nec
1630 1123 1731 1167 bifero
1758 1135 1888 1155 cessura
1909 1123 2031 1156 rosaria
2055 1123 2208 1155 Paesto«.

1281 1183 1462 1218 Columella
1485 1185 1538 1230 (de
1561 1196 1596 1216 re
1619 1190 1699 1216 rust.
1717 1186 1779 1225 10,
1802 1185 1880 1228 57):

1337 1261 1543 1292 »IVascanlur
1555 1261 1654 1304 flores
1676 1262 1850 1307 Paestique
1872 1260 1993 1291 rosaria
2013 1264 2197 1304 gemmeum

1278 1334 1445 1366 Ausonius
1467 1335 1565 1378 (idyll.
1586 1335 1648 1375 14,
1676 1334 1751 1377 11):

1337 1411 1438 1442 »Vidi
1460 1411 1622 1442 Paestano
1643 1411 1783 1455 (sandei-e
1805 1410 1927 1442 rosaria
1948 1412 2065 1443 eulina·

1354 1484 1567 1530 Campaniae]
1600 1485 1777 1518 Salmasius
1808 1486 1850 1530 (p.
1876 1485 1938 1529 85)
1968 1485 2074 1517 locum
2100 1484 2185 1515 hune
2211 1494 2230 1514 e

1278 1546 1394 1580 Solino
1413 1549 1457 1581 ita
1486 1549 1599 1591 refingi
1627 1549 1710 1581 vult:
1738 1549 1831 1581 »hinc
1853 1549 2048 1593 Campaniae
2073 1546 2228 1579 amoenis-

1278 1609 1350 1640 simi
1374 1615 1510 1650 tractus,
1541 1611 1729 1651 Phlegraei«
1755 1616 1830 1651 cet.,
1860 1616 1979 1642 temere
2006 1621 2101 1649 sane,
2131 1619 2229 1651 quum

1277 1672 1356 1703 nihil
1385 1673 1511 1704 codices
1542 1674 1678 1713 varient,
1708 1674 1770 1704 nisi
1796 1673 1882 1716 quod
1909 1685 1966 1716 pro
1992 1684 2122 1704 nennora
2148 1671 2229 1702 alios

1276 1734 1435 1765 Numen-ia
1459 1734 1566 1776 legere
1594 1734 1727 1776 margini
1755 1734 1889 1765 Grotius
1914 1733 2093 1777 adscripsit.
2132 1732 2227 1764 Cete-

1275 1806 1344 1825 rum
1368 1795 1406 1826 de
1428 1795 1620 1838 Campaniae
1640 1795 1829 1826 amoenitate
1849 1795 1919 1826 vide
1937 1795 2078 1826 Plinium
2095 1793 2149 1837 (5,
2179 1794 2227 1836 9),

1275 1857 1467 1900 Dionysium
1485 1858 1804 1890 Halicarnassensem
1821 1859 1869 1901 (1,
1888 1871 1917 1901 p.
1932 1858 1980 1889 92
1999 1856 2140 1899 Reisk.),
2163 1857 2227 1888 Po-

1274 1920 1395 1963 lybium
1418 1920 1471 1964 (5,
1496 1920 1574 1962 91),
1608 1920 1800 1952 Strabonem
1827 1922 1880 1964 (ὅ,
1911 1933 1942 1965 p.
1960 1920 2034 1955 242
2058 1919 2225 1961 Casaub.),

1274 1988 1306 2015 et
1328 1983 1458 2013 Florum
1480 1983 1532 2026 (1,
1563 1982 1632 2025 16).

1346 2043 1532 2088 ΡΙιΙι-φπεί]
1561 2043 1688 2075 Plinius
1705 2043 1783 2087 (18,
1807 2043 1866 2082 29,
1893 2043 1942 2085 1)=
1969 2041 2154 2084 »Quantum
2170 2053 2224 2072 au-

1273 2111 1336 2137 tem
1364 2106 1529 2137 universas
1556 2112 1656 2138 terras
1689 2118 1818 2150 campus
1844 2106 2026 2147 Campanus
2054 2105 2223 2144 antecedit,

1273 2173 1393 2200 tautum
1418 2170 1522 2212 ipsum
1550 2182 1623 2212 pars
1651 2169 1736 2210 ejus,
1767 2180 1848 2211 <Illae
1870 2167 2027 2199 Laboriae
2053 2173 2223 2208 vocantur,

1273 2243 1366 2275 quem
1390 2230 1505 2262 Graeci
1528 2232 1742 2273 Plileyraeum
1767 2229 1936 2272 appellant.
1966 2229 2138 2261 Finiuntur
2158 2230 2221 2261 La-

1271 2292 1379 2323 boriae
1404 2291 1453 2322 via
1477 2292 1517 2322 ab
1543 2297 1676 2333 utroque
1700 2291 1796 2320 latere
1815 2290 1989 2330 consulari,
2016 2303 2096 2334 quae
2119 2303 2139 2322 a
2155 2291 2221 2323 Pu-

1271 2353 1366 2385 teolis
1390 2358 1422 2385 et.
1438 2364 1519 2395 quae
1541 2364 1558 2383 a
1581 2351 1692 2384 Cumis
1713 2351 1856 2394 Capuam
1880 2351 1992 2383 ducib«
2031 2352 2126 2384 Adde
2156 2353 2220 2384 Po-

1271 2416 1391 2460 lybium
1422 2416 1474 2459 (2,
1503 2415 1560 2457 17)
1590 2420 1622 2446 et
1651 2415 1690 2446 de
1722 2415 1858 2446 nominis
1891 2415 2012 2457 origine
2043 2416 2220 2447 Diodorum

1271 2477 1416 2511 Siculum
1440 2477 1492 2519 (4,
1520 2477 1577 2507 21.
1601 2478 1634 2515 3,
1660 2477 1720 2520 71)
1740 2482 1771 2507 ct
1788 2476 2025 2520 Apollodorum
2050 2477 2103 2522 (2,
2129 2478 2162 2518 7,
2185 2476 2218 2519 1)

1275 2554 1345 2575 cum
1363 2546 1470 2573 nostra
1490 2545 1563 2572 nota
1588 2540 1743 2585 superiori
1765 2539 1817 2583 (ad
1841 2539 1872 2585 ξ.
1888 2540 1985 2584 425).
