2310 2860
692 153 889 196 Martiani
921 153 1121 211 Capellae
1153 152 1225 196 lib.
1251 151 1326 194 VI.
1358 153 1388 204 §.
1413 152 1512 193 700.

2021 153 2112 194 565

156 262 347 313 Parthia,
376 271 415 303 et
438 260 607 303 Persida
640 261 693 302 ab
725 261 882 301 oriente
917 259 1091 301 flumine
1121 257 1250 308 Indo,
1284 257 1336 299 ab
1361 257 1574 300 occidente
1599 259 1736 314 Tigri,
1773 274 1796 300 a
1826 259 2109 315 septentrione

155 343 303 385 Tauro
325 343 552 394 Caucasio,
588 357 611 384 a
643 342 819 383 meridie
843 342 994 383 Rubro
1027 342 1135 383 mari
1160 341 1464 393 terminantur,
1498 355 1610 396 quae
1640 356 1787 382 omnes
1819 356 1895 397 per
1925 342 2108 397 longitu-

153 426 294 468 dinem
317 435 460 482 patent
482 435 542 467 ter
561 424 698 466 decies
722 424 866 480 viginti
891 423 1024 465 millia
1049 437 1268 479 passuum,
1289 438 1365 478 per
1389 423 1654 465 latitudinem
1672 425 1906 480 octingenta
1930 424 2107 480 triginta.

891 583 970 624 DE
1009 581 1361 623 BABYLONIA.

317 690 398 732 Sed
431 690 672 732 Chaldaeae
701 690 831 746 gentis
862 689 1096 744 Babylonia
1128 697 1256 743 caput
1290 697 1369 739 est,
1412 687 1599 743 denique
1630 688 1809 743 Assyria
1845 698 1883 729 et
1912 688 2111 744 Mesopo—
2146 687 2224 728 701

148 772 276 812 tamia
307 782 480 828 propter
516 772 629 812 illius
669 771 899 811 claritatem
934 770 1168 825 Babylonia
1209 780 1398 811 vocatur.
1463 770 1574 811 Urbs
1607 771 1696 826 ipsa
1728 758 1941 825 sex-aginta
1974 770 2106 811 millia

146 867 352 909 passuum
386 854 519 894 muris
555 853 842 908 amplectitur,
883 852 958 907 qui
990 851 1179 893 ducentis
1214 846 1394 907 pedibus
1425 852 1518 902 alti,
1550 851 1862 906 quinquagenis
1894 851 1963 890 lati
1995 859 2105 900 sunt,

143 935 222 976 nisi
257 935 361 990 quid
397 935 602 990 amplius,
647 949 747 975 nam
779 935 886 975 terni
924 933 1037 988 digiti
1078 933 1250 988 singulis
1288 947 1514 973 mensurae
1549 941 1716 972 nostrae
1751 930 1932 986 pedibus
1966 929 2103 984 appli-

144 1026 307 1057 cantur.
368 1017 485 1057 Haee
514 1017 755 1057 interluitur
785 1016 1026 1071 Euphrate,
1059 1015 1114 1055 ibi
1145 1013 1261 1054 Jovis
1292 1014 1380 1054 Beli
1412 1012 1643 1068 templum,
1686 1011 1760 1066 qui
1792 1013 1986 1051 inventor
2024 1008 2102 1049 fuit

141 1093 384 1149 disciplinae
408 1094 608 1135 sideralis.
651 1095 766 1135 Haec
790 1110 904 1135 nune
933 1095 985 1135 ad
1014 1095 1282 1136 solitudinem
1316 1094 1439 1135 rediit
1470 1094 1702 1135 exhaustae
1729 1093 1960 1132 Seleuciae.
1997 1091 2105 1132 Item

139 1176 181 1216 in
211 1175 328 1216 hunc
366 1189 494 1215 usum
535 1175 659 1216 etiam
701 1175 1018 1232 Ctesiphontem
1062 1178 1182 1217 tertio
1225 1175 1277 1216 ab
1320 1190 1369 1215 ea
1408 1173 1547 1230 lapide
1581 1172 1807 1214 condidere
1839 1172 2007 1222 Parthi,
2057 1186 2104 1211 ae

138 1271 253 1297 nunc
296 1266 425 1313 eaput
465 1272 697 1313 regnorum
744 1266 815 1299 est.

890 1256 1148 1296 Habitantur
1206 1255 1331 1296 etiam
1376 1254 1515 1295 abdita
1559 1254 1814 1308 Aethiopiae
1872 1262 1911 1293 et
1955 1251 2103 1293 adusta
2132 1251 2219 1291 702

137 1337 504 1393 Troglodytarum
537 1347 575 1377 et
606 1337 1032 1392 Ichthyophagorum
1066 1336 1282 1390 gentibus;
1328 1335 1400 1375 sed
1436 1335 1564 1390 primi
1607 1334 1715 1374 feras
1748 1347 1880 1374 cursu
1916 1343 2106 1388 praeter—

136 1427 259 1470 eunt3
292 1418 409 1460 alteri
440 1418 581 1460 nando
607 1419 791 1459 marinas
822 1417 968 1457 beluas
998 1416 1185 1456 vineunt.
1224 1415 1331 1454 Sunt
1362 1424 1401 1454 et
1429 1413 1646 1468 Gorgades
1677 1413 1863 1464 insulae,
1896 1413 2103 1453 obversae

135 1501 429 1556 promontorio
470 1500 587 1555 quod
633 1509 813 1541 vocatur
852 1497 1087 1554 Hesperien
1122 1510 1261 1546 ceras,
1313 1494 1389 1534 has
1429 1493 1651 1533 incoluisse
1683 1494 1903 1548 Gorgonas
1935 1492 2100 1542 ferunt,

133 1579 177 1621 in
207 1594 314 1635 quas
346 1595 371 1622 a
401 1580 628 1621 continenti
672 1579 805 1631 hiduo
848 1578 1084 1633 navigatur.

208 1716 390 1758 oetinqenIa
406 1713 553 1759 trifJinta]
577 1714 616 1745 In
634 1712 803 1744 latitudine
821 1713 880 1744 hae
895 1710 1089 1743 dimetienda

132 1777 254 1810 audior
281 1778 412 1810 denario
438 1777 693 1811 Plinius.Gn01·.

205 1868 350 1899 ducentis
372 1865 525 1911 pedibus]
560 1866 616 1898 Sie
648 1872 679 1897 et
702 1864 829 1897 Plinius
856 1865 904 1907 (6,
931 1863 996 1903 26,
1025 1862 1088 1905 50)

130 1935 162 1961 et
189 1929 324 1979 Solinus
345 1931 437 1975 (56),
463 1930 570 1974 inepta
595 1928 691 1961 lectio
712 1928 746 1960 in
767 1927 910 1970 margine
931 1926 1088 1959 Gratiana

127 1995 284 2038 passibus.

201 2069 380 2101 exhaustae
397 2065 576 2112 Seleuciae]
604 2066 709 2108 Lege:
727 2066 900 2097 »exhausta
922 2076 939 2096 a
970 2062 1084 2096 Seleu-

127 2131 200 2164 ciam
217 2132 377 2165 Gnor.-—
408 2131 550 2162 Plinius:
578 2132 751 2162 »exhausta
780 2128 940 2161 vicinitate
969 2128 1084 2160 Seleu-

127 2194 230 2235 ciae«,
263 2196 350 2239 quod
372 2195 405 2226 in
428 2200 551 2226 textum
578 2193 786 2238 recepissem,
817 2192 845 2224 si
870 2192 954 2224 ullus
981 2192 1083 2225 codex

127 2257 310 2289 addixisset.

201 2328 450 2374 Ctesiphontem]
471 2329 510 2362 In
526 2329 620 2362 editis
644 2330 874 2373 Tesiphontem.
901 2329 989 2370 Lege
1009 2328 1081 2361 Cte-

124 2395 309 2438 siphontem.
344 2393 392 2425 lta
420 2405 531 2424 omnes
561 2399 724 2435 auctores,
749 2393 834 2426 inter
857 2405 939 2438 quos
962 2393 1081 2426 Strabo

124 2463 156 2490 et
176 2457 312 2489 Plinius.
322 2456 485 2489 Gnor.—
503 2455 613 2501 Atque
636 2457 680 2489 ita
697 2457 730 2489 in
750 2457 823 2489 libri
841 2457 937 2489 etiam
954 2457 1079 2490 Nurim-

122 2521 289 2564 bergensis
309 2521 450 2563 margine
473 2526 634 2561 notatum,
659 2521 744 2553 unde
764 2522 880 2566 recepi.

199 2595 379 2641 Gorgades]
405 2595 444 2629 In
461 2595 555 2628 editis
571 2596 757 2642 Gorgones,-
784 2597 840 2630 sed
857 2597 923 2639 jam
944 2594 1079 2629 Grotius

1159 1576 1281 1616 Ultra
1319 1575 1397 1615 has
1435 1573 1724 1629 Hesperidum
1755 1573 1940 1624 insulae,
1989 1587 2101 1628 quae

1141 1709 1375 1742 restituendum
1414 1720 1485 1740 esse
1517 1707 1596 1739 vidit
1632 1708 1817 1751 Goiyades,
1852 1706 2032 1749 legiturque
2066 1705 2102 1736 in

1141 1774 1289 1806 omnibus
1310 1772 1400 1804 libris
1424 1771 1566 1816 seriptiS,
1591 1771 1842 1803 Monacensihus
1866 1769 1922 1814 (Α.
1943 1770 2001 1813 C),
2024 1769 2100 1800 Rei-

1140 1836 1350 1876 ehenauensi‚
1385 1841 1417 1867 et
1448 1835 1715 1875 Darmstattensi3
1747 1846 1852 1878 neque
1893 1833 1985 1865 aliter
2015 1833 2100 1876 apud

1138 1898 1282 1930 Plinium
1299 1898 1352 1941 (6,
1373 1899 1438 1937 51,
1465 1897 1527 1940 51)
1546 1902 1578 1928 et
1602 1897 1720 1929 Melam
1744 1897 1796 1940 (5,
1819 1897 1842 1927 9
1860 1895 1909 1939 fl),
1938 1894 1992 1939 qui
2016 1894 2100 1925 sieut

1138 1967 1250 1994 noster
1272 1962 1409 2001 addunt,
1434 1962 1491 1992 lias
1517 1960 1674 1992 habitatas
1702 1960 1777 1991 olim
1801 1959 1900 1991 fuisse
1926 1971 1943 1991 a
1971 1959 2098 2000 Gorgo·

1137 2026 1233 2058 nibus
1257 2025 1341 2069 (add.
1366 2024 1473 2057 Strab.
1497 2025 1533 2064 i,
1564 2037 1594 2068 p.
1612 2025 1679 2064 225
1707 2025 1740 2064 7,
1758 2037 1788 2068 p.
1804 2024 1877 2055 299
1902 2020 2064 2065 casaub.)

1211 2088 1396 2130 Hesperien
1424 2084 1533 2131 ceras]
1573 2086 1623 2117 lta
1656 2085 1865 2117 Ptolemaeus
1893 2090 1925 2116 et
1955 2084 2097 2115 Plinius:

1136 2150 1218 2182 male
1243 2150 1316 2183 MS.
1338 2150 1613 2193 Hesperonaeras.
1632 2148 1797 2181 Gnor.—
1835 2148 2015 2181 Salmasius
2044 2147 2097 2190 (ad

1136 2211 1241 2246 Solin.
1264 2212 1301 2256 'p.
1323 2211 1441 2254 1296)
1470 2211 1554 2255 apud
1579 2211 1721 2242 Plinium
1753 2215 1786 2242 et
1814 2209 2006 2242 Mattianum
2031 2207 2095 2247 legi

1134 2276 1202 2308 vult
1228 2276 1489 2318 IIesperucei-as,
1522 2273 1690 2321 ἑόπέρου
1723 2272 1854 2319 κέρας,
1889 2270 2093 2315 quemadmo-

1134 2339 1209 2371 dum
1226 2339 1260 2370 in
1285 2339 1459 2370 Hannonis
1490 2338 1614 2382 periplo
1645 2338 1688 2381 (p.
1708 2339 1730 2369 5
1754 2334 1895 2377 Rueck),
1930 2334 1969 2365 ad
1998 2345 2093 2376 quem

1133 2401 1243 2435 conset·
1268 2402 1355 2445 quod
1379 2400 1507 2442 Hngius
1536 2399 1581 2444 (in
1609 2411 1712 2443 progr.
1739 2398 1777 2429 de
1797 2397 1950 2428 Hannon.
1979 2395 2091 2439 peripl.

1134 2466 1231 2498 1808
1264 2463 1381 2509 p.50)
1412 2463 1608 2503 observarit3
1637 2462 1693 2493 sed
1721 2472 1818 2504 quum
1842 2460 1954 2490 eodem
1981 2459 2091 2490 redeat

1132 2525 1314 2574 ἑσπέριον
1351 2524 1484 2574 κέρας,
1523 2525 1669 2560 codicum
1710 2521 1930 2555 auctoritatem
1959 2526 2089 2554 secutus

1132 2603 1210 2625 811111,
