2310 2860
733 190 932 232 Martiani
973 188 1171 245 Capellae
1207 188 1280 229 lib.
1299 187 1331 230 I.
1370 188 1490 240 §.68

2013 192 2096 235 115

149 301 317 357 augeri,
366 313 498 356 quem
537 298 743 354 deprimi,
788 311 918 352 quem
964 296 1105 348 nasei,
1151 309 1283 350 quem
1327 294 1518 337 occidere
1556 294 1720 352 Jupiter
1763 295 1914 347 vellet,
1956 311 2092 340 manu

145 382 319 438 propria
353 382 441 437 ipse
472 380 697 422 formabat.
729 379 875 429 Quam
906 388 1118 419 terrarum
1150 386 1316 432 partem
1341 376 1599 432 disperdere,
1631 393 1764 432 quam
1787 378 1937 421 beare:
1962 392 2092 434 quam

146 472 311 504 vastam
352 476 575 518 quamque
621 460 834 501 celebrem
873 469 1069 514 cuperet,
1122 457 1243 500 fictor
1282 458 1529 499 arbitrarius
1564 460 1768 502 variabat.

146 541 284 582 fatum
327 541 552 597 publicum
602 539 847 595 conspicans
895 554 1243 595 componensque
1291 539 1475 580 deorum
1522 549 1715 581 senatum
1760 541 1879 595 jussit
1923 540 2098 582 admitti.

146 623 359 673 Quamvis
390 623 522 673 intus,
561 636 668 677 quos
697 620 1022 661 innominabiles
1053 635 1172 661 saera
1203 619 1267 661 vis
1298 628 1493 669 testatur,
1531 619 1755 671 intrarent,
1796 630 1938 662 tamen
1965 620 2097 660 ,etiam

145 703 399 757 primatibus
445 702 619 752 divum,
670 701 1009 756 praesertimque
1054 698 1302 754 parentibus
1347 707 1530 752 uterque
1582 709 1852 755 consurgunt.
1923 700 2096 741 Verum
2124 698 2181 739 70

144 791 256 824 sator
296 795 447 823 eorum
485 782 696 837 gressibus
735 781 881 823 tardus
922 795 970 823 ae
1013 789 1252 823 remorator
1291 779 1465 819 incedit:
1498 779 1738 834 glaucoque
1777 780 1935 820 amictu
1966 789 2098 821 tectus

146 929 203 961 sed
227 929 409 961 innumeras
430 928 567 961 admittit
597 930 806 972 conjecturas.
846 927 958 973 Atque
992 926 1096 959 lenior

145 999 230 1024 certe
257 992 382 1024 medela
406 993 519 1033 suerit,
551 993 606 1024 uhi
630 994 722 1036 pedie
745 993 764 1024 i.
790 1005 817 1024 c.
835 993 985 1036 mediae,
1011 1000 1096 1025 παι-

144 1054 262 1098 δείας,
282 1056 410 1097 legeri5‚
428 1068 491 1099 quo
510 1056 637 1087 nomine
659 1062 769 1088 noster
782 1056 955 1087 identidem
971 1065 1095 1096 geome-

143 1118 236 1150 triam
261 1119 401 1163 appellat
422 1118 463 1163 (§.
478 1121 562 1151 578.
585 1119 688 1162 728);
718 1119 917 1161 geometricis
942 1118 1026 1150 enim
1047 1129 1095 1148 ra-

142 1181 283 1213 tionibus
305 1182 495 1227 descriptam
513 1194 586 1214 esse
609 1185 791 1226 sphaeram,
819 1182 946 1227 qualem
968 1181 1097 1225 Jupiter

143 1254 239 1274 manu
263 1249 379 1284 teneat,
403 1244 523 1276 clarum
544 1250 602 1276 est.
645 1244 713 1276 Sed
735 1246 796 1276 hoc
819 1243 1001 1288 speciminis
1028 1248 1094 1274 tan-

144 1309 211 1336 tum
241 1315 337 1336 causa
366 1305 475 1345 attuli,
521 1311 556 1336 ut
587 1311 736 1349 appareat
766 1306 845 1337 nihil
871 1305 995 1337 facilius
1024 1316 1095 1336 esse

144 1377 241 1409 quam
259 1365 387 1397 mutatis
405 1366 505 1397 literis
522 1379 562 1397 cx
580 1367 708 1407 ingenio
730 1368 930 1409 conjecturas
950 1366 1095 1405 fundere,

145 1427 257 1471 quales
281 1426 402 1459 Sardos
437 1428 567 1459 venales
597 1428 768 1471 aliquando
797 1427 1008 1459 Ruhnkenius
1042 1439 1096 1471 ap—

144 1488 277 1531 pellavit
300 1489 400 1519 alium
430 1489 493 1519 alio
521 1490 708 1535 nequiorem
726 1489 769 1531 (v.
790 1489 1018 1532 VVyttenbaeli
1041 1488 1096 1520 vit.

143 1550 272 1581 Ruhnk.
298 1562 331 1593 p.
350 1549 457 1592 221)3
495 1550 654 1590 vulgatam
684 1550 838 1591 integram
860 1551 1000 1589 servavi,
1021 1550 1098 1582 licet

144 1610 276 1643 reticere
300 1623 365 1642 non
389 1611 527 1653 possim,
555 1610 697 1642 codicem
720 1610 1019 1641 Reiehenauenscm
1043 1623 1096 1641 ex-

144 1674 252 1706 hibere
273 1675 361 1718 pidei
381 1674 600 1717 reformanti.s·,
623 1673 708 1704 unde
731 1674 957 1717 orthographia
973 1678 1097 1704 tantum

144 1741 266 1768 mutata
303 1736 465 1779 Apollinis
501 1747 621 1767 nomen
653 1736 770 1777 Pyehei
802 1735 946 1777 indagari
984 1735 1098 1779 possit.

144 1800 276 1832 Minime
308 1801 371 1832 lioc
408 1799 642 1843 spernendum,
683 1810 747 1842 quo
775 1798 882 1842 posito
906 1799 958 1829 hie
984 1810 1098 1829 sensus

145 1862 211 1893 exit
232 1861 309 1892 satis
329 1872 505 1902 congruus:
524 1861 581 1892 »In
603 1862 662 1891 liae
688 1861 824 1903 sphaera
856 1860 933 1902 quid
966 1859 1094 1901 singuli,

146 1922 224 1966 quid
247 1922 359 1966 populi
388 1922 561 1963 agitarent,
596 1920 727 1963 speculo
754 1921 874 1963 Pythci
900 1921 1101 1952 reformantis

146 1986 336 2018 relucebat.«
387 1986 533 2017 Verbum
562 1984 646 2015 enim
681 1983 894 2028 compositum
926 1984 1102 2027 reformare

146 2059 234 2081 more
253 2048 388 2080 istorum
411 2047 601 2089 sex-iptorum
619 2045 660 2089 (v.
675 2051 740 2077 not.
756 2045 796 2076 ad
821 2044 850 2090 §.
864 2047 920 2078 75.
944 2047 1001 2077 84.
1020 2047 1100 2078 102.

149 2113 230 2144 160.
244 2113 335 2152 5765
358 2111 428 2142 add.
449 2109 595 2141 Freinsh.
610 2109 650 2141 ad
669 2109 790 2141 Justin.
805 2109 838 2141 in
859 2110 924 2141 ind.
944 2109 1100 2153 Gronov.)

147 2181 329 2220 usurpatur,
354 2173 621 2218 quemadmodum
638 2174 722 2217 apud
743 2172 942 2218 Appulejum
964 2174 1049 2219 (met.
1066 2175 1100 2206 2.

147 2251 178 2283 p.
197 2240 269 2271 150
290 2237 390 2282 oud.)
404 2237 496 2270 Fotis
517 2237 568 2269 uin
591 2236 730 2281 speeiem
746 2237 884 2270 Veneris
900 2239 1092 2282 reformata«

147 2301 272 2344 legitur.

221 2362 323 2409 fictor]
348 2364 501 2406 Figulus,
529 2360 718 2410 πλαὸτής.
741 2364 809 2397 Cic,
827 2364 1001 2408 »Reliquos
1022 2364 1100 2396 deos

151 2439 189 2459 ea
210 2427 288 2459 faeie
312 2427 480 2467 novimus,
506 2440 568 2471 qua
589 2428 747 2472 pictores,
772 2429 965 2472 fictoresque
990 2428 1099 2460 volue-

151 2495 251 2521 runt.«
290 2489 334 2520 Et
363 2488 415 2519 alii
441 2500 535 2531 saepe
561 2489 605 2520 ita
626 2490 685 2521 usi.
707 2489 870 2522 Gnor.—
896 2491 1018 2534 Nempe
1044 2501 1098 2522 vo-

151 2563 220 2584 cem
248 2555 370 2581 tantum
397 2550 612 2594 explicaturus
638 2551 772 2585 Grotius
801 2558 884 2594 crat,
913 2553 1098 2597 neutiquam

150 2612 298 2647 Martiani
323 2611 438 2644 locum.

1222 921 1426 969 arbitrarius]
1453 923 1503 955 Ita
1535 922 1665 967 Jupiter
1695 923 1939 966 cognominatur
1966 922 2100 967 (Eusel).

1146 1000 1253 1033 praep.
1285 1000 1332 1020 ev.
1367 990 1405 1028 1,
1433 989 1466 1028 7,
1497 988 1552 1019 10.
1582 999 1612 1031 p.
1636 988 1684 1019 57
1706 988 1725 1018 s.
1749 987 1890 1020 Macrol).
1917 998 2016 1018 somn.
2046 985 2100 1018 Sc.

1147 1053 1189 1093 2,
1212 1052 1258 1095 2).
1285 1052 1323 1083 In
1345 1051 1483 1095 quodam
1507 1051 1601 1082 ctiam
1624 1051 1738 1095 lapidis
1766 1051 1858 1082 titulo
1886 1050 1985 1093 (Gud.
2003 1050 2036 1089 7,
2064 1049 2100 1092 5)

1146 1116 1280 1156 legitur:
1303 1114 1399 1146 »Jovi
1422 1120 1552 1158 optumo
1578 1126 1725 1145 maxumo
1749 1113 1972 1145 Arluitratori.«
2012 1112 2101 1155 Quin

1147 1177 1301 1222 templum
1333 1176 1429 1208 etiam
1457 1176 1551 1207 Jovis
1574 1176 1788 1207 Arbitralmis
1810 1174 1844 1206 iu
1870 1174 1990 1206 decima
2013 1172 2101 1204 urbis

1145 1239 1277 1280 regione
1294 1237 1393 1269 fuisse
1411 1238 1448 1269 P.
1463 1237 1579 1270 Victor
1596 1242 1733 1269 testatur
1753 1236 1799 1281 (in
1819 1236 1935 1269 Graev.
1951 1237 2100 1266 thesauro

1145 1303 1196 1336 IV
1216 1315 1246 1347 p.
1274 1301 1393 1345 1515).

1222 1363 1372 1411 uterque]
1390 1363 1519 1407 Jupiter
1537 1369 1569 1395 et
1584 1363 1682 1395 June.
1704 1362 1754 1396 Ita
1770 1361 1855 1393 enim
1879 1372 1973 1404 supra
1990 1358 2101 1403 (§.lss)

1147 1426 1254 1458 verbis
1288 1437 1418 1467 »regum
1457 1426 1629 1467 conjugum
1663 1430 1818 1469 uterque«
1851 1423 1950 1468 paulo
1985 1421 2101 1454 elarius

1147 1487 1364 1529 designantur.

1220 1557 1309 1582 sator
1326 1548 1448 1594 eorum]
1475 1549 1529 1581 Ad
1554 1549 1728 1583 Saturnum
1750 1548 1862 1581 alludit
1878 1557 2010 1586 nomen,
2046 1546 2102 1589 qui

1146 1611 1228 1642 infra
1250 1610 1291 1654 (ἓ.
1314 1612 1397 1654 197)
1422 1611 1572 1642 »deorum
1603 1610 1813 1652 rigidissimus
1840 1615 1982 1641 creator«
2005 1606 2101 1638 audit·

1147 1672 1216 1705 Sed
1245 1674 1362 1703 satoris
1394 1671 1522 1703 nomine
1550 1683 1677 1703 omnem
1703 1670 1799 1702 etiam
1837 1670 1939 1712 gentis
1969 1667 2102 1708 alicujus

1149 1741 1311 1767 auctorem
1330 1735 1500 1776 significari
1522 1735 1577 1767 ille
1593 1735 1677 1778 apud
1696 1734 1813 1766 Silium
1830 1734 1877 1776 (9,
1896 1730 1981 1773 294)
1997 1735 2103 1761 »sator

1150 1799 1325 1841 Quirinus«
1364 1799 1467 1829 docet.
1508 1799 1575 1830 Pro
1603 1809 1714 1829 eoram.
1743 1795 1894 1828 Halmius
1924 1794 1970 1838 (in
1994 1792 2105 1825 Crenii

1151 1861 1284 1892 analect.
1317 1873 1347 1903 p.
1369 1859 1463 1902 598)
1500 1864 1532 1890 et
1560 1858 1714 1890 Bal-thius
1746 1857 1798 1900 (ad
1831 1856 1914 1889 Stat.
1942 1855 2043 1887 Theb.
2070 1855 2102 1885 5.

1151 1935 1182 1966 p.
1209 1921 1297 1964 226)
1318 1921 1383 1961 legi
1402 1921 1519 1962 jubent
1545 1921 1696 1959 ᾱεονιιτης
1722 1920 1849 1951 frustra.

1226 1981 1402 2027 messibus]
1425 1982 1499 2014 Jam
1515 1981 1644 2013 Platoni
1662 1980 1872 2024 (Epinomff),
1887 1980 1960 2018 978
1978 1976 2105 2021 Stepln.)

1153 2045 1285 2078 Saturni
1307 2047 1399 2078 stella
1421 2045 1534 2078 ceteris
1553 2044 1683 2080 tardior.
1707 2043 1921 2076 Nicomachus
1941 2042 1987 2087 (in
2006 2043 2104 2073 harni.

1152 2122 1233 2142 man.
1255 2112 1286 2150 1,
1310 2111 1344 2150 2,
1366 2111 1400 2142 5.
1431 2123 1462 2153 p.
1483 2111 1505 2141 G
1536 2107 1647 2151 Meib.)
1675 2120 1711 2139 »a
1737 2113 1825 2139 motu
1847 2106 1997 2140 Saturni«
2027 2105 2103 2137 scri-

1152 2172 1218 2212 hit,
1253 2172 1327 2215 »qui
1349 2172 1534 2213 longissime
1551 2183 1569 2202 a
1590 2170 1684 2202 nohis
1712 2170 1817 2210 abest,
1843 2169 2048 2211 gravissimus
2070 2167 2102 2197 in

1152 2233 1215 2270 διὰ
1241 2236 1380 2270 πασῶν
1410 2235 1619 2267 consonantia
1648 2246 1746 2266 sonus
1777 2235 1893 2278 hypate
1920 2238 1971 2264 est
1995 2231 2099 2276 appel-

1151 2297 1251 2329 latus:
1272 2294 1428 2331 ὕπατον
1454 2293 1529 2342 γὰρ
1556 2293 1601 2330 τὸ
1633 2292 1855 2330 ιένώτατονα
1889 2295 1984 2339 (conf.
2001 2297 2098 2325 nostr.

1151 2361 1179 2406 ἓ.
1207 2362 1288 2393 197.
1313 2360 1409 2403 965).
1436 2361 1531 2392 Unde
1559 2366 1591 2392 et
1617 2359 1783 2392 Ausonius
1809 2359 1856 2403 (in
1875 2359 1934 2391 ccl.
1955 2358 1993 2388 de
2019 2355 2098 2396 sign.

1151 2423 1230 2457 coel.
1255 2422 1366 2466 extr.):

1208 2487 1348 2520 »Celsior
1373 2487 1424 2519 lzz's
1444 2485 1629 2525 Saturnus,
1657 2485 1777 2517 tardior
1801 2484 1944 2516 omnibus
1967 2482 2091 2516 astris.‹9

1150 2549 1349 2584 Claudianus
1367 2561 1495 2593 quoque
1511 2549 1558 2593 (in
1575 2548 1660 2580 laud.
1673 2546 1840 2581 Stilich.2.
1858 2543 1944 2587 459)
1960 2543 2099 2587 »pigram

1149 2610 1281 2646 Saturni
1296 2611 1458 2643 semitam«
1478 2622 1537 2656 per
1551 2609 1741 2654 hypallagen
1761 2607 1839 2638 dixit
1851 2606 1945 2650 (conf.
1963 2604 1992 2650 ἓ.
2004 2606 2098 2646 855).

1641 2670 1686 2702 13

1836 461 1929 502 Hoc
1965 461 2092 515 igitur
2121 461 2181 501 69
