2310 2860
37 511 120 554 881

153 168 245 213 684
694 167 893 208 Martiani
924 166 1125 222 Capellae
1155 165 1228 206 lib.
1251 165 1370 207 VIII.
1401 168 1431 218 §.
1456 166 1556 208 880.

151 288 378 329 nunquam
411 273 561 328 poterit
598 272 768 313 elevari.
836 273 1008 328 Quippe
1051 272 1128 312 nisi
1173 272 1215 313 in
1259 272 1466 313 diametro
1512 272 1618 314 Solis
1663 273 1804 329 positis
1844 289 1926 315 nou
1972 284 2106 330 potest

153 355 323 396 evenire
361 352 589 405 siderib1133
647 352 905 393 diametrum
954 354 997 393 in
1042 353 1158 407 siguo
1197 353 1375 408 septimo
1420 353 1691 409 perhibetur3
1751 354 1806 394 ita
1844 352 1890 394 fit
1929 364 1975 394 ut
2009 355 2106 405 iste,

156 437 230 489 qui
266 434 376 474 ultra
412 434 580 489 signum
613 443 651 474 et
681 434 857 474 alteram
896 434 1095 489 exiguam
1136 434 1372 489 portionem
1405 439 1619 490 sequentis
1653 435 1797 476 abesse
1827 451 1912 476 non
1943 436 2106 491 poterit,

151 529 235 555 non
272 514 331 565 illi
372 515 582 570 contingat
615 523 712 555 ortu
745 514 989 569 acronycho
1025 513 1256 555 sublevari.
1315 515 1517 570 Denique
1556 530 1634 556 nec
1672 516 1934 557 eontrarium
1966 514 2105 556 eidem

150 596 269 638 novit
297 611 518 648 occasum,
548 596 618 638 sed
643 606 784 637 ortum
811 597 1101 652 vespertinum
1128 595 1247 647 facit,
1283 611 1422 651 quum
1455 605 1546 652 post
1576 610 1774 637 occasum
1799 596 1904 637 Solis
1934 594 2107 636 luminis

151 677 218 717 sui
247 677 439 719 libertate
479 677 679 719 clarescit.
754 677 860 718 Item
893 691 1065 717 occasus
1109 676 1216 717 duos
1259 676 1408 729 habet,
1466 691 1605 718 unum
1645 692 1783 732 quum
1830 686 1925 718 ante
1964 676 2107 735 Solem

151 772 304 815 parere
339 759 483 800 solitus
521 759 706 800 claritate
744 758 850 800 radii
881 759 1218 814 supervenientis
1250 758 1480 808 occulitur,
1525 757 1658 798 alium
1690 772 1828 812 quum
1860 757 2004 798 itidem
2036 771 2108 800 re·—

150 839 461 895 trogradatione
490 854 567 881 sua
591 839 769 881 viciniae
797 839 901 880 Solis
934 839 1129 880 admotus
1152 839 1267 880 idem
1291 839 1449 894 patitur
1479 838 1521 878 in
1552 853 1717 879 occasu.
1776 839 1842 880 Ab
1872 855 1920 880 co
1946 839 2107 895 quippe

150 919 256 960 Solis
287 919 451 960 lumine
481 920 589 960 intra
621 920 765 975 viginti
797 929 1013 960 momenta
1046 919 1189 960 abesse
1220 933 1304 959 non
1337 918 1508 974 poterit,
1538 918 1634 959 licet
1652 919 1886 974 majoribus
1914 920 2106 975 partibus

151 999 381 1051 aberrarst,
420 999 495 1054 qui
536 1000 646 1041 ultra
675 999 912 1040 secundum
957 999 1126 1055 siguum
1165 1014 1251 1040 non
1290 999 1443 1055 poterit
1488 999 1682 1042 inveniri.
1755 1001 1810 1042 Et
1849 1001 1924 1042 has
1963 1010 2106 1042 tamen

148 1158 250 1191 riores
279 1171 299 1191 a
324 1160 461 1192 Granico
470 1173 482 1200 ,-
508 1160 623 1191 melius
648 1160 918 1192 Darmstattensis‘
942 1161 1103 1199 acrom'co,

147 1223 233 1254 unde
259 1224 348 1255 nullo
376 1224 505 1265 negotio
535 1236 642 1256 veram
669 1224 839 1256 lectionem
867 1223 1003 1257 restitui.
1046 1223 1101 1254 Ni-

148 1286 266 1319 eander
288 1286 429 1329 (theriac.
454 1286 554 1329 761)=

196 1345 393 1384 Ηνώὸαλα
426 1348 599 1397 φαλαίνῃ
643 1348 861 1395 ἐναλίγκια,
907 1346 981 1394 τήν
1013 1346 1102 1395 περὶ,

549 1407 729 1454 λύχνους

192 1469 428 1520 Ἀκρόνυχος
455 1471 686 1519 ὃειπνηστὸς
721 1469 899 1518 ἀπήλασε
931 1469 1100 1518 παιφάσ-

554 1538 723 1578 σουόαν,

145 1599 201 1631 ubi
222 1599 407 1632 scholiasta:
429 1595 654 1646 ἀκρόνυχος
677 1598 717 1634 δὲ
737 1596 865 1645 ἤγουν
886 1596 1098 1645 ἑσπερινὸς.

145 1662 230 1703 Alii,
262 1668 298 1694 ut
326 1663 483 1696 Firmicus
507 1664 615 1707 (math.
637 1664 677 1703 2,
700 1663 752 1705 8),
779 1669 966 1705 aet-onyclas
992 1663 1102 1694 dicunt

146 1725 272 1765 stellas,
294 1737 375 1769 quae
399 1731 472 1757 tune
491 1724 637 1756 oriuntur
658 1736 755 1767 quum
771 1722 832 1755 Sol
850 1723 974 1755 occidit.
1001 1723 1101 1755 Plura

145 1789 218 1821 vide
241 1789 322 1820 infra
342 1787 383 1832 (ἓ.
398 1787 496 1830 887).

223 1853 339 1898 qnippe
361 1850 437 1895 nisi]
464 1850 587 1894 Recepi
608 1849 778 1882 lectionem
800 1851 919 1883 codicis
941 1850 1100 1891 Grotiani‚

148 1926 247 1958 quum
270 1915 367 1955 vulgo
394 1914 462 1945 sine
490 1925 586 1945 sensu
613 1914 786 1956 legeretur:
816 1915 950 1958 nquippe
976 1914 1008 1945 in
1036 1915 1100 1945 dia-

147 1984 249 2011 metro
279 1977 368 2010 Solis
397 1989 494 2021 posse
524 1978 638 2021 positis
663 1978 790 2010 evenire
818 1978 1013 2018 sideribus«3
1043 1978 1100 2009 scd

148 2040 237 2085 quod
265 2039 350 2071 idem
376 2051 450 2070 mox
477 2051 517 2070 ex
552 2039 661 2071 codice
689 2040 794 2071 attulit
817 2046 893 2083 post
916 2041 1102 2083 perhibetur

148 2103 370 2136 inserendum:
399 2107 471 2134 »aut
498 2103 531 2134 in
560 2103 715 2146 quadrato
741 2104 882 2146 partibus
904 2104 964 2136 XC
991 2109 1045 2135 aut
1068 2103 1102 2136 in

146 2166 304 2210 triquetro
337 2164 481 2209 partibus
513 2164 605 2196 CXX
641 2170 695 2196 aut
730 2164 764 2196 in
796 2165 929 2197 adverso
958 2165 1100 2209 partibus

148 2226 339 2267 CLXXX«,
373 2226 449 2258 lieet
475 2226 509 2257 iu
535 2226 946 2258 Ettenhcimmiinstericnsi
973 2239 1101 2271 quoque

148 2288 339 2329 invenerim,
358 2288 462 2320 textui
478 2288 640 2320 intrudere
656 2288 760 2329 nolui,
782 2301 879 2332 quum
900 2289 1101 2331 glossematis

149 2353 289 2399 speeiem
310 2353 429 2384 referre
450 2352 603 2383 videatur.

225 2413 289 2459 illi]
326 2414 382 2447 Sic
416 2413 543 2446 codices
572 2413 861 2454 Reiehenauensis⁷
898 2415 1102 2447 Monacensis

152 2475 225 2521 (C),
246 2475 691 2516 Ettenheimmfinsteriensis,
713 2481 745 2507 et
759 2476 1024 2509 Darmstattensis
1043 2489 1102 2521 pro

152 2538 218 2571 illic
244 2538 278 2570 in
308 2538 420 2579 editis3
454 2550 559 2582 neque
587 2538 620 2570 in
643 2543 731 2570 tanto
758 2537 912 2570 librorum
941 2551 1102 2572 consensu

150 2602 293 2647 recipcre
317 2603 472 2644 dubitavi,
502 2603 579 2637 licet
601 2602 800 2637 anacoluthia
815 2614 887 2638 cum
902 2605 1102 2638 antecedenti

1154 1161 1214 1192 iste
1245 1159 1319 1191 inde
1343 1159 1531 1200 exsisteret,
1568 1172 1665 1203 quum
1698 1160 1841 1203 reliquae
1875 1159 2106 1192 constructioni

1154 1222 1294 1266 apprime
1315 1223 1494 1254 conveniat.
1519 1223 1618 1265 Quod
1637 1228 1741 1254 autem
1759 1235 1834 1254 mox
1854 1223 1886 1254 in
1905 1234 1970 1254 uno
1993 1223 2105 1255 Etten-

1152 1286 1466 1317 lxeimmiinsteriensi
1486 1286 1653 1327 legebatur
1673 1287 1840 1318 sublimari
1858 1297 1915 1329 pro
1931 1287 2104 1329 subleuari,

1153 1349 1282 1380 librario
1307 1349 1354 1380 illi
1378 1349 1623 1392 relinquendum
1645 1349 1732 1382 duxi.

1227 1411 1284 1442 sed
1302 1409 1418 1455 orizam]
1439 1409 1578 1442 Secutus
1594 1423 1663 1442 sum
1679 1411 1805 1443 codices
1819 1412 2106 1444 Darmstattensem

1153 1479 1185 1505 ct
1222 1474 1690 1516 Ettenheimmiiusteriensern3
1741 1476 1836 1518 vulgo
1879 1476 1962 1507 enim
1999 1476 2106 1508 miuus

1153 1536 1318 1568 commode
1336 1536 1515 1578 legebatur:
1541 1537 1695 1580 »denique
1712 1549 1771 1569 nee
1789 1538 1980 1569 contrarium
2003 1538 2106 1570 eidem

1152 1598 1241 1630 novit
1270 1609 1419 1630 oceasum
1445 1599 1496 1630 vel
1530 1605 1653 1631 ortum.-
1677 1599 1734 1632 sed
1763 1606 1868 1631 ortum
1897 1600 2006 1632 itidem
2035 1611 2103 1631 ves-

1152 1660 1329 1704 pertinum«
1359 1666 1418 1692 cet.

1226 1721 1352 1767 parere]
1380 1723 1446 1754 Pro
1470 1735 1642 1766 apparere,
1670 1729 1706 1755 ut
1730 1724 1764 1756 in
1791 1724 1949 1757 rhetorica
1971 1727 2102 1769 siynare

1151 1796 1210 1828 pro
1226 1786 1407 1828 assz'glnare,
1419 1784 1549 1827 firmare
1565 1797 1623 1828 pro
1638 1786 1805 1828 affirmare.
1832 1786 1889 1818 Sic
1904 1787 1959 1819 lib.
1973 1786 2103 1819 Geom.z

1158 1863 1169 1877 υ
1178 1848 1297 1890 ejectae
1318 1848 1565 1889 fragmentorum
1587 1849 1740 1892 reliquiae
1764 1855 1905 1893 parent«
1929 1850 2103 1892 Virgilius:

1208 1911 1289 1944 »Cui
1305 1911 1405 1954 fibrae
1424 1912 1600 1955 pecudum,
1627 1913 1704 1944 coeli
1726 1915 1779 1945 cui
1799 1914 1906 1945 sidera
1927 1920 2077 1957 parente,

1151 1975 1192 2007 ad
1223 1988 1318 2019 quem
1343 1975 1448 2007 locum
1473 1975 1621 2008 Servius:
1646 1976 1697 2008 »id
1722 1982 1788 2017 est,
1815 1989 1833 2009 a
1861 1989 1924 2022 quo
1950 1978 2048 2011 fibrae
2071 1985 2104 2011 et

1153 2037 1256 2069 sidera
1278 2043 1460 2072 cernuntur.
1468 2053 1479 2066 «ι
1513 2039 1685 2071 Martialis:

1209 2101 1282 2131 »Ad
1300 2107 1428 2143 portum
1454 2103 1577 2148 quoties
1597 2101 1702 2145 paruit
1723 2102 1969 2146 Hermoyenesm

1151 2161 1196 2193 Et
1217 2161 1519 2203 jurisconsultorum
1538 2163 1689 2207 frequens
1716 2163 1770 2195 illa
1791 2163 1824 2194 iu
1848 2162 2101 2194 condictionibus

1151 2226 1304 2257 formula:
1328 2226 1373 2256 nsi
1401 2232 1492 2269 paret
1516 2226 1591 2258 dare
1619 2232 1794 2270 oporterent
1827 2225 1881 2257 Ad
1905 2238 1999 2270 quem
2021 2226 2099 2260 allu-

1154 2290 1233 2322 dens
1256 2289 1373 2321 arbiter
1396 2289 1560 2333 leporum:

1209 2354 1486 2386 »Jm-isconsultns
1511 2358 1616 2397 paret,
1646 2363 1712 2384 non
1736 2359 1827 2397 paret
1848 2354 1980 2394 habeto,

1202 2419 1312 2464 Atque
1334 2423 1401 2448 esto
1426 2417 1584 2463 quidquid
1599 2415 1733 2448 Servius
1756 2423 1786 2449 et
1810 2418 1942 2450 Labea«
1995 2417 2099 2451 Gnor.

1227 2479 1501 2523 retroqradatione
1517 2476 1589 2523 sua]
1618 2478 1674 2511 Sie
1691 2480 1792 2512 codex
1809 2480 2100 2520 Reielnenauensi53

1153 2544 1248 2585 vulgo
1272 2545 1333 2576 sui.
1369 2543 1408 2576 ln
1431 2543 1493 2575 fine
1523 2543 1712 2589 paragraphi
1739 2544 1846 2576 malim
1875 2545 2013 2578 ostendit
2040 2556 2098 2590 pro

1153 2606 1292 2651 offendit.
