2310 2860
689 162 886 205 Martiani
918 161 1117 220 Capellae
1148 164 1220 207 lib.
1245 163 1320 207 VI.
1351 167 1381 217 §.
1403 166 2098 215 5921501

157 268 275 311 tionis
314 269 533 312 elementis
573 269 788 312 undarum
830 271 1039 311 immensa
1069 278 1108 310 et
1139 270 1338 312 volubilis
1368 272 1544 315 latitudo
1576 275 1770 332 aerisque
1793 276 1947 319 halitus
1979 279 2104 319 undi-

157 363 364 404 quesecus
397 351 506 392 circa
537 361 673 392 terrae
703 351 922 392 stationem
949 351 1128 392 diffusus
1155 354 1324 393 arctat-it
1350 354 1629 410 mediumque
1655 355 1819 408 fecerit,
1856 357 1972 413 quod
1997 367 2105 400 teres

158 446 205 473 ac
229 433 427 474 volubilis
452 435 762 487 circuinclusit3
791 434 879 475 sive
911 433 1026 488 quod
1050 434 1092 474 in
1124 433 1307 488 sphaera
1337 434 1515 476 efficitur
1545 436 1682 477 imum
1706 451 1832 477 omne
1866 439 1982 493 quod
2015 454 2106 479 1116-

157 511 276 553 dium
319 523 397 564 est,
445 513 550 555 duni
589 515 764 570 paribus
804 514 855 555 ab
894 514 1077 555 extimae
1114 511 1381 553 rotunditatis
1421 513 1584 555 ambitu
1626 514 1743 555 lineis
1779 516 1991 572 quidquid
2037 534 2105 560 cas

157 591 330 633 sustinet
370 594 638 649 constipatur.
708 594 853 635 linum
893 610 995 635 vero
1031 595 1120 648 jam
1158 608 1326 635 necesse
1366 604 1426 636 est
1464 596 1529 636 sui
1565 597 1836 638 extremitate
1866 601 2111 651 consistere,

159 675 262 729 quia
299 674 475 715 inferius
514 689 600 728 quo
640 673 803 715 decidat
845 689 931 715 non
972 683 1044 715 est.
1115 676 1274 718 Omnia
1313 678 1438 719 etiam
1479 678 1668 733 pondera
1709 679 1750 720 in
1786 695 1880 721 eam
1927 680 2109 736 desuper

160 756 338 807 cadunt,
382 766 428 797 ut
458 756 615 807 imber,
654 756 834 812 grandO,
865 756 961 807 nix,
996 756 1190 812 fulgura,
1235 768 1362 813 atque
1392 759 1480 814 ipse
1512 759 1586 813 qui
1617 759 1659 799 in
1690 760 1779 814 ejus
1810 761 1950 815 penita
1982 777 2106 817 prae-

160 836 354 892 cipitatur
394 838 612 889 Oceanus,
663 847 703 878 et
740 837 898 878 fluenta
928 838 1097 878 latentia
1132 853 1244 894 quae
1283 839 1416 880 fundo
1456 839 1690 882 volvuntur
1732 841 1775 881 in
1814 840 1913 883 imo.

1979 844 2108 885 Vides

158 918 283 973 igitur
318 934 435 971 eam,
465 934 577 975 quae
607 920 742 961 undas
775 929 1012 974 cunctaque
1051 930 1270 970 sustentat,
1317 929 1521 962 arctatam
1554 936 1607 962 ex
1639 922 1840 963 omnibus
1870 923 1976 964 nihil
2006 926 2108 966 suh-

159 1000 284 1054 jicere
322 1011 408 1056 quo
447 1001 624 1043 secedat.

232 1157 334 1203 ac'rz's]
362 1159 447 1192 Hinc
469 1159 703 1203 Aristophanes
730 1161 817 1204 (nub.
833 1161 934 1205 265):

209 1223 240 1267 ὦ
273 1230 428 1267 δέσποτ’
463 1231 581 1276 ἄναξ,
609 1230 788 1280 ἀμέτρητ’
812 1231 908 1281 Ἀήρ,
937 1231 981 1274 ὃς
1003 1233 1109 1278 ἔχεις

557 1293 631 1341 τὴν
651 1295 727 1341 γῆν
748 1295 959 1342 μετέωρον,

160 1368 392 1401 Anaximenem
416 1370 550 1401 fortasse
575 1377 720 1410 sceutus3
748 1372 805 1402 sed
829 1383 896 1402 eam
921 1371 1109 1402 sententiam

155 1433 222 1474 jam
247 1432 342 1463 Plato
374 1431 570 1475 impugnaxit
601 1432 733 1474 (phaed.
758 1445 789 1476 p.
813 1433 883 1463 108
910 1432 963 1474 s.):
989 1430 1110 1476 μηδὲν

161 1491 258 1539 αὐτῇ
294 1495 373 1528 δεῖν
402 1489 497 1538 μήτε
535 1490 649 1539 ἀέρος
684 1491 781 1539 πρὸς
817 1490 861 1526 τὸ
898 1490 948 1537 μὴ
978 1498 1110 1528 πεσεῖν

159 1555 255 1602 μήτε
289 1554 412 1602 ἄλλης
442 1553 614 1602 ἀνάγκης
644 1554 828 1601 μηδεμιᾶς
863 1552 1048 1602 τοιαύτης
1075 1570 1106 1590 κ.

160 1632 192 1654 τ.
221 1621 252 1654 λ.
285 1620 479 1663 Quanquam
510 1621 603 1651 etiam
635 1620 818 1651 Macrobius
839 1619 892 1663 (ad
914 1631 938 1650 5.
963 1619 1052 1663 Scip.
1078 1621 1109 1659 1,

161 1683 208 1713 2⁸2
229 1696 237 1712 :
263 1683 363 1714 »hanc
391 1682 515 1726 spissus
544 1686 600 1712 αἱῖι·
626 1687 658 1712 et
683 1686 810 1713 terreno
843 1681 951 1722 frigori
980 1681 1112 1724 propior

162 1759 255 1790 quam
281 1745 369 1777 Solis
396 1745 492 1777 calori
524 1752 652 1788 stupore
676 1745 854 1788 spiraminis
878 1744 1035 1776 densioris
1052 1757 1109 1776 1111-

162 1808 384 1851 1]1(1116161·511111
410 1808 504 1850 fulcit
534 1813 564 1837 et
594 1809 752 1845 continet,
797 1819 856 1838 nce
890 1806 923 1837 in
950 1817 1111 1838 recessum

164 1875 216 1900 unt
236 1881 398 1900 aceessum
416 1868 535 1899 moveri
560 1880 627 1899 eam
646 1868 763 1912 patitur
785 1868 837 1899 vel
858 1869 906 1899 v1’s
928 1867 1111 1899 circumval-

163 1932 258 1964 lantis
279 1938 310 1962 et
328 1944 367 1962 cx
385 1932 472 1962 omni
488 1937 577 1975 parte
594 1931 702 1971 vigore
725 1931 820 1961 simili
839 1930 984 1961 librantis
1000 1941 1112 1969 aurae,

163 1995 213 2026 vel
233 1994 303 2038 ipsa
327 1995 477 2037 sphaerae
501 1992 702 2023 extremitas«
729 1996 788 2023 cet.

238 2064 491 2114 undiquesecus]
518 2066 591 2096 Uno
615 2065 729 2096 verbo:
755 2065 801 2097 sic
823 2071 1004 2108 postsecus,
1024 2071 1112 2097 anle-

163 2143 273 2171 sccus3
300 2130 401 2161 simile
426 2135 489 2167 est,
516 2129 602 2172 quod
629 2128 703 2160 alibi
720 2129 834 2167 11111165,
857 2130 1112 2175 undiqucvcrsus

164 2208 220 2227 5611
237 2196 516 2241 undiqueversum.
527 2193 632 2225 Gnor.
643 2211 689 2215 -—
705 2192 792 2224 Saxo
810 2192 904 2223 ctiam
924 2192 1113 2224 Grammati-

165 2268 221 2287 cus
239 2257 471 2302 undiqucsccus
491 2260 634 2298 usurpat,
658 2254 801 2285 similiter
818 2254 994 2287 Martianus
1010 2256 1113 2285 utrin-

166 2316 455 2365 quesecus-Srizru.
476 2316 528 2359 (ad
551 2315 627 2347 Sax.
647 2328 678 2359 p.
697 2316 769 2358 22).

240 2400 407 2445 Oceanus]
434 2401 560 2432 Plinius
586 2402 638 2445 (2,
663 2401 740 2444 65)=
767 2401 932 2444 »Denique
950 2400 1112 2440 Oceanus,

165 2476 260 2508 quem
284 2464 420 2495 fatemur
445 2462 604 2502 ultimum,
636 2475 771 2506 quanam
795 2463 854 2494 alia
875 2464 975 2505 figura
1000 2464 1111 2494 coliae·

164 2533 250 2561 reret
275 2532 370 2570 atque
394 2537 459 2558 non
482 2525 658 2566 decideret,
684 2527 772 2558 nulla
793 2527 875 2558 ultra
901 2527 1040 2568 margine
1064 2525 1110 2557 in-

167 2591 336 2624 eludente?
385 2582 530 2633 Namilue
569 2600 666 2633 quum
695 2601 712 2621 6
746 2589 872 2621 sublimi
903 2590 934 2621 in
963 2589 1112 2622 inferiora

692 1001 835 1043 Media
877 1002 1003 1057 igitur
1044 1001 1255 1044 credenda
1290 1012 1369 1054 est,
1412 1003 1513 1058 quia
1552 1012 1765 1059 postrema
1778 1019 1791 1057 3
1835 1005 1952 1060 quod
1985 1020 2109 1062 prae-

1161 1174 1260 1206 aquae
1286 1162 1442 1203 ssei-antur,
1472 1168 1504 1194 et
1526 1162 1567 1195 sit
1589 1165 1667 1196 haec
1687 1169 1800 1196 natura
1826 1176 1933 1196 earum
1956 1164 2113 1205 confessa,

1159 1224 1274 1268 procul
1309 1224 1405 1255 dubio
1448 1236 1617 1268 apparere,
1657 1237 1721 1268 quo
1757 1226 1835 1270 quid
1872 1225 2023 1257 humilius
2057 1226 2113 1266 sit,

1160 1284 1300 1331 propius'
1317 1293 1425 1319 centro
1453 1299 1524 1319 6556
1546 1294 1664 1328 terrae,
1690 1300 1864 1333 omnesque
1885 1289 2004 1329 lineas,
2033 1302 2115 1332 quae

1161 1350 1348 1381 emittuntur
1381 1362 1421 1381 ex
1451 1362 1489 1381 co
1525 1351 1563 1381 ad
1597 1351 1756 1394 proximas
1793 1364 1909 1396 aquas,
1949 1353 2114 1384 breviores

1160 1411 1245 1450 fieri,
1276 1423 1371 1453 quam
1392 1423 1472 1453 quae
1492 1411 1530 1442 ad
1549 1417 1723 1444 extremum
1741 1425 1826 1444 mare
1847 1426 1864 1444 a
1882 1415 1992 1457 primis
2013 1416 2113 1458 aquis.

1161 1471 1248 1513 Ergo
1272 1476 1355 1502 totas
1377 1472 1525 1514 omnique
1544 1484 1583 1503 ex
1603 1478 1692 1515 parte
1715 1485 1814 1517 aquas
1838 1486 1968 1516 vergere
1990 1476 2021 1507 in
2042 1488 2113 1508 ccu-

1161 1539 1259 1572 trum,
1288 1532 1426 1576 ideoque
1451 1545 1516 1564 non
1539 1533 1699 1574 decidere,
1733 1534 1883 1578 quoniam
1904 1536 1937 1567 iu
1963 1536 2114 1569 interiora

1160 1596 1310 1627 nitantur.
1317 1610 1328 1624 «

1234 1657 1360 1700 fluenta
1382 1654 1529 1700 latentia]
1564 1656 1645 1688 Mire
1668 1658 1730 1689 hue
1757 1659 1935 1700 transtulit,
1971 1672 2051 1703 quae
2075 1661 2115 1692 de

1162 1719 1330 1752 Titanibus
1354 1719 1430 1751 dicit
1450 1719 1606 1760 Virgilius
1630 1718 1725 1763 (Aen.
1747 1721 1787 1761 6,
1816 1721 1916 1764 581)=

1219 1781 1388 1813 »Fulmine
1414 1781 1527 1824 dejecti
1550 1781 1649 1813 fundo
1675 1781 1847 1814 volvuntur
1871 1783 1904 1814 111
1930 1783 2024 1818 inum

1238 1841 1360 1887 media]
1386 1842 1508 1874 Iterum
1532 1854 1549 1874 e
1565 1843 1689 1883 Plinio,
1710 1843 1801 1886 cujus
1829 1846 1907 1877 haec
1923 1851 1998 1877 sunt
2020 1847 2114 1877 verba

1163 1906 1215 1949 (2,
1244 1906 1320 1949 G9):
1342 1906 1499 1938 »Mediam
1529 1917 1599 1937 esse
1627 1906 1725 1938 totius
1754 1908 1865 1939 mundi
1891 1909 1976 1940 haud
2010 1909 2114 1941 dubiis

1163 1973 1289 1999 constat
1318 1967 1527 2009 argumentis:
1551 1968 1607 1999 sed
1638 1968 1811 2000 clarissime
1843 1970 2034 2013 aequinoctii
2061 1983 2113 2014 pa-

1162 2031 1251 2062 ribus
1268 2031 1365 2063 horis.
1391 2032 1472 2063 Nam
1490 2032 1552 2063 nisi
1577 2032 1609 2062 in
1627 2032 1731 2063 medio
1748 2038 1845 2073 essct,
1872 2034 2022 2077 aequales
2045 2035 2113 2066 dies

1164 2098 1338 2136 noctesque
1360 2092 1469 2124 haberi
1493 2105 1557 2124 non
1585 2105 1681 2136 posse
1704 2094 1946 2137 deprehendunt
1972 2101 2004 2127 et
2025 2096 2112 2139 diop-

1164 2160 1245 2194 trae,
1275 2166 1355 2197 (111116
1381 2154 1433 2185 vel
1449 2154 1582 2185 maxime
1604 2154 1636 2186 id
1657 2155 1858 2187 confirmant:
1884 2169 1982 2200 quum
2007 2158 2111 2200 aequi-

1163 2215 1292 2247 noctiali
1318 2222 1460 2258 tempore
1486 2227 1526 2246 ex
1549 2215 1658 2247 eadem
1690 2216 1775 2248 linea
1802 2223 1891 2249 ortus
1917 2229 2111 2261 occasusque

1164 2281 1326 2316 cernatur,
1357 2276 1533 2308 solstitialis
1556 2282 1686 2308 exortus
1703 2289 1761 2320 per
1778 2289 1868 2309 suam
1887 2278 2017 2318 lincam,
2038 2279 2111 2310 bru-

1161 2339 1316 2382 malisque
1340 2351 1483 2371 occasus.
1516 2339 1610 2383 Quae
1637 2340 1778 2371 accidere
1810 2339 1898 2371 nullo
1921 2341 2015 2371 modo
2038 2353 2110 2385 pos-

1163 2407 1250 2442 sent,
1282 2402 1344 2433 nisi
1364 2402 1398 2432 in
1423 2409 1532 2435 centro
1562 2403 1622 2434 sita
1647 2407 1761 2434 esset«
1794 2400 1888 2433 Adde
1919 2401 2111 2437 Strabonem

1162 2464 1214 2507 (2,
1240 2475 1270 2506 p.
1292 2464 1362 2495 110
1389 2463 1553 2507 casaub).
1588 2464 1700 2495 Μράἰα
1717 2474 1774 2506 pro
1803 2463 1923 2501 medio,
1952 2465 2038 2507 quod
2062 2473 2112 2498 est

1161 2527 1194 2559 in
1217 2526 1326 2567 editis,
1355 2527 1485 2570 reposui
1506 2540 1524 2560 6
1542 2527 1704 2560 codicibus
1726 2526 1973 2559 Monacensihus
1997 2527 2051 2572 (A.
2068 2530 2110 2573 C)

1163 2593 1194 2620 et
1216 2589 1474 2621 Darmstattensi.

2139 596 2230 637 600*
