2310 2860
153 131 247 176 244
726 127 927 170 Martiani
959 127 1159 183 Capellae
1188 126 1262 169 lib.
1285 126 1339 168 Π.
1369 129 1402 180 §.
1428 117 1534 170 205.

37 244 125 287 265
154 241 298 282 diates.

34 327 125 370 260
157 336 334 378 quoque
363 320 567 377 mysteria
606 322 717 368 ἅπαξ
750 322 814 361 καὶ
846 322 906 365 δὶς
940 322 1117 360 ἐπίκοινα
1161 324 1396 372 potestates.
1454 315 1529 357 His
1560 315 1792 357 diutissime
1821 315 1970 357 florem
2003 317 2107 372 ignis

368 237 601 289 Quandam
641 237 765 278 etiam
806 237 1024 278 fontanam
1061 234 1286 290 Virginem
1330 233 1604 291 deprecatum
1650 235 1888 277 secundum
1925 236 2106 278 Platonis

153 438 257 482 oud.)
291 440 457 474 radiantes
489 440 535 471 dii
562 440 773 484 appellantur.
817 438 915 482 Quod
944 437 1104 482 reliquum

149 509 213 544 est,
237 503 347 535 confer
368 504 550 535 inferiorem
570 504 676 535 locum
704 503 744 547 (ἓ,
761 503 855 545 758).

217 565 400 612 fontanam]
426 567 465 598 ld
483 573 532 599 est
548 568 668 598 fontem
684 573 715 599 et
734 567 885 608 originem
902 565 995 605 ritae,
1017 565 1105 608 quod

148 628 228 662 nihil
248 635 298 661 est
317 629 401 660 aliud
422 641 517 672 quam
537 628 835 661 deus.VULc.n·.—
854 627 1005 659 Profecto
1024 627 1102 658 haec

147 690 255 723 omnia
272 691 375 722 caeeis
398 696 472 721 sunt
496 691 685 722 circumfusa
707 689 855 721 tenebris.
880 689 978 720 Forte
997 694 1103 719 tamen

147 751 196 795 (si
227 751 299 795 quis
325 751 359 783 in
386 751 459 783 loco
489 756 554 782 tam
584 751 730 783 intricate
760 751 960 792 conjecturae
992 749 1102 792 loeus)

143 813 316 857 legendum
343 815 489 846 videatur
513 815 685 859 fontanam
714 816 889 857 tet-iyitzern,
927 819 961 844 ut
991 813 1102 845 Solem

144 875 377 918 intelligamus,
412 889 508 921 quem
534 877 654 908 fontem
685 875 822 907 aetherei
850 875 932 916 ignis
961 875 1103 907 nominat

142 938 333 979 Martianus,
356 944 389 970 et
409 939 553 982 profecto
579 938 640 969 tale
662 938 738 982 quid
760 937 942 981 requiritur,
970 942 1001 968 et
1019 938 1101 969 forte

144 1003 207 1035 hoc
235 1002 356 1046 ipsum,
392 1002 419 1033 si
449 1004 607 1046 uriffinem
640 1014 698 1046 pro
734 1002 808 1043 igue
841 1001 994 1045 accipias,
1028 1013 1101 1032 nam

145 1066 311 1108 subjungit
336 1066 451 1111 florem
473 1068 566 1110 iynis.
620 1065 718 1109 Quod
746 1066 772 1096 si
798 1066 860 1097 hoe
884 1077 950 1096 non
970 1065 1100 1108 probas,

145 1130 218 1161 vide
244 1142 284 1162 an
313 1132 467 1174 originem
489 1130 588 1161 malis.
631 1129 699 1162 Sed
729 1141 804 1160 sane
830 1128 903 1172 quia
926 1128 978 1160 hic
1000 1129 1100 1170 magis

144 1191 184 1223 de
210 1191 312 1235 primo
338 1197 480 1224 motore.
516 1203 609 1234 quam
636 1191 675 1222 de
706 1189 785 1222 Sole
816 1202 937 1229 sermo,
965 1190 1039 1238 vide¹
1061 1203 1101 1223 an

143 1253 226 1284 hanc
247 1252 418 1295 fontanam
443 1254 600 1296 vit-finem
627 1252 666 1284 de
683 1251 871 1283 Entelechia
898 1252 977 1284 velis
1006 1252 1098 1283 intel-

141 1313 250 1355 ligere.
269 1314 373 1347 Gnor.
387 1333 434 1338 —
461 1315 566 1345 Meam
595 1314 633 1345 de
655 1314 717 1345 hoe
735 1313 807 1344 loeo
826 1308 1015 1345 seutentiam
1030 1314 1098 1354 jain

141 1375 262 1407 dudum
292 1376 343 1419 (in
372 1375 600 1419 palaeograph.
632 1375 699 1406 crit.
725 1375 784 1406 IV.
811 1373 839 1418 ἓ.
862 1374 953 1417 776)
979 1375 1096 1417 aperui.

140 1436 210 1470 Sed
235 1437 410 1481 praestabit
440 1437 536 1468 verba
567 1436 636 1479 ipsa
666 1436 717 1467 hie
749 1435 960 1476 subjungere:
995 1436 1098 1467 »Data

139 1499 224 1531 enim
253 1510 350 1542 opera
376 1498 552 1530 Martianus
583 1510 709 1529 omnem
736 1497 931 1528 reconditam
956 1497 1097 1541 philoso-

138 1563 274 1607 phorum
297 1561 474 1593 doctrinam
491 1561 625 1592 fabellae
646 1572 722 1592 snae
745 1561 895 1591 inscruit:
917 1573 1014 1603 quare
1044 1573 1096 1592 ve-

138 1638 212 1658 reor
232 1631 268 1658 ut
290 1639 430 1670 unquam
454 1631 598 1657 nostrum
627 1626 690 1656 sint
716 1625 929 1664 intellecturi,
957 1625 1018 1656 nisi
1042 1626 1097 1668 qui

137 1687 202 1719 illis
226 1687 352 1731 placitis
379 1686 478 1730 probe
512 1685 624 1716 imbuti
656 1685 782 1716 suerint.
820 1685 906 1716 Sane
935 1685 967 1716 hi
999 1686 1095 1717 Chal-

139 1749 302 1780 daicorum
326 1747 527 1780 oraculorum
547 1757 659 1778 versus
677 1746 774 1790 (278.
796 1746 883 1790 279)
906 1747 1097 1779 consulendi

139 1814 230 1842 sunt:

187 1869 311 1915 Λαιῇς
337 1869 379 1904 ἐν
403 1865 565 1915 λαγόόιν
589 1865 803 1904 ἘΗΑΤΗΣ
831 1865 971 1914 ἀρε-τῆς
1000 1867 1094 1903 πέλε

534 1931 697 1974 ΠΗῙῊ,

182 1993 319 2031 Ἔνὸον
339 1990 408 2041 ὅλη
429 1994 640 2039 μίμνουόα,
669 1991 712 2029 τὸ
738 1992 1034 2030 ΠΑΡΘΕΝΟΝ
1047 1990 1095 2030 οὐ

536 2060 724 2104 προϊεῖσα.

138 2119 207 2152 Nec
231 2119 545 2163 praetermittendum
574 2119 676 2150 Pselli
709 2119 748 2150 ad
773 2119 832 2150 hos
863 2130 974 2150 versus
1001 2120 1093 2150 scho-

136 2183 207 2214 ‘lion
229 2183 271 2225 (p.
290 2182 337 2213 39
361 2181 517 2224 Gallaei),
544 2182 598 2225 qni
620 2181 829 2222 »Chaldaei«,
859 2181 977 2225 inquit,
1009 2182 1094 2214 »He-

142 2251 234 2278 caten
269 2245 347 2276 deae
378 2245 452 2277 loco
483 2245 618 2286 habent,
659 2256 740 2288 quae
773 2244 912 2276 medium
949 2245 1094 2277 ordinem

143 2309 255 2347 ducat,
282 2313 314 2338 et
341 2308 431 2351 quasi
463 2313 606 2339 centrum
636 2308 678 2338 sit
703 2308 843 2339 omnium
872 2308 1096 2352 potentiarum.

143 2370 181 2403 ln
206 2368 326 2400 dextris
345 2368 414 2410 ejus
430 2369 573 2411 partibus
591 2368 750 2400 collocant
767 2369 891 2412 s'ontem
912 2370 1098 2412 animarum,

149 2444 171 2463 n
196 2430 334 2461 sinistris
354 2430 478 2473 fontem
493 2429 649 2461 honorum
673 2430 740 2462 sive
763 2430 926 2462 virtutum:
946 2432 1098 2476 ajuntque

144 2494 319 2525 animarum
349 2493 479 2538 quidem
508 2493 629 2525 fontem
663 2493 703 2524 ad
736 2495 996 2537 propagationem
1026 2507 1099 2527 esse

146 2557 335 2601 proclivem,
361 2556 513 2588 xirtutum
530 2567 606 2589 vero
626 2555 747 2589 fontem
768 2555 851 2588 intra
875 2556 1024 2602 propriae
1048 2568 1099 2590 es·

1156 434 1277 467 sentiae
1309 434 1426 466 limites
1448 434 1636 466 *coercitum
1668 447 1812 476 manere,
1856 435 1992 477 virginis
2027 434 2105 466 inta-

1156 504 1234 530 ctae·
1261 499 1362 530 instar
1401 498 1637 541 incorruptum,
1671 510 1819 541 eamque,
1860 509 1955 540 quam
1995 497 2106 535 habet,

1154 560 1333 591 firmitatem
1350 566 1382 592 et
1399 559 1649 591 immobilitatem
1673 559 1712 590 ab
1732 559 1977 602 implacabilium
1996 564 2107 601 poten-

1154 623 1269 655 tiarum
1291 623 1440 655 facultate
1463 622 1612 666 adeptum
1635 634 1706 653 esse
1731 627 1763 653 et
1783 623 1937 666 virginali
1954 634 2035 653 zona
2058 633 2107 653 ac·

1155 684 1322 716 einetumm
1367 685 1454 715 Fons
1485 690 1589 715 autem
1616 684 1670 715 ille
1701 683 1874 714 animarum
1902 684 1986 714 haud
2013 682 2107 714 dubie

1154 757 1172 778 e
1193 746 1340 778 Platonis
1365 752 1486 777 cratere
1513 746 1558 789 (in
1582 745 1663 777 Tim.
1689 758 1720 788 p.
1736 746 1781 776 41
1806 744 1935 788 steph.)
1953 749 2002 776 est
2024 756 2106 776 sum·

1154 813 1216 838 tus.
1250 808 1341 840 Ilaec
1368 807 1465 849 igitur
1495 806 1644 838 Martiani
1675 807 1730 837 illa
1761 806 1900 850 fontana
1928 807 2019 850 virqo
2049 811 2106 837 est.

1154 869 1296 901 Omnino
1325 869 1404 909 alio,
1442 881 1535 913 quam
1562 881 1638 910 ego,
1669 869 1764 900 modo
1788 874 1933 899 nostrum
1953 868 2106 912 interpre-

1153 936 1238 963 tatur
1272 930 1417 963 Joanues
1452 930 1699 963 Sarisberiensis
1729 930 1780 975 (in
1796 930 1952 977 inetalog.
1972 931 2014 972 4,
2040 931 2108 971 565

1153 1009 1183 1040 p.
1206 995 1310 1038 921),
1343 1008 1438 1038 quem
1465 995 1547 1026 xidc.

1227 1053 1339 1097 ἅπαξ
1365 1054 1428 1090 καὶ
1457 1055 1535 1101 δὶς]
1562 1056 1711 1087 Ridicula
1738 1061 1788 1087 est
1810 1055 1918 1097 glossa
1939 1055 1973 1087 in
1997 1054 2106 1087 codice

1152 1118 1351 1150 Basileensi=
1376 1126 1485 1163 »pater
1508 1120 1593 1150 lilius
1615 1131 1711 1163 super
1738 1119 1880 1159 omnia«,
1908 1119 1965 1150 sed
1982 1118 2105 1150 facilins

1152 1188 1202 1213 est
1225 1182 1310 1215 dictu
1340 1183 1417 1227 quid
1440 1195 1505 1215 non
1529 1183 1724 1225 significent,
1754 1182 1931 1225 meritoque
1957 1182 2106 1213 miramur

1150 1246 1318 1287 Grotium,
1351 1248 1405 1290 qui
1433 1247 1510 1278 nihil
1540 1247 1578 1278 ad
1603 1258 1712 1277 eorum
1737 1246 1985 1277 illustrationem
2008 1257 2105 1277 anno-

1148 1310 1236 1342 tavit.
1275 1311 1386 1353 Quum
1412 1316 1519 1341 tamen
1548 1311 1696 1340 Platonis
1726 1309 1781 1340 illa
1809 1321 1923 1341 areana
1956 1308 2106 1353 appellet,

1149 1372 1215 1403 veri
1236 1373 1430 1404 simillimum
1447 1379 1496 1404 est
1512 1373 1662 1417 placitum
1683 1372 1762 1403 illud
1784 1372 1911 1416 respici,
1935 1372 2022 1415 quod
2041 1384 2108 1405 non

1149 1434 1277 1477 quidem
1311 1435 1343 1466 in
1377 1434 1484 1474 libris,
1523 1435 1580 1466 sed
1615 1434 1647 1466 in
1680 1434 1844 1466 secretiori
1877 1434 2106 1479 discipulorum

1148 1502 1258 1535 coetu,
1283 1497 1505 1539 Pythagoreos
1535 1501 1664 1528 secutus
1693 1496 1788 1527 Plato
1812 1501 2039 1539 proposuerat,
2065 1496 2105 1527 de

1147 1558 1283 1588 monade
1307 1563 1339 1588 et
1361 1557 1483 1588 infinita
1507 1557 1608 1600 dyade
1632 1568 1738 1587 rerum
1764 1557 1904 1587 omnium
1928 1557 2103 1601 principiis,

1147 1618 1263 1659 quihus
1292 1617 1375 1648 inter
1408 1629 1442 1649 se
1471 1618 1578 1648 mixtis
1607 1630 1704 1661 quum
1733 1618 1857 1662 reliqua
1885 1619 2005 1659 onmia,
2037 1625 2103 1650 tum

1146 1681 1281 1712 maxime
1305 1683 1460 1712 ternarius
1487 1681 1592 1712 omnia
1615 1682 1830 1725 complectens
1853 1682 1982 1715 oriatur.
2010 1682 2104 1714 Cont'.

1145 1740 1324 1773 Aristidem
1351 1743 1605 1785 Quinctilianum
1632 1743 1685 1785 (in
1709 1743 1860 1775 Meihom.
1886 1755 1945 1775 ser.
1975 1755 1999 1774 r.
2023 1754 2103 1774 mus.

1144 1816 1176 1848 p.
1204 1804 1300 1848 120:
1327 1801 1486 1851 »Ἁρχήν
1520 1805 1592 1850 τῆς
1620 1805 1701 1839 τῶν
1735 1803 1840 1840 ὅλων
1873 1805 2104 1854 ὄυμφωνίοἱς

1146 1865 1205 1902 καὶ
1232 1866 1441 1914 ποιητικὴν
1458 1867 1588 1903 αἰτίαν
1614 1868 1840 1914 ἐλογίζοντο
1868 1871 1905 1904 οἱ
1927 1869 2100 1905 παλαίοι.

1145 1925 1283 1963 Πάντα
1314 1926 1389 1975 γὰρ
1420 1927 1602 1974 γίνεσθαι
1631 1927 1694 1964 διὰ
1725 1930 1797 1976 τῆς
1829 1930 1884 1970 εἰς
1910 1926 1954 1965 ἓν
1990 1928 2103 1978 ἁρμο-

1145 1991 1234 2031 νίας
1269 1988 1525 2037 συνεχόμενιε.
1566 1990 1648 2038 Τήν
1678 1992 1718 2028 δὲ
1749 1990 1874 2028 ὃυεὲὃα
1902 1992 2002 2030 κατὰ
2028 1991 2103 2040 τήν

1145 2051 1246 2099 ὓλην
1278 2055 1456 2096 ἔταττον,
1490 2050 1762 2100 ἐναντιότητος
1789 2047 1913 2089 οὖσαν
1940 2050 2102 2100 πρώτην

1147 2113 1398 2164 ἐμφαντικήν.
1427 2113 1571 2163 Τριάὸα
1598 2115 1640 2152 δὲ
1664 2115 1708 2151 τὸ
1737 2114 1893 2160 σύμπαν
1921 2115 2099 2161 ἐκάλουν,

1147 2174 1388 2224 ἐιάντιότητι
1402 2175 1464 2211 καὶ
1484 2173 1664 2223 μεσότητι
1682 2175 2022 2223 πέπληρωμὲνον,α
2053 2179 2099 2210 in-

1149 2255 1210 2286 que
1234 2242 1343 2286 primis
1372 2241 1572 2285 Simplicium
1594 2241 1646 2285 (ad
1671 2240 1806 2271 Aristot.
1830 2241 1959 2284 Physic.
1976 2243 1996 2274 f.
2017 2243 2100 2282 104,

1147 2299 1209 2343 B),
1236 2314 1332 2346 quem
1354 2303 1480 2344 egregie
1503 2302 1673 2346 explicavit
1689 2302 1827 2333 Braudis
1849 2302 1902 2346 (de
1920 2303 2009 2348 perd.
2025 2303 2098 2338 Ari—

1149 2371 1223 2398 stot.
1246 2366 1336 2397 libris
1362 2378 1393 2410 p.
1411 2367 1459 2397 55
1486 2365 1598 2409 sequ.).

1218 2430 1333 2475 florem
1351 2427 1446 2473 ignis]
1474 2428 1551 2460 Flos
1578 2428 1661 2470 ignis
1685 2428 1768 2460 idem
1791 2429 1874 2471 ignis
1896 2424 2100 2474 purissimus,—

1150 2494 1235 2526 unde
1253 2492 1407 2525 divinitati
1427 2493 1590 2535 proximus
1608 2493 1795 2536 putabatur,
1819 2499 1854 2525 ut
1879 2493 1992 2535 anima,
2015 2505 2098 2538 quae

1150 2555 1276 2589 divinae
1300 2553 1431 2597 originis
1453 2560 1512 2585 est.
1545 2553 1630 2587 Vide
1649 2566 1731 2599 quae
1762 2554 1800 2586 de
1817 2554 1957 2599 fontana
1977 2555 2096 2598 virgine
