2310 2860
698 150 897 193 Martiani
935 149 1133 207 Capellae
1172 150 1242 192 lib.
1268 149 1343 194 VI.
1382 153 1412 204 ᾗ.
1438 152 1543 195 644.

2022 159 2107 202 527

161 258 367 311 Veneria3
405 259 505 301 item
538 258 648 300 ultra
690 258 897 300 Tiberina
936 257 1038 299 ostia
1071 256 1114 298 in
1147 257 1328 299 Antiano
1360 259 1592 312 Palmaria,
1629 261 1818 317 Sinonia3
1863 274 1902 307 et
1934 266 1975 307 in
2007 267 2104 308 ivir-

158 339 301 380 miano
336 340 526 391 Pontiae,
573 339 847 390 Pandataria,
893 340 1124 395 Prochyta,
1179 340 1439 393 Abaeneria,
1491 341 1676 384 Inarime
1715 360 1739 387 a
1789 347 1961 389 Graecis
1998 348 2108 390 dicta

157 422 400 474 Pithecusa,
452 432 492 463 et
528 423 710 479 Megaris
755 422 881 463 etiam
919 421 961 461 in
1005 420 1304 476 Neapolita1103
1350 437 1373 463 a
1420 424 1623 465 Surrento
1661 425 1703 465 in
1734 436 1881 468 octavo
1914 429 2107 471 milliario

158 501 350 558 Capreae
393 504 579 551 [Se-naria
623 504 732 545 dicta
770 513 809 544 et
852 502 1090 554 Telentea],
1143 503 1243 543 item
1289 503 1545 545 Leucothea.

156 594 348 639 spectans
384 599 409 626 a
448 585 618 627 Corsica
655 586 699 626 in
737 595 887 626 octavo
919 584 1113 626 Sardinia
1150 594 1230 635 est,
1273 585 1315 625 in
1351 599 1437 639 quo
1469 595 1642 640 angusto
1673 586 1779 628 freto
1818 599 1914 630 sunt
1945 605 2103 644 parvae

155 664 338 716 insulae,
394 679 506 720 quae
539 665 838 706 Cuniculariae
877 664 1180 720 perhibentur3
1236 665 1337 706 item
1382 666 1552 717 Pinton,
1610 676 1649 707 et
1697 668 1862 708 Fossae.

153 783 263 803 maeus
290 772 474 814 distinguit,
497 784 578 817 quae
604 784 666 803 una
683 777 741 804 est.
763 771 941 803 Martianus
960 771 1105 814 Capella,

154 838 189 865 ut
213 834 349 865 liabetur
371 834 405 866 in
436 834 601 878 pluteariis
627 834 696 876 ejus
719 834 825 865 libris:
847 834 952 875 »Urgo
976 834 1051 865 item
1074 837 1106 863 et

153 895 307 940 Capraria
337 910 431 941 quam
463 897 579 931 Graeci
608 898 735 942 Aegion
762 897 888 938 dixere,
919 897 994 928 item
1022 897 1105 940 Ερε-

151 958 245 998 lium,
277 959 456 991 Dianium.«
491 961 618 1004 Aeqion
638 965 688 991 cst
709 960 874 1004 Αἶγειον,
908 959 947 989 ad
974 959 1104 990 verbum

150 1021 361 1065 Capi-arium,-
385 1024 534 1066 Eyelium
551 1023 702 1066 scriptum
719 1034 776 1066 pro
793 1024 955 1065 Aeyilium
978 1022 1025 1052 vel
1040 1023 1102 1053 Ae-

147 1086 276 1129 qylitaetti.
302 1085 384 1116 Nam
406 1086 450 1116 ita
473 1086 569 1116 scribi
590 1086 694 1125 dehet,
720 1084 795 1125 Αἲξ
822 1091 854 1115 et
875 1085 1102 1116 deminutivum

147 1141 305 1191 αἰγύλη,
341 1158 444 1189 parua
475 1158 589 1188 capra,
620 1146 694 1177 inde
716 1141 904 1190 Αἰγύλιον
934 1147 1102 1189 Capraria.

146 1208 274 1240 Diserte
294 1209 389 1240 etiam
407 1209 438 1240 in
455 1209 575 1253 optimo
587 1209 692 1251 Regio
711 1208 820 1241 codice
834 1209 1008 1254 Ai'vaOV
1027 1211 1101 1242 seri-

146 1269 291 1301 bebatur.
325 1270 364 1300 In
389 1271 561 1314 Pomponii
584 1271 689 1303 Melae
717 1270 844 1313 scriptis
866 1270 1100 1313 exemplaribus

151 1333 292 1376 Itqilium
304 1345 471 1377 perperam
493 1345 551 1377 pro
567 1334 697 1377 IgJiIium
716 1333 1099 1377 velAeJJyIium.Saunium.

145 1394 200 1438 (ad
223 1395 328 1429 Solin.
353 1409 383 1440 p.
401 1398 460 1428 95.
479 1397 598 1440 96)-
626 1397 746 1428 Nostro
769 1397 853 1428 favet
873 1396 1014 1427 Rutilius
1031 1396 1097 1427 Nu-

144 1459 301 1491 matianus
327 1460 408 1504 (itin.
433 1461 469 1499 -1,
496 1460 600 1503 525)=

202 1524 357 1555 »Emimcs
384 1523 469 1565 Igilii
495 1525 613 1555 silvosa
637 1525 805 1556 cacumina
831 1525 967 1563 miror«,

142 1598 203 1618 nec
225 1587 328 1618 nostri
358 1587 485 1619 codices
515 1587 652 1626 variant,
687 1598 743 1630 pro
775 1587 939 1630 superiore
972 1592 1095 1618 tantum

143 1650 293 1693 Aeqilion
314 1650 395 1682 alios
417 1651 556 1695 Aeqilon
575 1651 714 1684 scribere
740 1650 874 1682 Grotius
897 1651 930 1682 in
954 1649 1095 1692 margine

140 1718 240 1745 notat.

219 1773 374 1820 Veneria]
401 1774 590 1808 Veieetinns
611 1775 713 1807 codex
736 1780 768 1806 et
782 1774 1009 1817 Lugdunensis
1031 1776 1093 1807 Ve-

140 1839 243 1868 amrin.
276 1836 332 1869 An
361 1839 511 1870 Hermu-ia
537 1851 609 1870 cnm
635 1838 767 1869 Plinio?
798 1838 883 1870 Vide
905 1839 1037 1869 Festum
1062 1844 1094 1869 et

139 1898 269 1932 Melam.
285 1898 390 1931 GnoT.
406 1917 454 1922 —
484 1899 603 1930 Nescio
639 1899 755 1942 quibus
780 1899 879 1930 Plinii
900 1899 1093 1930 editionibus

140 1960 291 1994 Grotium
313 1973 406 1993 usum
424 1973 495 1993 esse
514 1962 627 2000 dicam,
653 1962 707 2005 qui
721 1967 753 1993 et
767 1962 991 1994 Colubrariam
1009 1963 1093 2006 apud

137 2020 228 2056 illum
249 2025 364 2067 legerit
387 2037 445 2069 pro
467 2025 691 2064 Columbaria,
727 2031 759 2056 et
789 2037 939 2057 numeros
962 2038 1091 2069 quoque

137 2085 296 2117 interdum
319 2087 398 2118 alios
423 2093 518 2130 atque
544 2086 576 2117 in
605 2086 722 2117 nostris
746 2092 881 2118 exstant.
921 2087 983 2118 llic
1013 2099 1090 2131 quo-

137 2158 200 2191 que
230 2152 360 2179 nostrae
385 2148 484 2179 Plinii
509 2148 665 2179 editiones
693 2160 765 2179 cum
792 2149 950 2180 Mai-tiano
976 2161 1090 2181 conxe-

135 2210 244 2250 niunt,
268 2211 330 2242 nisi
357 2212 444 2255 quod
472 2212 617 2243 Venaria
643 2212 768 2253 legunt,
802 2213 888 2255 quod
914 2218 1017 2244 tamen
1039 2225 1088 2244 rc·

137 2273 287 2313 stituere,
323 2274 459 2319 reliquis
499 2275 662 2308 codicibus
699 2287 764 2307 non
802 2275 1087 2320 adstipulantibus,

136 2334 288 2366 dubitavi.

207 2395 388 2442 Fir-miano]
414 2397 502 2440 Lege
516 2399 872 2432 Formiano.Gn0r.—
889 2402 1001 2443 Recte,
1029 2403 1086 2435 sed

134 2459 261 2492 codices
290 2466 480 2504 repugnant.
511 2460 636 2492 Plinius
665 2462 770 2494 aliter:
796 2463 980 2497 »adversum
1006 2466 1085 2497 For-

133 2524 215 2555 mias
247 2523 400 2564 Pontiae,
436 2523 470 2556 in
501 2525 682 2559 Puteolano
717 2531 822 2560 autem
859 2528 931 2561 sinu
959 2530 1085 2563 Panda-

132 2585 227 2617 taria«
256 2590 316 2618 cet.

1932 670 2102 712 Verum

1212 756 1434 816 ⁷Abacneria]
1468 771 1531 804 llic
1559 772 1672 804 iterum
1698 773 1882 807 festinanter
1908 783 1938 808 et
1960 778 2104 822 imperite

1156 833 1297 865 Plinium
1324 835 1507 879 exscripsit,
1542 836 1632 878 cujus
1660 838 1753 869 verba
1780 839 1856 870 bace
1883 846 1971 871 sunt:
2005 842 2103 873 »Pro-

1156 897 1266 939 cbyta,
1288 908 1352 928 non
1381 897 1419 929 ab
1437 896 1568 930 Aeneae
1585 899 1721 939 nutrice,
1745 900 1800 930 sed
1822 901 1894 944 quia
1915 904 2045 944 profusa
2064 904 2104 934 ab

1155 960 1300 990 Aenaria
1322 965 1405 1000 crat,
1431 960 1576 991 Aenaria
1597 961 1665 1004 ipsa
1692 973 1709 992 a
1736 962 1870 993 statione
1895 963 2020 994 navium
2036 963 2101 996 Ac·

1155 1034 1250 1062 neae,
1276 1023 1419 1054 Homero
1443 1024 1586 1055 Inarime
1611 1024 1709 1065 dieta,
1738 1024 1871 1058 Graccis
1896 1027 2095 1059 Pithecusa«

1227 1097 1380 1142 Inarime]
1403 1098 1452 1128 Ex
1472 1099 1644 1131 Homerico
1659 1099 1713 1133 εἰν
1728 1098 1888 1145 Αρὶμοις
1903 1102 1996 1146 (11.6,
2018 1103 2103 1146 785)

1148 1158 1214 1200 jam
1242 1172 1259 1190 a
1283 1159 1418 1200 Virgilio
1444 1166 1626 1203 corruptum
1646 1160 1741 1204 (Aen.
1760 1162 1799 1202 9,
1826 1163 1927 1206 712):

1203 1252 1250 1257 -—
1269 1251 1316 1257 —
1334 1235 1533 1281 »durumque
1557 1236 1657 1266 cubile

1199 1295 1336 1327 Inarime
1353 1296 1446 1327 Jovi's
1466 1297 1606 1338 imperiis
1628 1299 1761 1340 imposta
1792 1298 1974 1341 Typhoeo«,

1150 1382 1245 1413 quem
1275 1370 1415 1400 certatim
1450 1370 1611 1401 imitantur
1639 1370 1774 1403 Ovidius
1808 1373 1892 1415 (met.
1928 1375 1988 1415 14,
2022 1375 2099 1419 88),

1149 1432 1251 1464 Silius
1280 1434 1338 1475 (8,
1372 1433 1454 1464 541.
1485 1434 1546 1473 12,
1585 1434 1686 1478 148),
1725 1433 1849 1467 Statius
1881 1436 1970 1480 (silv.
1993 1439 2032 1479 2,
2059 1439 2098 1480 2,

1150 1496 1226 1540 76),
1252 1496 1314 1529 alii.

1221 1570 1372 1616 Semo-ia]
1391 1570 1484 1613 Quae
1503 1571 1553 1604 hie
1568 1572 1658 1603 uncis
1675 1572 1798 1604 inclusa
1812 1579 1897 1614 sunt,
1922 1586 1986 1607 non
2002 1575 2096 1608 modo

1147 1645 1164 1664 a
1178 1633 1296 1673 Plinio,
1323 1644 1432 1664 verum
1452 1633 1545 1664 etiam
1565 1645 1581 1664 a
1600 1634 1762 1665 codicibus
1775 1635 2021 1667 Monacensibus
2042 1637 2097 1679 (Α.

1149 1697 1190 1740 C)
1215 1703 1246 1729 et
1268 1697 1514 1729 Darmstattensi
1542 1698 1672 1737 absunt,
1705 1703 1737 1729 et
1761 1699 1927 1730 manifesto
1951 1707 2097 1744 corrupta

1147 1764 1221 1790 sunt
1247 1771 1351 1803 neque
1374 1759 1413 1790 ad
1435 1759 1577 1802 Capreas
1598 1759 1776 1803 pertinent3
1803 1772 1843 1792 an
1866 1772 1925 1806 pro
1954 1762 2097 1794 Teleneia

1144 1823 1315 1865 legendum
1340 1823 1514 1854 Teleboea?
1540 1823 1694 1866 Virgilius
1713 1823 1810 1868 (Aen.
1827 1826 1860 1866 7,
1889 1825 1991 1871 755)=
2015 1826 2096 1858 „Te-

1144 1885 1273 1916 leboum
1295 1885 1438 1928 Capreae
1460 1895 1585 1926 regnan·

1216 1960 1389 2006 Sardinia]
1416 1961 1575 1994 salmasio
1599 1961 1653 2003 (ad
1678 1961 1783 1994 Solin.
1805 1975 1834 2007 p.
1855 1963 1916 2007 98)
1939 1965 2092 1998 suadente

1143 2025 1239 2056 verba
1270 2025 1349 2067 »jam
1376 2024 1521 2057 Africum
1552 2037 1637 2056 mare
1669 2032 1852 2069 spectans«,
1887 2040 1968 2071 quae
1995 2029 2090 2071 xulgo

1143 2098 1214 2118 cum
1235 2088 1415 2119 Leucothea
1436 2086 1727 2128 conjungebantur,
1752 2089 1813 2120 buc
1836 2089 1938 2121 retuli.
1964 2090 2090 2122 Plinius

1141 2148 1193 2191 (5,
1226 2148 1300 2191 15)=
1331 2149 1428 2180 »Mox
1455 2148 1656 2190 Leucothea,
1687 2154 1840 2193 extraque
1871 2158 2086 2195 conspectum,

1139 2211 1273 2256 pelagus
1297 2211 1443 2244 Africum
1476 2211 1650 2254 attingens,
1685 2212 1850 2252 Sardinia,
1881 2214 1985 2246 minus
2016 2220 2087 2246 octo

1138 2273 1280 2304 millibus
1306 2285 1457 2317 passuum
1483 2284 1501 2304 a
1532 2273 1683 2305 Corsicae
1713 2274 1880 2305 extremis«
1904 2280 1962 2306 cet.
2000 2275 2088 2306 Titu-

1136 2334 1203 2366 lum
1226 2346 1369 2378 quoque,
1397 2347 1490 2378 quem
1508 2334 1603 2376 vulgo
1624 2334 1816 2378 peculiarem
1836 2335 1983 2376 habehat,
2009 2335 2086 2367 omi-

1137 2398 1181 2439 si,
1209 2410 1249 2429 ne
1271 2398 1370 2430 series
1392 2398 1567 2430 insularum
1595 2398 1887 2441 interrumperetur.

1209 2460 1354 2507 Piraion]
1371 2462 1493 2495 Annon
1518 2464 1676 2506 Pltytom’s
1700 2462 1750 2493 vel
1776 2463 1932 2504 Pythonis
1957 2461 2084 2494 fossae?

1137 2525 1298 2559 Gnor.—
1326 2526 1444 2558 Nescio
1470 2539 1509 2558 an
1535 2527 1639 2570 ipsum
1660 2525 1800 2556 Plinium
1827 2525 1960 2557 Grotius
1987 2526 2083 2558 corri-

1135 2602 1210 2633 gere
1234 2590 1385 2632 voluerit,
1412 2591 1498 2636 apud
1520 2602 1614 2634 quem
1636 2594 1685 2622 est
1705 2589 1877 2621 Phintonis
1897 2595 1928 2621 et
1949 2589 2081 2624 Fossae.

1619 504 1711 545 Jain
1754 507 1947 549 Africum
1989 524 2107 551 mare
2135 508 2225 549 6455
