<?xml version="1.0" encoding="UTF-8"?>
<!DOCTYPE html PUBLIC "-//W3C//DTD XHTML 1.0 Transitional//EN"
    "http://www.w3.org/TR/xhtml1/DTD/xhtml1-transitional.dtd">
<html xmlns="http://www.w3.org/1999/xhtml" xml:lang="en" lang="en">
 <head>
  <title>
</title>
<meta http-equiv="Content-Type" content="text/html;charset=utf-8" />
  <meta name='ocr-system' content='tesseract 3.04.00' />
  <meta name='ocr-capabilities' content='ocr_page ocr_carea ocr_par ocr_line ocrx_word'/>
</head>
<body>
  <div class='ocr_page' id='page_1' title='image "./denuptiisphilolo00martuoft/denuptiisphilolo00martuoft_0525.png"; bbox 0 0 2310 2860; ppageno 0'>
   <div class='ocr_carea' id='block_1_1' title="bbox 750 91 2132 149">
    <p class='ocr_par' dir='ltr' id='par_1_1' title="bbox 750 91 2132 149">
     <span class='ocr_line' id='line_1_1' title="bbox 750 91 2132 149; baseline -0.009 -12"><span class='ocrx_word' id='word_1_1' title='bbox 750 95 949 137; x_wconf 83' lang='lat' dir='ltr'>Martiani</span> <span class='ocrx_word' id='word_1_2' title='bbox 982 92 1181 149; x_wconf 79' lang='lat' dir='ltr'>Capellae</span> <span class='ocrx_word' id='word_1_3' title='bbox 1213 91 1283 133; x_wconf 87' lang='lat' dir='ltr'>lib.</span> <span class='ocrx_word' id='word_1_4' title='bbox 1312 91 1386 134; x_wconf 73' lang='lat' dir='ltr'>w.</span> <span class='ocrx_word' id='word_1_5' title='bbox 1418 94 1448 143; x_wconf 64' lang='grc' dir='ltr'>ᾗ.</span> <span class='ocrx_word' id='word_1_6' title='bbox 1472 92 1568 134; x_wconf 67' lang='lat'>577.</span> <span class='ocrx_word' id='word_1_7' title='bbox 1989 92 1992 94; x_wconf 77' lang='grc'><strong>’</strong></span> <span class='ocrx_word' id='word_1_8' title='bbox 2041 97 2132 139; x_wconf 65' lang='lat'>439</span> 
     </span>
    </p>
   </div>
   <div class='ocr_carea' id='block_1_2' title="bbox 174 199 2128 261">
    <p class='ocr_par' dir='ltr' id='par_1_2' title="bbox 174 199 2128 261">
     <span class='ocr_line' id='line_1_2' title="bbox 174 199 2128 261; baseline -0.001 -15"><span class='ocrx_word' id='word_1_9' title='bbox 174 206 335 247; x_wconf 85' lang='lat' dir='ltr'>lationis</span> <span class='ocrx_word' id='word_1_10' title='bbox 367 205 558 261; x_wconf 86' lang='lat' dir='ltr'>partibus</span> <span class='ocrx_word' id='word_1_11' title='bbox 589 204 743 258; x_wconf 81' lang='lat' dir='ltr'>illigata</span> <span class='ocrx_word' id='word_1_12' title='bbox 768 204 899 244; x_wconf 82' lang='lat' dir='ltr'><strong>aciem</strong></span> <span class='ocrx_word' id='word_1_13' title='bbox 933 201 1164 243; x_wconf 77' lang='lat' dir='ltr'>industriae</span> <span class='ocrx_word' id='word_1_14' title='bbox 1195 200 1380 241; x_wconf 89' lang='lat' dir='ltr'>melioris</span> <span class='ocrx_word' id='word_1_15' title='bbox 1408 199 1592 251; x_wconf 80' lang='lat' dir='ltr'>obtudit,</span> <span class='ocrx_word' id='word_1_16' title='bbox 1624 202 1810 243; x_wconf 87' lang='lat' dir='ltr'>amisisse</span> <span class='ocrx_word' id='word_1_17' title='bbox 1835 203 1941 244; x_wconf 83' lang='lat' dir='ltr'>mihi</span> <span class='ocrx_word' id='word_1_18' title='bbox 1972 203 2128 246; x_wconf 82' lang='lat' dir='ltr'>videris</span> 
     </span>
    </p>
   </div>
   <div class='ocr_carea' id='block_1_3' title="bbox 174 282 2132 340">
    <p class='ocr_par' dir='ltr' id='par_1_3' title="bbox 174 282 2132 340">
     <span class='ocr_line' id='line_1_3' title="bbox 174 282 2132 340; baseline -0.001 -12"><span class='ocrx_word' id='word_1_19' title='bbox 174 297 213 328; x_wconf 86' lang='lat' dir='ltr'>et</span> <span class='ocrx_word' id='word_1_20' title='bbox 251 288 380 340; x_wconf 85' lang='lat' dir='ltr'>hujus</span> <span class='ocrx_word' id='word_1_21' title='bbox 426 296 644 328; x_wconf 87' lang='lat' dir='ltr'>matronae</span> <span class='ocrx_word' id='word_1_22' title='bbox 676 285 955 336; x_wconf 80' lang='lat' dir='ltr'>memoriam,</span> <span class='ocrx_word' id='word_1_23' title='bbox 1011 294 1050 325; x_wconf 91' lang='lat' dir='ltr'>et</span> <span class='ocrx_word' id='word_1_24' title='bbox 1078 285 1163 338; x_wconf 85' lang='lat' dir='ltr'>jam</span> <span class='ocrx_word' id='word_1_25' title='bbox 1201 282 1390 338; x_wconf 86' lang='lat' dir='ltr'>ejusdem</span> <span class='ocrx_word' id='word_1_26' title='bbox 1437 297 1685 337; x_wconf 76' lang='lat' dir='ltr'>germanam</span> <span class='ocrx_word' id='word_1_27' title='bbox 1732 284 1915 325; x_wconf 83' lang='lat' dir='ltr'>voluisse</span> <span class='ocrx_word' id='word_1_28' title='bbox 1958 286 2132 326; x_wconf 88' lang='lat' dir='ltr'>nescire.</span> 
     </span>
    </p>
   </div>
   <div class='ocr_carea' id='block_1_4' title="bbox 173 363 2176 424">
    <p class='ocr_par' dir='ltr' id='par_1_4' title="bbox 173 363 2176 424">
     <span class='ocr_line' id='line_1_4' title="bbox 173 363 2176 424; baseline -0.002 -14"><span class='ocrx_word' id='word_1_29' title='bbox 173 369 250 410; x_wconf 89' lang='lat' dir='ltr'>Illa</span> <span class='ocrx_word' id='word_1_30' title='bbox 282 384 472 424; x_wconf 86' lang='lat' dir='ltr'>namque</span> <span class='ocrx_word' id='word_1_31' title='bbox 502 369 625 424; x_wconf 91' lang='lat' dir='ltr'>parili</span> <span class='ocrx_word' id='word_1_32' title='bbox 667 382 800 423; x_wconf 84' lang='lat' dir='ltr'>quam</span> <span class='ocrx_word' id='word_1_33' title='bbox 839 366 1069 408; x_wconf 79' lang='lat' dir='ltr'>accinctam</span> <span class='ocrx_word' id='word_1_34' title='bbox 1108 366 1243 406; x_wconf 80' lang='lat' dir='ltr'><strong>cernis</strong></span> <span class='ocrx_word' id='word_1_35' title='bbox 1289 363 1448 414; x_wconf 81' lang='lat' dir='ltr'>officio,</span> <span class='ocrx_word' id='word_1_36' title='bbox 1495 369 1660 405; x_wconf 74' lang='grc' dir='ltr'><em>Παιδεία</em></span> <span class='ocrx_word' id='word_1_37' title='bbox 1692 366 1922 417; x_wconf 82' lang='lat' dir='ltr'>vocitatur,</span> <span class='ocrx_word' id='word_1_38' title='bbox 1972 365 2132 407; x_wconf 85' lang='lat' dir='ltr'>femina</span> <span class='ocrx_word' id='word_1_39' title='bbox 2165 392 2176 405; x_wconf 61' lang='lat'>2</span> 
     </span>
    </p>
   </div>
   <div class='ocr_carea' id='block_1_5' title="bbox 172 431 2133 991">
    <p class='ocr_par' dir='ltr' id='par_1_5' title="bbox 172 431 2133 991">
     <span class='ocr_line' id='line_1_5' title="bbox 175 431 2128 505; baseline 0 -16"><span class='ocrx_word' id='word_1_40' title='bbox 175 449 410 491; x_wconf 85' lang='lat' dir='ltr'>admodum</span> <span class='ocrx_word' id='word_1_41' title='bbox 450 450 638 505; x_wconf 82' lang='lat' dir='ltr'>locuples</span> <span class='ocrx_word' id='word_1_42' title='bbox 674 459 713 490; x_wconf 90' lang='lat' dir='ltr'>et</span> <span class='ocrx_word' id='word_1_43' title='bbox 749 462 859 504; x_wconf 89' lang='lat' dir='ltr'>quae</span> <span class='ocrx_word' id='word_1_44' title='bbox 894 447 983 487; x_wconf 89' lang='lat' dir='ltr'>illas</span> <span class='ocrx_word' id='word_1_45' title='bbox 1016 446 1206 487; x_wconf 86' lang='lat' dir='ltr'>Croesias</span> <span class='ocrx_word' id='word_1_46' title='bbox 1248 445 1488 500; x_wconf 86' lang='lat' dir='ltr'>Dariasque</span> <span class='ocrx_word' id='word_1_47' title='bbox 1527 461 1629 502; x_wconf 91' lang='lat' dir='ltr'>prae</span> <span class='ocrx_word' id='word_1_48' title='bbox 1669 431 1754 487; x_wconf 85' lang='lat' dir='ltr'>suis</span> <span class='ocrx_word' id='word_1_49' title='bbox 1785 462 1885 502; x_wconf 89' lang='lat' dir='ltr'>opes</span> <span class='ocrx_word' id='word_1_50' title='bbox 1916 462 2128 504; x_wconf 85' lang='lat' dir='ltr'>gazasque</span> 
     </span>
     <span class='ocr_line' id='line_1_6' title="bbox 172 527 2129 586; baseline 0.001 -16"><span class='ocrx_word' id='word_1_51' title='bbox 172 529 385 585; x_wconf 88' lang='lat' dir='ltr'>despiciat.</span> <span class='ocrx_word' id='word_1_52' title='bbox 450 531 566 571; x_wconf 87' lang='lat' dir='ltr'>Haeo</span> <span class='ocrx_word' id='word_1_53' title='bbox 604 540 746 586; x_wconf 89' lang='lat' dir='ltr'>utpote</span> <span class='ocrx_word' id='word_1_54' title='bbox 783 530 1041 570; x_wconf 78' lang='lat' dir='ltr'>talentorum</span> <span class='ocrx_word' id='word_1_55' title='bbox 1084 527 1249 569; x_wconf 84' lang='lat' dir='ltr'>conseia</span> <span class='ocrx_word' id='word_1_56' title='bbox 1286 527 1328 567; x_wconf 88' lang='lat' dir='ltr'>in</span> <span class='ocrx_word' id='word_1_57' title='bbox 1368 527 1564 568; x_wconf 88' lang='lat' dir='ltr'>omnium</span> <span class='ocrx_word' id='word_1_58' title='bbox 1606 543 1703 569; x_wconf 85' lang='lat' dir='ltr'>rara</span> <span class='ocrx_word' id='word_1_59' title='bbox 1742 544 2007 584; x_wconf 80' lang='lat' dir='ltr'>congressus,</span> <span class='ocrx_word' id='word_1_60' title='bbox 2051 546 2129 571; x_wconf 88' lang='lat' dir='ltr'>nee</span> 
     </span>
     <span class='ocr_line' id='line_1_7' title="bbox 174 609 2129 666; baseline 0.001 -16"><span class='ocrx_word' id='word_1_61' title='bbox 174 611 377 664; x_wconf 84' lang='lat' dir='ltr'>cuiquam</span> <span class='ocrx_word' id='word_1_62' title='bbox 417 609 539 650; x_wconf 80' lang='lat' dir='ltr'>facile</span> <span class='ocrx_word' id='word_1_63' title='bbox 579 611 786 666; x_wconf 89' lang='lat' dir='ltr'>primores</span> <span class='ocrx_word' id='word_1_64' title='bbox 824 610 972 650; x_wconf 87' lang='lat' dir='ltr'>saltem</span> <span class='ocrx_word' id='word_1_65' title='bbox 1004 609 1149 650; x_wconf 89' lang='lat' dir='ltr'>vultus</span> <span class='ocrx_word' id='word_1_66' title='bbox 1180 610 1366 664; x_wconf 87' lang='lat' dir='ltr'>superba</span> <span class='ocrx_word' id='word_1_67' title='bbox 1397 611 1665 651; x_wconf 87' lang='lat' dir='ltr'>committens</span> <span class='ocrx_word' id='word_1_68' title='bbox 1697 611 1955 666; x_wconf 81' lang='lat' dir='ltr'>plerumque</span> <span class='ocrx_word' id='word_1_69' title='bbox 1986 620 2129 652; x_wconf 87' lang='lat' dir='ltr'>tamen</span> 
     </span>
     <span class='ocr_line' id='line_1_8' title="bbox 175 691 2130 748; baseline 0.001 -16"><span class='ocrx_word' id='word_1_70' title='bbox 175 692 363 733; x_wconf 73' lang='lat' dir='ltr'>adhaesit</span> <span class='ocrx_word' id='word_1_71' title='bbox 400 694 626 748; x_wconf 86' lang='lat' dir='ltr'>arrisitque</span> <span class='ocrx_word' id='word_1_72' title='bbox 666 692 949 748; x_wconf 84' lang='lat' dir='ltr'>pauperibus,</span> <span class='ocrx_word' id='word_1_73' title='bbox 998 691 1219 746; x_wconf 81' lang='lat' dir='ltr'>magisque</span> <span class='ocrx_word' id='word_1_74' title='bbox 1260 692 1339 732; x_wconf 90' lang='lat' dir='ltr'>illis</span> <span class='ocrx_word' id='word_1_75' title='bbox 1392 707 1498 746; x_wconf 82' lang='lat' dir='ltr'>quos</span> <span class='ocrx_word' id='word_1_76' title='bbox 1544 702 1616 733; x_wconf 91' lang='lat' dir='ltr'>aut</span> <span class='ocrx_word' id='word_1_77' title='bbox 1659 693 1837 748; x_wconf 88' lang='lat' dir='ltr'>pedibus</span> <span class='ocrx_word' id='word_1_78' title='bbox 1874 693 2013 734; x_wconf 92' lang='lat' dir='ltr'>nudos</span> <span class='ocrx_word' id='word_1_79' title='bbox 2058 702 2130 734; x_wconf 87' lang='lat' dir='ltr'>aut</span> 
     </span>
     <span class='ocr_line' id='line_1_9' title="bbox 172 771 2130 829; baseline 0.001 -18"><span class='ocrx_word' id='word_1_80' title='bbox 172 773 336 812; x_wconf 87' lang='lat' dir='ltr'>intonso</span> <span class='ocrx_word' id='word_1_81' title='bbox 376 773 490 813; x_wconf 87' lang='lat' dir='ltr'>crine</span> <span class='ocrx_word' id='word_1_82' title='bbox 538 772 723 827; x_wconf 89' lang='lat' dir='ltr'>hispidos</span> <span class='ocrx_word' id='word_1_83' title='bbox 770 782 842 813; x_wconf 81' lang='lat' dir='ltr'>aut</span> <span class='ocrx_word' id='word_1_84' title='bbox 889 771 1074 812; x_wconf 84' lang='lat' dir='ltr'>sordenti</span> <span class='ocrx_word' id='word_1_85' title='bbox 1122 772 1338 827; x_wconf 79' lang='lat' dir='ltr'>conspexit</span> <span class='ocrx_word' id='word_1_86' title='bbox 1384 773 1510 828; x_wconf 86' lang='lat' dir='ltr'>pallio</span> <span class='ocrx_word' id='word_1_87' title='bbox 1558 774 1813 825; x_wconf 79' lang='lat' dir='ltr'>semitectos3</span> <span class='ocrx_word' id='word_1_88' title='bbox 1874 773 2060 829; x_wconf 84' lang='lat' dir='ltr'>denique</span> <span class='ocrx_word' id='word_1_89' title='bbox 2097 772 2130 813; x_wconf 87' lang='lat' dir='ltr'>si</span> 
     </span>
     <span class='ocr_line' id='line_1_10' title="bbox 172 853 2128 910; baseline 0 -16"><span class='ocrx_word' id='word_1_90' title='bbox 172 853 370 894; x_wconf 85' lang='lat' dir='ltr'>Marcum</span> <span class='ocrx_word' id='word_1_91' title='bbox 407 853 658 894; x_wconf 88' lang='lat' dir='ltr'>Terentium</span> <span class='ocrx_word' id='word_1_92' title='bbox 699 867 946 909; x_wconf 87' lang='lat' dir='ltr'>paucosque</span> <span class='ocrx_word' id='word_1_93' title='bbox 987 853 1221 895; x_wconf 89' lang='lat' dir='ltr'>Romuleos</span> <span class='ocrx_word' id='word_1_94' title='bbox 1254 855 1437 910; x_wconf 77' lang='lat' dir='ltr'>excipias</span> <span class='ocrx_word' id='word_1_95' title='bbox 1470 856 1734 905; x_wconf 82' lang='lat' dir='ltr'>consulares,</span> <span class='ocrx_word' id='word_1_96' title='bbox 1779 855 1922 895; x_wconf 91' lang='lat' dir='ltr'>nullus</span> <span class='ocrx_word' id='word_1_97' title='bbox 1954 868 2128 910; x_wconf 89' lang='lat' dir='ltr'>prorsus</span> 
     </span>
     <span class='ocr_line' id='line_1_11' title="bbox 173 934 2133 991; baseline 0.001 -17"><span class='ocrx_word' id='word_1_98' title='bbox 173 935 270 984; x_wconf 86' lang='lat' dir='ltr'>crit,</span> <span class='ocrx_word' id='word_1_99' title='bbox 316 935 437 988; x_wconf 83' lang='lat' dir='ltr'>eujus</span> <span class='ocrx_word' id='word_1_100' title='bbox 476 936 552 975; x_wconf 87' lang='lat' dir='ltr'>ista</span> <span class='ocrx_word' id='word_1_101' title='bbox 595 935 726 975; x_wconf 87' lang='lat' dir='ltr'>limen</span> <span class='ocrx_word' id='word_1_102' title='bbox 760 936 936 976; x_wconf 87' lang='lat' dir='ltr'>intrarit.</span> <span class='ocrx_word' id='word_1_103' title='bbox 1004 935 1134 978; x_wconf 87' lang='lat' dir='ltr'>Vides</span> <span class='ocrx_word' id='word_1_104' title='bbox 1181 936 1305 990; x_wconf 76' lang='lat' dir='ltr'>igitur</span> <span class='ocrx_word' id='word_1_105' title='bbox 1346 936 1518 991; x_wconf 85' lang='lat' dir='ltr'>utrique</span> <span class='ocrx_word' id='word_1_106' title='bbox 1558 936 1742 977; x_wconf 79' lang='lat' dir='ltr'>feminae</span> <span class='ocrx_word' id='word_1_107' title='bbox 1778 950 1911 990; x_wconf 82' lang='lat' dir='ltr'>quam</span> <span class='ocrx_word' id='word_1_108' title='bbox 1943 935 2039 976; x_wconf 88' lang='lat' dir='ltr'>insit</span> <span class='ocrx_word' id='word_1_109' title='bbox 2069 934 2133 975; x_wconf 87' lang='lat' dir='ltr'>sa-</span> 
     </span>
    </p>
   </div>
   <div class='ocr_carea' id='block_1_6' title="bbox 171 1017 2129 1072">
    <p class='ocr_par' dir='ltr' id='par_1_6' title="bbox 171 1017 2129 1072">
     <span class='ocr_line' id='line_1_12' title="bbox 171 1017 2129 1072; baseline 0 -15"><span class='ocrx_word' id='word_1_110' title='bbox 171 1026 312 1057; x_wconf 85' lang='lat' dir='ltr'>stuosa</span> <span class='ocrx_word' id='word_1_111' title='bbox 356 1031 558 1068; x_wconf 79' lang='lat' dir='ltr'>censura3</span> <span class='ocrx_word' id='word_1_112' title='bbox 613 1027 753 1058; x_wconf 88' lang='lat' dir='ltr'>tamen</span> <span class='ocrx_word' id='word_1_113' title='bbox 785 1027 994 1071; x_wconf 83' lang='lat' dir='ltr'>utraeque</span> <span class='ocrx_word' id='word_1_114' title='bbox 1024 1018 1292 1059; x_wconf 82' lang='lat' dir='ltr'>Mercurialis</span> <span class='ocrx_word' id='word_1_115' title='bbox 1344 1018 1582 1068; x_wconf 85' lang='lat' dir='ltr'>ministrae,</span> <span class='ocrx_word' id='word_1_116' title='bbox 1633 1032 1745 1072; x_wconf 87' lang='lat' dir='ltr'>quae</span> <span class='ocrx_word' id='word_1_117' title='bbox 1790 1017 1948 1067; x_wconf 84' lang='lat' dir='ltr'>veniet,</span> <span class='ocrx_word' id='word_1_118' title='bbox 1994 1017 2129 1058; x_wconf 83' lang='lat' dir='ltr'>officio</span> 
     </span>
    </p>
   </div>
   <div class='ocr_carea' id='block_1_7' title="bbox 171 1106 493 1152">
    <p class='ocr_par' dir='ltr' id='par_1_7' title="bbox 171 1106 493 1152">
     <span class='ocr_line' id='line_1_13' title="bbox 171 1106 493 1152; baseline -0.003 -15"><span class='ocrx_word' id='word_1_119' title='bbox 171 1106 493 1152; x_wconf 64' lang='lat' dir='ltr'>Pl‘ssCpal&#39;HssttU&#39;.</span> 
     </span>
    </p>
   </div>
   <div class='ocr_carea' id='block_1_8' title="bbox 167 1217 1132 2512">
    <p class='ocr_par' dir='ltr' id='par_1_8' title="bbox 216 1217 931 1325">
     <span class='ocr_line' id='line_1_14' title="bbox 224 1217 931 1265; baseline 0.003 -17"><span class='ocrx_word' id='word_1_120' title='bbox 224 1217 380 1250; x_wconf 75' lang='lat' dir='ltr'>»Inducta</span> <span class='ocrx_word' id='word_1_121' title='bbox 403 1218 553 1249; x_wconf 81' lang='lat' dir='ltr'>rabidum</span> <span class='ocrx_word' id='word_1_122' title='bbox 575 1230 669 1265; x_wconf 85' lang='lat' dir='ltr'>quem</span> <span class='ocrx_word' id='word_1_123' title='bbox 692 1218 800 1249; x_wconf 79' lang='lat' dir='ltr'>videre</span> <span class='ocrx_word' id='word_1_124' title='bbox 823 1220 931 1250; x_wconf 80' lang='lat' dir='ltr'>secula</span> 
     </span>
     <span class='ocr_line' id='line_1_15' title="bbox 216 1282 893 1325; baseline 0.003 -13"><span class='ocrx_word' id='word_1_125' title='bbox 216 1282 334 1325; x_wconf 68' lang='lat' dir='ltr'>Jurfis</span> <span class='ocrx_word' id='word_1_126' title='bbox 360 1283 494 1313; x_wconf 78' lang='lat' dir='ltr'>caninos</span> <span class='ocrx_word' id='word_1_127' title='bbox 522 1283 700 1313; x_wconf 75' lang='lat' dir='ltr'>blateratus</span> <span class='ocrx_word' id='word_1_128' title='bbox 723 1282 893 1324; x_wconf 80' lang='lat' dir='ltr'>pendere.«</span> 
     </span>
    </p>

    <p class='ocr_par' dir='ltr' id='par_1_9' title="bbox 167 1345 1129 2016">
     <span class='ocr_line' id='line_1_16' title="bbox 169 1345 1127 1388; baseline 0 -12"><span class='ocrx_word' id='word_1_129' title='bbox 169 1345 378 1388; x_wconf 75' lang='lat' dir='ltr'>Quapropter</span> <span class='ocrx_word' id='word_1_130' title='bbox 412 1349 444 1375; x_wconf 77' lang='lat' dir='ltr'>et</span> <span class='ocrx_word' id='word_1_131' title='bbox 478 1346 690 1376; x_wconf 79' lang='lat' dir='ltr'>ralmlaeionis</span> <span class='ocrx_word' id='word_1_132' title='bbox 720 1346 940 1387; x_wconf 87' lang='lat' dir='ltr'>reponendum</span> <span class='ocrx_word' id='word_1_133' title='bbox 974 1351 1041 1376; x_wconf 86' lang='lat' dir='ltr'>erat</span> <span class='ocrx_word' id='word_1_134' title='bbox 1069 1357 1127 1388; x_wconf 87' lang='lat' dir='ltr'>pro</span> 
     </span>
     <span class='ocr_line' id='line_1_17' title="bbox 167 1407 1127 1452; baseline 0 -13"><span class='ocrx_word' id='word_1_135' title='bbox 167 1409 398 1452; x_wconf 64' lang='lat' dir='ltr'>firbnlaffonis,</span> <span class='ocrx_word' id='word_1_136' title='bbox 424 1419 489 1439; x_wconf 89' lang='lat' dir='ltr'>non</span> <span class='ocrx_word' id='word_1_137' title='bbox 514 1420 530 1439; x_wconf 92' lang='grc'>0</span> <span class='ocrx_word' id='word_1_138' title='bbox 550 1407 708 1440; x_wconf 88' lang='lat' dir='ltr'>Grotiano</span> <span class='ocrx_word' id='word_1_139' title='bbox 733 1414 855 1439; x_wconf 78' lang='lat' dir='ltr'>tantum</span> <span class='ocrx_word' id='word_1_140' title='bbox 880 1409 935 1439; x_wconf 88' lang='lat' dir='ltr'>sed</span> <span class='ocrx_word' id='word_1_141' title='bbox 960 1414 992 1440; x_wconf 89' lang='lat' dir='ltr'>et</span> <span class='ocrx_word' id='word_1_142' title='bbox 1013 1421 1030 1440; x_wconf 89' lang='lat' dir='ltr'>e</span> <span class='ocrx_word' id='word_1_143' title='bbox 1052 1408 1127 1439; x_wconf 80' lang='lat' dir='ltr'>Rei-</span> 
     </span>
     <span class='ocr_line' id='line_1_18' title="bbox 170 1471 1127 1515; baseline -0.002 -11"><span class='ocrx_word' id='word_1_144' title='bbox 170 1472 382 1511; x_wconf 79' lang='lat' dir='ltr'>chenauensi,</span> <span class='ocrx_word' id='word_1_145' title='bbox 409 1471 658 1502; x_wconf 83' lang='lat' dir='ltr'>Darmstattensi</span> <span class='ocrx_word' id='word_1_146' title='bbox 687 1477 718 1504; x_wconf 89' lang='lat' dir='ltr'>et</span> <span class='ocrx_word' id='word_1_147' title='bbox 741 1471 928 1503; x_wconf 82' lang='lat' dir='ltr'>Monaeensi</span> <span class='ocrx_word' id='word_1_148' title='bbox 954 1471 1019 1515; x_wconf 87' lang='lat' dir='ltr'>(C)</span> <span class='ocrx_word' id='word_1_149' title='bbox 1042 1471 1127 1503; x_wconf 88' lang='lat' dir='ltr'>eodi-</span> 
     </span>
     <span class='ocr_line' id='line_1_19' title="bbox 169 1533 1129 1578; baseline -0.002 -12"><span class='ocrx_word' id='word_1_150' title='bbox 169 1535 268 1567; x_wconf 85' lang='lat' dir='ltr'>eibus.</span> <span class='ocrx_word' id='word_1_151' title='bbox 290 1534 464 1565; x_wconf 84' lang='lat' dir='ltr'>Praeterea</span> <span class='ocrx_word' id='word_1_152' title='bbox 481 1546 498 1565; x_wconf 90' lang='grc'>0</span> <span class='ocrx_word' id='word_1_153' title='bbox 516 1533 775 1565; x_wconf 81' lang='lat' dir='ltr'>Reiehenauensi</span> <span class='ocrx_word' id='word_1_154' title='bbox 792 1545 850 1577; x_wconf 88' lang='lat' dir='ltr'>pro</span> <span class='ocrx_word' id='word_1_155' title='bbox 869 1535 1001 1578; x_wconf 70' lang='lat' dir='ltr'>alliyala</span> <span class='ocrx_word' id='word_1_156' title='bbox 1015 1533 1129 1577; x_wconf 85' lang='lat' dir='ltr'>scripsi</span> 
     </span>
     <span class='ocr_line' id='line_1_20' title="bbox 169 1598 304 1641; baseline 0 -13"><span class='ocrx_word' id='word_1_157' title='bbox 169 1598 304 1641; x_wconf 63' lang='lat' dir='ltr'>illigata.</span> 
     </span>
     <span class='ocr_line' id='line_1_21' title="bbox 183 1657 1127 1704; baseline -0.003 -12"><span class='ocrx_word' id='word_1_158' title='bbox 183 1663 185 1665; x_wconf 78' lang='grc'><strong>’</strong></span> <span class='ocrx_word' id='word_1_159' title='bbox 240 1671 429 1704; x_wconf 69' lang='lat' dir='ltr'>yet-mmmm</span> <span class='ocrx_word' id='word_1_160' title='bbox 452 1657 605 1704; x_wconf 76' lang='lat' dir='ltr'>voluisse]</span> <span class='ocrx_word' id='word_1_161' title='bbox 633 1659 724 1690; x_wconf 86' lang='lat' dir='ltr'>Haec</span> <span class='ocrx_word' id='word_1_162' title='bbox 747 1670 813 1690; x_wconf 89' lang='lat' dir='ltr'>nou</span> <span class='ocrx_word' id='word_1_163' title='bbox 842 1659 919 1690; x_wconf 88' lang='lat' dir='ltr'>satis</span> <span class='ocrx_word' id='word_1_164' title='bbox 944 1660 1127 1698; x_wconf 81' lang='lat' dir='ltr'>cohaerent,</span> 
     </span>
     <span class='ocr_line' id='line_1_22' title="bbox 170 1722 1129 1769; baseline -0.002 -14"><span class='ocrx_word' id='word_1_165' title='bbox 170 1736 269 1769; x_wconf 90' lang='lat' dir='ltr'>quum</span> <span class='ocrx_word' id='word_1_166' title='bbox 299 1724 379 1756; x_wconf 86' lang='lat' dir='ltr'>illud</span> <span class='ocrx_word' id='word_1_167' title='bbox 403 1724 557 1755; x_wconf 70' lang='lat' dir='ltr'>»videris«</span> <span class='ocrx_word' id='word_1_168' title='bbox 586 1723 625 1754; x_wconf 85' lang='lat' dir='ltr'>ad</span> <span class='ocrx_word' id='word_1_169' title='bbox 655 1723 874 1755; x_wconf 79' lang='lat' dir='ltr'>antecedentia</span> <span class='ocrx_word' id='word_1_170' title='bbox 905 1729 937 1754; x_wconf 81' lang='lat' dir='ltr'>et</span> <span class='ocrx_word' id='word_1_171' title='bbox 962 1722 1129 1766; x_wconf 82' lang='lat' dir='ltr'>sequentia</span> 
     </span>
     <span class='ocr_line' id='line_1_23' title="bbox 169 1784 1125 1830; baseline -0.003 -12"><span class='ocrx_word' id='word_1_172' title='bbox 169 1787 263 1818; x_wconf 82' lang='lat' dir='ltr'>simul</span> <span class='ocrx_word' id='word_1_173' title='bbox 280 1787 439 1830; x_wconf 89' lang='lat' dir='ltr'>pertinere</span> <span class='ocrx_word' id='word_1_174' title='bbox 455 1791 604 1828; x_wconf 88' lang='lat' dir='ltr'>nequeat.</span> <span class='ocrx_word' id='word_1_175' title='bbox 633 1784 747 1817; x_wconf 86' lang='lat' dir='ltr'>Scribe</span> <span class='ocrx_word' id='word_1_176' title='bbox 759 1797 955 1827; x_wconf 78' lang='lat' dir='ltr'>»germanam</span> <span class='ocrx_word' id='word_1_177' title='bbox 973 1786 1125 1816; x_wconf 55' lang='lat' dir='ltr'>voluis—tm</span> 
     </span>
     <span class='ocr_line' id='line_1_24' title="bbox 171 1846 1128 1892; baseline -0.005 -11"><span class='ocrx_word' id='word_1_178' title='bbox 171 1848 286 1881; x_wconf 78' lang='lat' dir='ltr'>Susms</span> <span class='ocrx_word' id='word_1_179' title='bbox 315 1848 361 1892; x_wconf 91' lang='lat' dir='ltr'>(in</span> <span class='ocrx_word' id='word_1_180' title='bbox 387 1847 518 1880; x_wconf 83' lang='lat' dir='ltr'>Gurlitt.</span> <span class='ocrx_word' id='word_1_181' title='bbox 543 1847 638 1879; x_wconf 81' lang='lat' dir='ltr'>anim.</span> <span class='ocrx_word' id='word_1_182' title='bbox 665 1852 744 1890; x_wconf 85' lang='lat' dir='ltr'>part.</span> <span class='ocrx_word' id='word_1_183' title='bbox 764 1847 802 1885; x_wconf 77' lang='lat'>4,</span> <span class='ocrx_word' id='word_1_184' title='bbox 826 1860 854 1890; x_wconf 88' lang='lat' dir='ltr'>p.</span> <span class='ocrx_word' id='word_1_185' title='bbox 876 1848 1003 1889; x_wconf 83' lang='lat'>10).—</span> <span class='ocrx_word' id='word_1_186' title='bbox 1039 1846 1128 1876; x_wconf 83' lang='lat' dir='ltr'>Diffi-</span> 
     </span>
     <span class='ocr_line' id='line_1_25' title="bbox 171 1907 1129 1952; baseline -0.003 -11"><span class='ocrx_word' id='word_1_187' title='bbox 171 1910 321 1941; x_wconf 86' lang='lat' dir='ltr'>cultatem</span> <span class='ocrx_word' id='word_1_188' title='bbox 338 1909 430 1940; x_wconf 80' lang='lat' dir='ltr'>facile</span> <span class='ocrx_word' id='word_1_189' title='bbox 449 1908 608 1951; x_wconf 76' lang='lat' dir='ltr'>expedivi,</span> <span class='ocrx_word' id='word_1_190' title='bbox 631 1910 743 1952; x_wconf 75' lang='lat' dir='ltr'>etjam</span> <span class='ocrx_word' id='word_1_191' title='bbox 759 1908 942 1949; x_wconf 79' lang='lat' dir='ltr'>disjunctim</span> <span class='ocrx_word' id='word_1_192' title='bbox 960 1907 1129 1938; x_wconf 84' lang='lat' dir='ltr'>scribendo</span> 
     </span>
     <span class='ocr_line' id='line_1_26' title="bbox 172 1969 1047 2016; baseline -0.005 -14"><span class='ocrx_word' id='word_1_193' title='bbox 172 1983 229 2016; x_wconf 87' lang='lat' dir='ltr'>pro</span> <span class='ocrx_word' id='word_1_194' title='bbox 256 1973 370 2009; x_wconf 80' lang='lat' dir='ltr'>etiam,</span> <span class='ocrx_word' id='word_1_195' title='bbox 397 1970 484 2013; x_wconf 88' lang='lat' dir='ltr'>quod</span> <span class='ocrx_word' id='word_1_196' title='bbox 509 1969 737 2001; x_wconf 83' lang='lat' dir='ltr'>sententiarum</span> <span class='ocrx_word' id='word_1_197' title='bbox 760 1981 876 1999; x_wconf 82' lang='lat' dir='ltr'>nexum</span> <span class='ocrx_word' id='word_1_198' title='bbox 900 1969 1047 1999; x_wconf 66' lang='lat' dir='ltr'>turbarit.</span> 
     </span>
    </p>

    <p class='ocr_par' dir='ltr' id='par_1_10' title="bbox 171 2030 1129 2326">
     <span class='ocr_line' id='line_1_27' title="bbox 244 2030 1128 2076; baseline -0.008 -9"><span class='ocrx_word' id='word_1_199' title='bbox 244 2030 422 2076; x_wconf 67' lang='grc' dir='ltr'><strong><em>Παιδεία]</em></strong></span> <span class='ocrx_word' id='word_1_200' title='bbox 450 2032 511 2062; x_wconf 85' lang='lat' dir='ltr'>Est</span> <span class='ocrx_word' id='word_1_201' title='bbox 536 2032 674 2062; x_wconf 73' lang='lat' dir='ltr'>liberalis</span> <span class='ocrx_word' id='word_1_202' title='bbox 698 2030 861 2070; x_wconf 77' lang='lat' dir='ltr'>educatio,</span> <span class='ocrx_word' id='word_1_203' title='bbox 887 2043 980 2073; x_wconf 85' lang='lat' dir='ltr'>quam</span> <span class='ocrx_word' id='word_1_204' title='bbox 1006 2035 1038 2061; x_wconf 89' lang='lat' dir='ltr'>et</span> <span class='ocrx_word' id='word_1_205' title='bbox 1063 2030 1128 2061; x_wconf 86' lang='lat' dir='ltr'>Lu-</span> 
     </span>
     <span class='ocr_line' id='line_1_28' title="bbox 172 2092 1129 2137; baseline -0.003 -12"><span class='ocrx_word' id='word_1_206' title='bbox 172 2095 281 2127; x_wconf 67' lang='lat' dir='ltr'>cianus</span> <span class='ocrx_word' id='word_1_207' title='bbox 312 2095 426 2137; x_wconf 91' lang='lat' dir='ltr'>(somn.</span> <span class='ocrx_word' id='word_1_208' title='bbox 449 2093 486 2124; x_wconf 91' lang='lat' dir='ltr'>T.</span> <span class='ocrx_word' id='word_1_209' title='bbox 509 2093 540 2132; x_wconf 84' lang='grc' dir='ltr'>Ι,</span> <span class='ocrx_word' id='word_1_210' title='bbox 573 2105 602 2136; x_wconf 91' lang='lat' dir='ltr'>p.</span> <span class='ocrx_word' id='word_1_211' title='bbox 622 2094 644 2123; x_wconf 79' lang='lat'>9</span> <span class='ocrx_word' id='word_1_212' title='bbox 670 2092 757 2136; x_wconf 88' lang='lat' dir='ltr'>Bip.)</span> <span class='ocrx_word' id='word_1_213' title='bbox 778 2104 835 2135; x_wconf 87' lang='lat' dir='ltr'>per</span> <span class='ocrx_word' id='word_1_214' title='bbox 861 2098 1129 2136; x_wconf 67' lang='lat' dir='ltr'>prosopopoeiam</span> 
     </span>
     <span class='ocr_line' id='line_1_29' title="bbox 171 2154 1128 2198; baseline -0.004 -10"><span class='ocrx_word' id='word_1_215' title='bbox 171 2155 356 2188; x_wconf 78' lang='lat' dir='ltr'>introduxit.</span> <span class='ocrx_word' id='word_1_216' title='bbox 400 2154 597 2198; x_wconf 84' lang='lat' dir='ltr'>Saepissime</span> <span class='ocrx_word' id='word_1_217' title='bbox 625 2166 696 2186; x_wconf 89' lang='grc'><strong>011111</strong></span> <span class='ocrx_word' id='word_1_218' title='bbox 730 2154 937 2197; x_wconf 78' lang='lat' dir='ltr'>Philosophia</span> <span class='ocrx_word' id='word_1_219' title='bbox 965 2154 1128 2195; x_wconf 76' lang='lat' dir='ltr'>jungitur,</span> 
     </span>
     <span class='ocr_line' id='line_1_30' title="bbox 173 2218 1129 2262; baseline -0.003 -11"><span class='ocrx_word' id='word_1_220' title='bbox 173 2219 264 2260; x_wconf 87' lang='lat' dir='ltr'>cujus</span> <span class='ocrx_word' id='word_1_221' title='bbox 290 2231 368 2250; x_wconf 88' lang='lat' dir='ltr'>usus</span> <span class='ocrx_word' id='word_1_222' title='bbox 404 2219 549 2262; x_wconf 82' lang='lat' dir='ltr'>exempla</span> <span class='ocrx_word' id='word_1_223' title='bbox 582 2218 688 2249; x_wconf 86' lang='lat' dir='ltr'>attulit</span> <span class='ocrx_word' id='word_1_224' title='bbox 714 2218 869 2249; x_wconf 89' lang='lat' dir='ltr'>Loersius</span> <span class='ocrx_word' id='word_1_225' title='bbox 897 2218 958 2262; x_wconf 86' lang='lat' dir='ltr'>(ad</span> <span class='ocrx_word' id='word_1_226' title='bbox 983 2218 1129 2250; x_wconf 85' lang='lat' dir='ltr'>Platonis</span> 
     </span>
     <span class='ocr_line' id='line_1_31' title="bbox 173 2282 618 2326; baseline 0 -12"><span class='ocrx_word' id='word_1_227' title='bbox 173 2283 386 2314; x_wconf 75' lang='lat' dir='ltr'>Menexenum</span> <span class='ocrx_word' id='word_1_228' title='bbox 410 2295 442 2326; x_wconf 89' lang='lat' dir='ltr'>p.</span> <span class='ocrx_word' id='word_1_229' title='bbox 463 2283 521 2314; x_wconf 75' lang='lat'>59.</span> <span class='ocrx_word' id='word_1_230' title='bbox 547 2282 618 2325; x_wconf 65' lang='lat'>69).</span> 
     </span>
    </p>

    <p class='ocr_par' dir='ltr' id='par_1_11' title="bbox 176 2342 1132 2512">
     <span class='ocr_line' id='line_1_32' title="bbox 248 2342 1129 2387; baseline 0.001 -14"><span class='ocrx_word' id='word_1_231' title='bbox 248 2345 284 2374; x_wconf 87' lang='lat' dir='ltr'>in</span> <span class='ocrx_word' id='word_1_232' title='bbox 311 2342 469 2387; x_wconf 79' lang='lat' dir='ltr'>omnium]</span> <span class='ocrx_word' id='word_1_233' title='bbox 502 2344 589 2385; x_wconf 81' lang='lat' dir='ltr'>Lege</span> <span class='ocrx_word' id='word_1_234' title='bbox 615 2344 756 2375; x_wconf 79' lang='lat' dir='ltr'>dominii.</span> <span class='ocrx_word' id='word_1_235' title='bbox 773 2343 902 2376; x_wconf 60' lang='lat' dir='ltr'>Voxcn.</span> <span class='ocrx_word' id='word_1_236' title='bbox 929 2344 1033 2387; x_wconf 88' lang='lat' dir='ltr'>(spec.</span> <span class='ocrx_word' id='word_1_237' title='bbox 1062 2343 1129 2376; x_wconf 86' lang='lat' dir='ltr'>crit.</span> 
     </span>
     <span class='ocr_line' id='line_1_33' title="bbox 176 2406 1131 2451; baseline -0.001 -12"><span class='ocrx_word' id='word_1_238' title='bbox 176 2421 205 2451; x_wconf 87' lang='lat' dir='ltr'>p.</span> <span class='ocrx_word' id='word_1_239' title='bbox 221 2406 350 2449; x_wconf 74' lang='lat'>85).—-</span> <span class='ocrx_word' id='word_1_240' title='bbox 381 2406 494 2450; x_wconf 83' lang='lat' dir='ltr'>Inepta</span> <span class='ocrx_word' id='word_1_241' title='bbox 522 2407 677 2439; x_wconf 88' lang='lat' dir='ltr'>correctio</span> <span class='ocrx_word' id='word_1_242' title='bbox 705 2407 806 2440; x_wconf 85' lang='lat' dir='ltr'>critici</span> <span class='ocrx_word' id='word_1_243' title='bbox 834 2420 1009 2451; x_wconf 85' lang='lat' dir='ltr'>sanequam</span> <span class='ocrx_word' id='word_1_244' title='bbox 1035 2413 1131 2438; x_wconf 82' lang='lat' dir='ltr'>teme-</span> 
     </span>
     <span class='ocr_line' id='line_1_34' title="bbox 177 2467 1132 2512; baseline 0 -12"><span class='ocrx_word' id='word_1_245' title='bbox 177 2468 266 2509; x_wconf 87' lang='lat' dir='ltr'>rarii,</span> <span class='ocrx_word' id='word_1_246' title='bbox 306 2467 360 2512; x_wconf 88' lang='lat' dir='ltr'>qui</span> <span class='ocrx_word' id='word_1_247' title='bbox 391 2467 420 2499; x_wconf 80' lang='lat' dir='ltr'>si</span> <span class='ocrx_word' id='word_1_248' title='bbox 455 2479 548 2511; x_wconf 87' lang='lat' dir='ltr'>opem</span> <span class='ocrx_word' id='word_1_249' title='bbox 586 2474 697 2500; x_wconf 87' lang='lat' dir='ltr'>nostro</span> <span class='ocrx_word' id='word_1_250' title='bbox 729 2469 802 2502; x_wconf 84' lang='lat' dir='ltr'>loeo</span> <span class='ocrx_word' id='word_1_251' title='bbox 842 2471 924 2501; x_wconf 83' lang='lat' dir='ltr'>serre</span> <span class='ocrx_word' id='word_1_252' title='bbox 960 2469 1132 2510; x_wconf 69' lang='lat' dir='ltr'>voluisset,</span> 
     </span>
    </p>
   </div>
   <div class='ocr_carea' id='block_1_9' title="bbox 179 2528 1132 2576">
    <p class='ocr_par' dir='ltr' id='par_1_12' title="bbox 179 2528 1132 2576">
     <span class='ocr_line' id='line_1_35' title="bbox 179 2528 1132 2576; baseline 0.001 -14"><span class='ocrx_word' id='word_1_253' title='bbox 179 2530 279 2562; x_wconf 87' lang='lat' dir='ltr'>multo</span> <span class='ocrx_word' id='word_1_254' title='bbox 309 2534 394 2562; x_wconf 86' lang='lat' dir='ltr'>certe</span> <span class='ocrx_word' id='word_1_255' title='bbox 421 2528 535 2562; x_wconf 87' lang='lat' dir='ltr'>melius</span> <span class='ocrx_word' id='word_1_256' title='bbox 556 2530 747 2572; x_wconf 74' lang='lat' dir='ltr'>conjecisset</span> <span class='ocrx_word' id='word_1_257' title='bbox 765 2531 862 2565; x_wconf 78' lang='lat' dir='ltr'>verba</span> <span class='ocrx_word' id='word_1_258' title='bbox 887 2537 1016 2576; x_wconf 78' lang='lat' dir='ltr'>»utpote</span> <span class='ocrx_word' id='word_1_259' title='bbox 1034 2531 1132 2564; x_wconf 75' lang='lat' dir='ltr'>talen-</span> 
     </span>
    </p>
   </div>
   <div class='ocr_carea' id='block_1_10' title="bbox 554 1097 2130 1154">
    <p class='ocr_par' dir='ltr' id='par_1_13' title="bbox 554 1097 2130 1154">
     <span class='ocr_line' id='line_1_36' title="bbox 554 1097 2130 1154; baseline 0.002 -18"><span class='ocrx_word' id='word_1_260' title='bbox 554 1097 666 1137; x_wconf 85' lang='lat' dir='ltr'>Illud</span> <span class='ocrx_word' id='word_1_261' title='bbox 699 1098 860 1153; x_wconf 87' lang='lat' dir='ltr'>quippe</span> <span class='ocrx_word' id='word_1_262' title='bbox 892 1099 1010 1153; x_wconf 89' lang='lat' dir='ltr'>quod</span> <span class='ocrx_word' id='word_1_263' title='bbox 1045 1100 1218 1154; x_wconf 82' lang='lat' dir='ltr'>gerulae</span> <span class='ocrx_word' id='word_1_264' title='bbox 1250 1100 1495 1140; x_wconf 82' lang='lat' dir='ltr'>detulerunt</span> <span class='ocrx_word' id='word_1_265' title='bbox 1527 1099 1682 1140; x_wconf 86' lang='lat' dir='ltr'>abacus</span> <span class='ocrx_word' id='word_1_266' title='bbox 1726 1107 2020 1154; x_wconf 82' lang='lat' dir='ltr'>nuncupatur,</span> <span class='ocrx_word' id='word_1_267' title='bbox 2064 1114 2130 1140; x_wconf 88' lang='lat' dir='ltr'>res</span> 
     </span>
    </p>
   </div>
   <div class='ocr_carea' id='block_1_11' title="bbox 1178 1219 2135 2515">
    <p class='ocr_par' dir='ltr' id='par_1_14' title="bbox 1179 1219 2133 1314">
     <span class='ocr_line' id='line_1_37' title="bbox 1179 1219 2133 1263; baseline 0 -12"><span class='ocrx_word' id='word_1_268' title='bbox 1179 1226 1283 1252; x_wconf 81' lang='lat' dir='ltr'>torum</span> <span class='ocrx_word' id='word_1_269' title='bbox 1315 1219 1460 1251; x_wconf 85' lang='lat' dir='ltr'>conseia«</span> <span class='ocrx_word' id='word_1_270' title='bbox 1487 1219 1591 1250; x_wconf 81' lang='lat' dir='ltr'>alieno</span> <span class='ocrx_word' id='word_1_271' title='bbox 1618 1219 1691 1251; x_wconf 86' lang='grc'><strong>1000</strong></span> <span class='ocrx_word' id='word_1_272' title='bbox 1721 1220 1842 1251; x_wconf 85' lang='lat' dir='ltr'>intrusa</span> <span class='ocrx_word' id='word_1_273' title='bbox 1876 1219 1979 1263; x_wconf 85' lang='lat' dir='ltr'>adque</span> <span class='ocrx_word' id='word_1_274' title='bbox 2011 1225 2133 1251; x_wconf 84' lang='lat' dir='ltr'>antece-</span> 
     </span>
     <span class='ocr_line' id='line_1_38' title="bbox 1179 1281 1828 1314; baseline 0 -1"><span class='ocrx_word' id='word_1_275' title='bbox 1179 1282 1308 1314; x_wconf 82' lang='lat' dir='ltr'>dentem</span> <span class='ocrx_word' id='word_1_276' title='bbox 1336 1281 1526 1312; x_wconf 83' lang='lat' dir='ltr'>sententiam</span> <span class='ocrx_word' id='word_1_277' title='bbox 1554 1281 1720 1312; x_wconf 81' lang='lat' dir='ltr'>referenda</span> <span class='ocrx_word' id='word_1_278' title='bbox 1747 1293 1828 1313; x_wconf 89' lang='grc'><strong>0550.</strong></span> 
     </span>
    </p>

    <p class='ocr_par' dir='ltr' id='par_1_15' title="bbox 1178 1339 2135 1701">
     <span class='ocr_line' id='line_1_39' title="bbox 1256 1339 2135 1391; baseline 0.002 -16"><span class='ocrx_word' id='word_1_279' title='bbox 1256 1347 1422 1391; x_wconf 61' lang='lat' dir='ltr'>„tussisque</span> <span class='ocrx_word' id='word_1_280' title='bbox 1445 1342 1528 1388; x_wconf 78' lang='lat' dir='ltr'>illis]</span> <span class='ocrx_word' id='word_1_281' title='bbox 1555 1344 1773 1387; x_wconf 78' lang='lat' dir='ltr'>Philosophus</span> <span class='ocrx_word' id='word_1_282' title='bbox 1807 1343 1963 1386; x_wconf 75' lang='lat' dir='ltr'>signifieat</span> <span class='ocrx_word' id='word_1_283' title='bbox 1990 1339 2135 1377; x_wconf 64' lang='grc' dir='ltr'><em>ἀνυπο-</em></span> 
     </span>
     <span class='ocr_line' id='line_1_40' title="bbox 1180 1405 2134 1453; baseline 0.003 -15"><span class='ocrx_word' id='word_1_284' title='bbox 1180 1405 1294 1452; x_wconf 68' lang='grc' dir='ltr'>ὃηόἱᾳ</span> <span class='ocrx_word' id='word_1_285' title='bbox 1312 1412 1343 1437; x_wconf 86' lang='lat' dir='ltr'>et</span> <span class='ocrx_word' id='word_1_286' title='bbox 1361 1408 1496 1445; x_wconf 76' lang='lat' dir='ltr'>scissili,</span> <span class='ocrx_word' id='word_1_287' title='bbox 1521 1413 1555 1437; x_wconf 86' lang='lat' dir='ltr'>ut</span> <span class='ocrx_word' id='word_1_288' title='bbox 1571 1406 1752 1451; x_wconf 74' lang='lat' dir='ltr'>Appulejus</span> <span class='ocrx_word' id='word_1_289' title='bbox 1769 1409 1822 1448; x_wconf 77' lang='lat' dir='ltr'>ait,</span> <span class='ocrx_word' id='word_1_290' title='bbox 1845 1409 2032 1450; x_wconf 78' lang='lat' dir='ltr'>palliastro,</span> <span class='ocrx_word' id='word_1_291' title='bbox 2062 1419 2134 1453; x_wconf 77' lang='grc' dir='ltr'>τρι·</span> 
     </span>
     <span class='ocr_line' id='line_1_41' title="bbox 1178 1468 2134 1516; baseline 0.002 -17"><span class='ocrx_word' id='word_1_292' title='bbox 1178 1468 1309 1516; x_wconf 66' lang='grc' dir='ltr'><em>βωνίῳ</em></span> <span class='ocrx_word' id='word_1_293' title='bbox 1327 1470 1473 1501; x_wconf 87' lang='lat' dir='ltr'>nimirum</span> <span class='ocrx_word' id='word_1_294' title='bbox 1501 1476 1595 1513; x_wconf 86' lang='lat' dir='ltr'>atque</span> <span class='ocrx_word' id='word_1_295' title='bbox 1621 1471 1750 1502; x_wconf 88' lang='lat' dir='ltr'>omnino</span> <span class='ocrx_word' id='word_1_296' title='bbox 1768 1471 1889 1502; x_wconf 89' lang='lat' dir='ltr'>inculto</span> <span class='ocrx_word' id='word_1_297' title='bbox 1916 1471 2059 1514; x_wconf 86' lang='lat' dir='ltr'>eorporis</span> <span class='ocrx_word' id='word_1_298' title='bbox 2081 1472 2134 1501; x_wconf 84' lang='lat' dir='ltr'>ha-</span> 
     </span>
     <span class='ocr_line' id='line_1_42' title="bbox 1179 1533 2135 1577; baseline 0.002 -14"><span class='ocrx_word' id='word_1_299' title='bbox 1179 1533 1248 1564; x_wconf 87' lang='lat' dir='ltr'>bitu</span> <span class='ocrx_word' id='word_1_300' title='bbox 1279 1539 1311 1564; x_wconf 87' lang='lat' dir='ltr'>et</span> <span class='ocrx_word' id='word_1_301' title='bbox 1335 1534 1484 1577; x_wconf 85' lang='lat' dir='ltr'>squalore</span> <span class='ocrx_word' id='word_1_302' title='bbox 1510 1534 1577 1575; x_wconf 89' lang='lat' dir='ltr'>jam</span> <span class='ocrx_word' id='word_1_303' title='bbox 1603 1534 1676 1565; x_wconf 91' lang='lat' dir='ltr'>inde</span> <span class='ocrx_word' id='word_1_304' title='bbox 1706 1547 1722 1565; x_wconf 86' lang='lat' dir='ltr'>a</span> <span class='ocrx_word' id='word_1_305' title='bbox 1748 1534 1891 1566; x_wconf 86' lang='lat' dir='ltr'>Socratis</span> <span class='ocrx_word' id='word_1_306' title='bbox 1916 1540 2058 1577; x_wconf 84' lang='lat' dir='ltr'>tempore</span> <span class='ocrx_word' id='word_1_307' title='bbox 2083 1534 2135 1565; x_wconf 64' lang='lat' dir='ltr'>vel</span> 
     </span>
     <span class='ocr_line' id='line_1_43' title="bbox 1180 1595 2134 1639; baseline 0.002 -14"><span class='ocrx_word' id='word_1_308' title='bbox 1180 1595 1322 1636; x_wconf 76' lang='lat' dir='ltr'>insignes</span> <span class='ocrx_word' id='word_1_309' title='bbox 1350 1596 1399 1626; x_wconf 73' lang='lat' dir='ltr'>vel</span> <span class='ocrx_word' id='word_1_310' title='bbox 1431 1596 1581 1636; x_wconf 62' lang='lat' dir='ltr'>infames,</span> <span class='ocrx_word' id='word_1_311' title='bbox 1625 1608 1687 1638; x_wconf 89' lang='lat' dir='ltr'>qua</span> <span class='ocrx_word' id='word_1_312' title='bbox 1715 1596 1753 1628; x_wconf 86' lang='lat' dir='ltr'>de</span> <span class='ocrx_word' id='word_1_313' title='bbox 1782 1608 1816 1627; x_wconf 85' lang='lat' dir='ltr'>re</span> <span class='ocrx_word' id='word_1_314' title='bbox 1840 1595 1911 1627; x_wconf 83' lang='lat' dir='ltr'>vide</span> <span class='ocrx_word' id='word_1_315' title='bbox 1935 1596 2134 1639; x_wconf 52' lang='lat' dir='ltr'>tvyttenha-</span> 
     </span>
     <span class='ocr_line' id='line_1_44' title="bbox 1180 1656 1871 1701; baseline 0.001 -13"><span class='ocrx_word' id='word_1_316' title='bbox 1180 1656 1285 1689; x_wconf 85' lang='lat' dir='ltr'>chium</span> <span class='ocrx_word' id='word_1_317' title='bbox 1309 1657 1362 1699; x_wconf 81' lang='lat' dir='ltr'>(ad</span> <span class='ocrx_word' id='word_1_318' title='bbox 1386 1657 1551 1687; x_wconf 83' lang='lat' dir='ltr'>Plutarchi</span> <span class='ocrx_word' id='word_1_319' title='bbox 1579 1657 1709 1688; x_wconf 82' lang='lat' dir='ltr'>moralia</span> <span class='ocrx_word' id='word_1_320' title='bbox 1729 1657 1871 1701; x_wconf 77' lang='grc' dir='ltr'><strong>11.44Ο).</strong></span> 
     </span>
    </p>

    <p class='ocr_par' dir='ltr' id='par_1_16' title="bbox 1180 1720 2135 1825">
     <span class='ocr_line' id='line_1_45' title="bbox 1260 1720 2135 1765; baseline 0 -13"><span class='ocrx_word' id='word_1_321' title='bbox 1260 1722 1289 1752; x_wconf 92' lang='lat' dir='ltr'><em>T</em></span> <span class='ocrx_word' id='word_1_322' title='bbox 1287 1720 1455 1765; x_wconf 71' lang='lat' dir='ltr'>eremium]</span> <span class='ocrx_word' id='word_1_323' title='bbox 1485 1722 1662 1753; x_wconf 63' lang='lat' dir='ltr'>Varronem</span> <span class='ocrx_word' id='word_1_324' title='bbox 1678 1721 1836 1762; x_wconf 83' lang='lat' dir='ltr'>videlieet,</span> <span class='ocrx_word' id='word_1_325' title='bbox 1862 1721 1952 1763; x_wconf 85' lang='lat' dir='ltr'>cujus</span> <span class='ocrx_word' id='word_1_326' title='bbox 1969 1720 2135 1765; x_wconf 76' lang='lat' dir='ltr'>multiplex</span> 
     </span>
     <span class='ocr_line' id='line_1_46' title="bbox 1180 1782 1722 1825; baseline 0.002 -12"><span class='ocrx_word' id='word_1_327' title='bbox 1180 1782 1316 1814; x_wconf 83' lang='lat' dir='ltr'>eruditio</span> <span class='ocrx_word' id='word_1_328' title='bbox 1346 1783 1527 1814; x_wconf 82' lang='lat' dir='ltr'>testimonio</span> <span class='ocrx_word' id='word_1_329' title='bbox 1552 1795 1617 1815; x_wconf 87' lang='lat' dir='ltr'>non</span> <span class='ocrx_word' id='word_1_330' title='bbox 1642 1789 1722 1825; x_wconf 85' lang='lat' dir='ltr'>eget.</span> 
     </span>
    </p>

    <p class='ocr_par' dir='ltr' id='par_1_17' title="bbox 1178 1843 2133 2389">
     <span class='ocr_line' id='line_1_47' title="bbox 1255 1843 2132 1889; baseline 0 -13"><span class='ocrx_word' id='word_1_331' title='bbox 1255 1843 1451 1889; x_wconf 76' lang='lat' dir='ltr'>consulares]</span> <span class='ocrx_word' id='word_1_332' title='bbox 1465 1846 1573 1888; x_wconf 71' lang='lat' dir='ltr'>Quum</span> <span class='ocrx_word' id='word_1_333' title='bbox 1590 1858 1765 1889; x_wconf 81' lang='lat' dir='ltr'>pauperum</span> <span class='ocrx_word' id='word_1_334' title='bbox 1781 1850 1903 1877; x_wconf 83' lang='lat' dir='ltr'>tantum</span> <span class='ocrx_word' id='word_1_335' title='bbox 1919 1845 2082 1877; x_wconf 81' lang='lat' dir='ltr'>intraverit</span> <span class='ocrx_word' id='word_1_336' title='bbox 2096 1844 2132 1876; x_wconf 88' lang='lat' dir='ltr'>li-</span> 
     </span>
     <span class='ocr_line' id='line_1_48' title="bbox 1178 1906 2132 1951; baseline 0.002 -14"><span class='ocrx_word' id='word_1_337' title='bbox 1178 1906 1274 1947; x_wconf 68' lang='lat' dir='ltr'>mina,</span> <span class='ocrx_word' id='word_1_338' title='bbox 1292 1907 1377 1950; x_wconf 87' lang='grc'><strong>1111011</strong></span> <span class='ocrx_word' id='word_1_339' title='bbox 1395 1919 1434 1937; x_wconf 81' lang='lat' dir='ltr'>ex</span> <span class='ocrx_word' id='word_1_340' title='bbox 1450 1907 1608 1949; x_wconf 85' lang='lat' dir='ltr'>prioribus</span> <span class='ocrx_word' id='word_1_341' title='bbox 1623 1913 1722 1951; x_wconf 81' lang='lat' dir='ltr'>patet,</span> <span class='ocrx_word' id='word_1_342' title='bbox 1736 1909 1815 1940; x_wconf 90' lang='lat' dir='ltr'>haec</span> <span class='ocrx_word' id='word_1_343' title='bbox 1833 1908 1987 1951; x_wconf 84' lang='lat' dir='ltr'>quadrare</span> <span class='ocrx_word' id='word_1_344' title='bbox 2003 1919 2068 1939; x_wconf 89' lang='lat' dir='ltr'>non</span> <span class='ocrx_word' id='word_1_345' title='bbox 2087 1907 2132 1939; x_wconf 87' lang='lat' dir='ltr'>vi·</span> 
     </span>
     <span class='ocr_line' id='line_1_49' title="bbox 1181 1968 2133 2014; baseline 0.002 -16"><span class='ocrx_word' id='word_1_346' title='bbox 1181 1968 1304 1999; x_wconf 88' lang='lat' dir='ltr'>dentur.</span> <span class='ocrx_word' id='word_1_347' title='bbox 1323 1969 1426 2009; x_wconf 81' lang='lat' dir='ltr'>Lege:</span> <span class='ocrx_word' id='word_1_348' title='bbox 1446 1981 1583 2012; x_wconf 80' lang='lat' dir='ltr'>»paucos</span> <span class='ocrx_word' id='word_1_349' title='bbox 1597 1969 1775 2001; x_wconf 87' lang='lat' dir='ltr'>Romuleos</span> <span class='ocrx_word' id='word_1_350' title='bbox 1794 1970 1825 2014; x_wconf 92' lang='lat' dir='ltr'>(i.</span> <span class='ocrx_word' id='word_1_351' title='bbox 1842 1982 1870 2003; x_wconf 84' lang='lat' dir='ltr'>e.</span> <span class='ocrx_word' id='word_1_352' title='bbox 1884 1970 1970 2001; x_wconf 80' lang='lat' dir='ltr'>viros</span> <span class='ocrx_word' id='word_1_353' title='bbox 1984 1970 2133 2013; x_wconf 77' lang='lat' dir='ltr'>antiquae</span> 
     </span>
     <span class='ocr_line' id='line_1_50' title="bbox 1179 2029 2132 2074; baseline 0.001 -14"><span class='ocrx_word' id='word_1_354' title='bbox 1179 2029 1369 2072; x_wconf 84' lang='lat' dir='ltr'>nobilitatis)</span> <span class='ocrx_word' id='word_1_355' title='bbox 1393 2030 1548 2074; x_wconf 75' lang='lat' dir='ltr'>excipias,</span> <span class='ocrx_word' id='word_1_356' title='bbox 1582 2032 1760 2063; x_wconf 78' lang='lat' dir='ltr'>consularis</span> <span class='ocrx_word' id='word_1_357' title='bbox 1782 2032 1916 2064; x_wconf 58' lang='lat' dir='ltr'>nullus«</span> <span class='ocrx_word' id='word_1_358' title='bbox 1951 2031 2066 2065; x_wconf 69' lang='lat' dir='ltr'>Scsoes</span> <span class='ocrx_word' id='word_1_359' title='bbox 2086 2031 2132 2074; x_wconf 88' lang='lat' dir='ltr'>(in</span> 
     </span>
     <span class='ocr_line' id='line_1_51' title="bbox 1182 2091 2132 2136; baseline 0 -13"><span class='ocrx_word' id='word_1_360' title='bbox 1182 2091 1273 2123; x_wconf 89' lang='lat' dir='ltr'>Gurl.</span> <span class='ocrx_word' id='word_1_361' title='bbox 1286 2091 1380 2124; x_wconf 87' lang='lat' dir='ltr'>anim.</span> <span class='ocrx_word' id='word_1_362' title='bbox 1397 2098 1479 2136; x_wconf 85' lang='lat' dir='ltr'>part.</span> <span class='ocrx_word' id='word_1_363' title='bbox 1493 2093 1528 2132; x_wconf 72' lang='lat'>4,</span> <span class='ocrx_word' id='word_1_364' title='bbox 1548 2105 1578 2136; x_wconf 90' lang='lat' dir='ltr'>p.</span> <span class='ocrx_word' id='word_1_365' title='bbox 1592 2094 1714 2136; x_wconf 76' lang='lat'>10).——</span> <span class='ocrx_word' id='word_1_366' title='bbox 1732 2093 1808 2126; x_wconf 77' lang='lat' dir='ltr'>Non</span> <span class='ocrx_word' id='word_1_367' title='bbox 1823 2105 1955 2126; x_wconf 85' lang='lat' dir='ltr'>neeesse</span> <span class='ocrx_word' id='word_1_368' title='bbox 1972 2099 2031 2126; x_wconf 87' lang='lat' dir='ltr'>est.</span> <span class='ocrx_word' id='word_1_369' title='bbox 2049 2093 2132 2124; x_wconf 80' lang='lat' dir='ltr'>Nam</span> 
     </span>
     <span class='ocr_line' id='line_1_52' title="bbox 1181 2156 2130 2202; baseline 0.001 -16"><span class='ocrx_word' id='word_1_370' title='bbox 1181 2161 1273 2187; x_wconf 87' lang='lat' dir='ltr'>antea</span> <span class='ocrx_word' id='word_1_371' title='bbox 1288 2156 1326 2187; x_wconf 87' lang='lat' dir='ltr'>dc</span> <span class='ocrx_word' id='word_1_372' title='bbox 1342 2156 1478 2188; x_wconf 86' lang='lat' dir='ltr'>Graecis</span> <span class='ocrx_word' id='word_1_373' title='bbox 1494 2157 1622 2188; x_wconf 77' lang='lat' dir='ltr'>loeutus</span> <span class='ocrx_word' id='word_1_374' title='bbox 1639 2163 1722 2198; x_wconf 65' lang='lat' dir='ltr'>erat,</span> <span class='ocrx_word' id='word_1_375' title='bbox 1742 2158 1827 2202; x_wconf 81' lang='lat' dir='ltr'>apud</span> <span class='ocrx_word' id='word_1_376' title='bbox 1845 2159 2009 2189; x_wconf 83' lang='lat' dir='ltr'>Romanos</span> <span class='ocrx_word' id='word_1_377' title='bbox 2028 2156 2130 2189; x_wconf 77' lang='lat' dir='ltr'>erudi-</span> 
     </span>
     <span class='ocr_line' id='line_1_53' title="bbox 1182 2219 2129 2263; baseline 0 -13"><span class='ocrx_word' id='word_1_378' title='bbox 1182 2220 1301 2250; x_wconf 88' lang='lat' dir='ltr'>tionem</span> <span class='ocrx_word' id='word_1_379' title='bbox 1319 2232 1418 2263; x_wconf 85' lang='lat' dir='ltr'>penes</span> <span class='ocrx_word' id='word_1_380' title='bbox 1434 2220 1589 2263; x_wconf 76' lang='lat' dir='ltr'>priinores</span> <span class='ocrx_word' id='word_1_381' title='bbox 1607 2227 1729 2253; x_wconf 80' lang='lat' dir='ltr'>tantum</span> <span class='ocrx_word' id='word_1_382' title='bbox 1743 2222 1841 2253; x_wconf 73' lang='lat' dir='ltr'>l&#39;uisse</span> <span class='ocrx_word' id='word_1_383' title='bbox 1858 2226 1997 2261; x_wconf 83' lang='lat' dir='ltr'>constat,</span> <span class='ocrx_word' id='word_1_384' title='bbox 2023 2226 2058 2251; x_wconf 89' lang='lat' dir='ltr'>ut</span> <span class='ocrx_word' id='word_1_385' title='bbox 2076 2219 2129 2251; x_wconf 87' lang='lat' dir='ltr'>Ci-</span> 
     </span>
     <span class='ocr_line' id='line_1_54' title="bbox 1183 2280 2132 2324; baseline -0.003 -10"><span class='ocrx_word' id='word_1_386' title='bbox 1183 2294 1342 2321; x_wconf 88' lang='lat' dir='ltr'>ceronem,</span> <span class='ocrx_word' id='word_1_387' title='bbox 1365 2281 1547 2323; x_wconf 79' lang='lat' dir='ltr'>Caesarem,</span> <span class='ocrx_word' id='word_1_388' title='bbox 1572 2283 1760 2322; x_wconf 70' lang='lat' dir='ltr'>Messalam,</span> <span class='ocrx_word' id='word_1_389' title='bbox 1786 2295 1844 2314; x_wconf 89' lang='lat' dir='ltr'>nee</span> <span class='ocrx_word' id='word_1_390' title='bbox 1858 2283 2030 2313; x_wconf 79' lang='lat' dir='ltr'>Romuleus</span> <span class='ocrx_word' id='word_1_391' title='bbox 2045 2280 2132 2324; x_wconf 84' lang='lat' dir='ltr'>apud.</span> 
     </span>
     <span class='ocr_line' id='line_1_55' title="bbox 1180 2343 2130 2389; baseline -0.002 -12"><span class='ocrx_word' id='word_1_392' title='bbox 1180 2350 1325 2377; x_wconf 86' lang='lat' dir='ltr'>nostrum</span> <span class='ocrx_word' id='word_1_393' title='bbox 1336 2345 1376 2376; x_wconf 82' lang='lat' dir='ltr'>ali</span> <span class='ocrx_word' id='word_1_394' title='bbox 1382 2345 1422 2376; x_wconf 89' lang='lat' dir='ltr'>ud</span> <span class='ocrx_word' id='word_1_395' title='bbox 1434 2358 1529 2389; x_wconf 87' lang='lat' dir='ltr'>quam</span> <span class='ocrx_word' id='word_1_396' title='bbox 1540 2345 1883 2387; x_wconf 78' lang='lat' dir='ltr'>Romanumsignilieat</span> <span class='ocrx_word' id='word_1_397' title='bbox 1893 2344 2024 2388; x_wconf 75' lang='lat'>(§.555.</span> <span class='ocrx_word' id='word_1_398' title='bbox 2034 2343 2130 2386; x_wconf 77' lang='lat'>592).</span> 
     </span>
    </p>

    <p class='ocr_par' dir='ltr' id='par_1_18' title="bbox 1183 2405 2132 2515">
     <span class='ocr_line' id='line_1_56' title="bbox 1256 2405 2132 2454; baseline -0.001 -16"><span class='ocrx_word' id='word_1_399' title='bbox 1256 2407 1338 2438; x_wconf 82' lang='lat' dir='ltr'>illud</span> <span class='ocrx_word' id='word_1_400' title='bbox 1364 2406 1497 2454; x_wconf 71' lang='lat' dir='ltr'>quippe]</span> <span class='ocrx_word' id='word_1_401' title='bbox 1530 2408 1644 2440; x_wconf 83' lang='lat' dir='ltr'>Codex</span> <span class='ocrx_word' id='word_1_402' title='bbox 1668 2407 1870 2441; x_wconf 81' lang='lat' dir='ltr'>Monacensis</span> <span class='ocrx_word' id='word_1_403' title='bbox 1896 2405 1964 2450; x_wconf 81' lang='lat' dir='ltr'>(A)</span> <span class='ocrx_word' id='word_1_404' title='bbox 1994 2418 2132 2453; x_wconf 75' lang='lat' dir='ltr'>quoque,</span> 
     </span>
     <span class='ocr_line' id='line_1_57' title="bbox 1183 2469 2055 2515; baseline -0.001 -13"><span class='ocrx_word' id='word_1_405' title='bbox 1183 2470 1277 2503; x_wconf 81' lang='lat' dir='ltr'>male.</span> <span class='ocrx_word' id='word_1_406' title='bbox 1304 2471 1504 2503; x_wconf 85' lang='lat' dir='ltr'>Mercurialis</span> <span class='ocrx_word' id='word_1_407' title='bbox 1528 2472 1670 2503; x_wconf 81' lang='lat' dir='ltr'>ministra</span> <span class='ocrx_word' id='word_1_408' title='bbox 1697 2472 1767 2515; x_wconf 79' lang='lat' dir='ltr'>ipsa</span> <span class='ocrx_word' id='word_1_409' title='bbox 1788 2469 1971 2502; x_wconf 85' lang='lat' dir='ltr'>Geometria</span> <span class='ocrx_word' id='word_1_410' title='bbox 1996 2476 2055 2501; x_wconf 87' lang='lat' dir='ltr'>est.</span> 
     </span>
    </p>
   </div>
   <div class='ocr_carea' id='block_1_12' title="bbox 1259 2531 2132 2626">
    <p class='ocr_par' dir='ltr' id='par_1_19' title="bbox 1259 2531 2132 2626">
     <span class='ocr_line' id='line_1_58' title="bbox 1259 2531 2132 2579; baseline 0 -16"><span class='ocrx_word' id='word_1_411' title='bbox 1259 2531 1399 2578; x_wconf 76' lang='lat' dir='ltr'>abacus]</span> <span class='ocrx_word' id='word_1_412' title='bbox 1427 2533 1621 2579; x_wconf 80' lang='lat' dir='ltr'>Plerumque</span> <span class='ocrx_word' id='word_1_413' title='bbox 1649 2532 1787 2564; x_wconf 79' lang='lat' dir='ltr'>tabulam</span> <span class='ocrx_word' id='word_1_414' title='bbox 1815 2531 1990 2563; x_wconf 87' lang='lat' dir='ltr'>rationibus</span> <span class='ocrx_word' id='word_1_415' title='bbox 2015 2532 2132 2564; x_wconf 84' lang='lat' dir='ltr'>subdu·</span> 
     </span>
     <span class='ocr_line' id='line_1_59' title="bbox 1682 2595 1731 2626; baseline -0.02 0"><span class='ocrx_word' id='word_1_416' title='bbox 1682 2595 1731 2626; x_wconf 80' lang='lat'>62</span> 
     </span>
    </p>
   </div>
   <div class='ocr_carea' id='block_1_13' title="bbox 2168 933 2254 975">
    <p class='ocr_par' dir='ltr' id='par_1_20' title="bbox 2168 933 2254 975">
     <span class='ocr_line' id='line_1_60' title="bbox 2168 933 2254 975; baseline -0.023 0"><span class='ocrx_word' id='word_1_417' title='bbox 2168 933 2254 975; x_wconf 79' lang='lat'>579</span> 
     </span>
    </p>
   </div>
  </div>
 </body>
</html>
