2310 2860
172 1072 198 1114 iul-N

227 216 318 258 636
779 208 981 252 Martiani
1012 207 1212 264 Capellae
1240 206 1312 248 lib.
1344 207 1463 248 VIII.
1495 209 1528 259 ς).
1551 207 1651 248 885.

231 330 372 363 autem
417 317 576 360 directo
613 331 741 358 cursu
787 325 921 368 meat,
967 315 1092 356 etiam
1133 312 1362 355 undecimo
1394 329 1539 355 mense
1570 314 1780 356 circulum
1812 317 2007 370 complet.
2065 316 2193 357 Nunc

230 400 387 441 faciens
420 407 515 438 ante
546 396 653 438 Solis
691 406 833 437 ortum
874 397 917 438 in
962 395 1237 447 Luciferum,
1293 410 1408 436 nunc
1454 405 1547 451 post
1591 410 1789 436 occasum
1836 396 1943 436 Solis
1990 398 2193 453 effulgens

232 480 396 535 Vesper
435 478 500 519 vel
530 478 781 532 Vesperugo
812 477 1073 518 nominatur.
1134 476 1233 517 Sola
1267 476 1319 517 de
1351 477 1546 531 quinque
1577 475 2023 527 sideribusssumbram
2058 477 2194 518 reddit

2073 557 2195 606 Quae

232 641 407 697 quidem
434 642 474 681 in
500 651 597 682 ortu
622 641 827 682 matutino
853 641 1115 696 plerumque
1140 648 1327 695 quatuor
1348 637 1564 677 mensibus
1588 636 1859 688 immoratur,
1891 637 1933 677 in
1959 638 2197 693 vespertino

232 570 279 601 ut
308 562 456 611 Luna,
499 559 678 614 solaque
720 559 876 614 fulgori
917 559 1022 599 Solis
1068 557 1319 613 emergentis
1364 555 1438 597 diu
1484 564 1705 611 conspecta
1746 570 1829 596 non
1877 556 1996 597 cedit.

235 737 338 763 vero
363 737 587 777 nunquam
616 721 712 777 plus
743 721 890 777 viginti
915 721 1080 762 diebus.
1137 721 1306 763 Verum
1336 728 1421 760 tam
1452 719 1569 760 visus
1595 718 1684 773 ejus
1729 732 1860 774 quam
1902 717 2199 759 occultationes

234 802 498 860 undeviginti
530 802 747 844 mensibus
778 810 1086 844 restaurantur.

896 958 976 999 DE
1025 957 1251 999 STELLA
1293 958 1530 999 MARTIS.

403 1065 516 1106 Nam
563 1064 713 1120 Pyrois
751 1064 840 1105 sive
878 1063 1086 1105 Martium
1130 1063 1246 1105 sidus
1282 1064 1393 1106 ultra
1433 1065 1576 1106 Solem
1620 1079 1766 1106 means
1808 1065 2032 1121 proprium
2072 1063 2197 1104 etiam

236 1145 326 1201 ipse
371 1145 583 1186 circulum
632 1145 793 1187 telluris
839 1155 1063 1187 eccentron
1111 1155 1225 1187 meat
1272 1147 1389 1187 annis
1434 1161 1568 1201 prope
1606 1145 1797 1198 duobus3
1853 1146 1894 1186 in
1936 1145 2198 1186 latitudinem

240 1226 434 1280 quinque
461 1225 533 1265 vel
557 1235 743 1279 quatuor
774 1235 913 1281 partes
946 1216 1148 1267 excurrit.
1211 1226 1292 1266 Cui
1323 1226 1418 1267 licet
1444 1241 1543 1267 cum
1567 1226 1738 1267 duobus
1769 1224 2043 1281 superpositis
2069 1233 2203 1275 ortus,

242 1321 430 1357 occasus,
460 1306 746 1361 stationesque
774 1321 821 1347 ac
845 1306 1005 1348 reditus
1029 1306 1254 1348 videantur
1279 1321 1366 1346 esse
1392 1320 1664 1356 communes,
1695 1315 1838 1346 tamen
1861 1314 1900 1345 et
1934 1303 2198 1344 altitudinem

240 1388 480 1444 propriam,
534 1396 573 1428 et
607 1387 828 1428 stationem
867 1387 1077 1442 primam,
1130 1396 1170 1427 et
1212 1386 1401 1428 absidem
1443 1400 1568 1426 suam
1616 1394 1838 1441 exceptam
1885 1385 2033 1425 ceteris
2073 1385 2201 1426 novit.

315 1520 391 1545 «mle
421 1514 507 1546 Solis
536 1513 661 1560 ortum]
691 1514 813 1558 Recepi
845 1514 1016 1546 lectionem
1037 1514 1200 1546 Bondami

240 1578 323 1621 (var.
356 1578 429 1609 leet.
467 1590 498 1622 p.
525 1580 572 1610 65
605 1578 646 1622 s.)
677 1584 710 1610 et
747 1578 892 1610 codicum
922 1578 1198 1610 Etteuheimmi'm-

241 1639 422 1679 stoi-iensis,
468 1640 752 1680 Darmstattensis,
796 1646 828 1671 et
862 1640 1068 1672 Monacensis
1110 1639 1198 1684 (C),

241 1715 338 1746 quum
358 1703 441 1747 apud
465 1703 614 1736 Grotium
634 1704 796 1744 legeretur
819 1716 922 1735 »nune
946 1704 1067 1735 faciens
1094 1710 1200 1735 ortum

242 1771 277 1796 ut
303 1766 336 1796 in
364 1765 586 1805 Luciferum«,
628 1765 704 1796 lieet
735 1765 834 1808 probe
863 1765 959 1796 seiam
995 1771 1200 1808 pei-sanatum

242 1827 348 1858 loeuiu
376 1840 416 1859 ne
442 1840 526 1858 nune
551 1826 679 1870 quidem
697 1827 808 1860 videri.
845 1827 970 1859 Sensus
997 1832 1101 1859 tamen
1129 1839 1199 1871 per-

244 1891 384 1934 spicuus,
406 1902 543 1933 quocum
563 1890 657 1922 etiam
677 1891 812 1922 conferri
832 1897 940 1935 potest
950 1891 1091 1923 Vitruvii
1109 1891 1200 1923 loeus

244 1964 339 1996 supra
374 1953 538 1983 laudatus:
573 1953 629 1984 »ld
664 1958 769 1984 autem
794 1953 838 1984 ita
871 1965 943 1985 esse
967 1954 1102 1985 maxime
1127 1965 1200 1995 cog-

244 2017 388 2047 noscitur
417 2028 456 2047 ex
481 2016 620 2048 Veneris
648 2017 756 2057 stella,
790 2017 876 2060 quod
900 2029 937 2048 ea
963 2030 1060 2061 quum
1088 2017 1201 2050 Solem

247 2084 416 2121 sequatur,
441 2082 516 2121 post
536 2089 683 2109 occasum
705 2077 774 2119 ejus
797 2091 953 2123 apparens
971 2079 1003 2110 in
1023 2079 1115 2110 coelo
1138 2080 1199 2111 ela-

244 2140 434 2183 rissimeque
457 2140 568 2172 lucens
592 2140 777 2183 Vesper-1190
798 2141 971 2181 vocitatur,
1000 2141 1069 2172 aliis
1095 2147 1201 2172 autem

245 2202 444 2246 temporibus
480 2213 552 2232 eum
581 2207 788 2233 antecurrens
815 2208 848 2234 et
874 2203 981 2235 oriens
1005 2209 1076 2235 ante
1095 2203 1200 2235 lucem

246 2266 378 2308 Luffl'fer
401 2265 587 2308 appellatur.
595 2280 606 2294 u

320 2326 487 2372 cie-culmn]
507 2327 640 2360 Grotius
655 2327 753 2358 edidit
764 2328 895 2367 circum,
911 2330 969 2360 hae
989 2335 1064 2361 nota
1080 2329 1201 2361 addita:

254 2392 466 2436 »Quanquam
489 2391 608 2435 pudeat
630 2393 707 2423 haee
731 2392 805 2423 talia
823 2399 993 2434 annotare,
1023 2399 1128 2425 tamen
1145 2394 1200 2424 im-

247 2454 432 2497 peritiorum
453 2466 549 2486 eausa
573 2454 655 2484 addo
679 2455 798 2485 circum
819 2454 869 2486 hic
887 2467 1002 2486 nomen
1026 2467 1108 2496 esse,
1136 2467 1201 2486 non

248 2513 440 2549 (ἷκλιτονιιε
469 2522 608 2547 attamen
626 2515 762 2559 praetuli
785 2516 904 2548 codicis
929 2517 1203 2549 Ettenlieimmiin-

249 2578 411 2609 steriensis
432 2579 621 2620 lectionem,
649 2591 746 2622 quum
772 2581 890 2611 circum
914 2580 989 2611 mihi
1011 2581 1202 2612 remansisse

249 2639 393 2672 videntur
417 2653 457 2673 cx
479 2652 576 2685 prava
599 2641 756 2684 lectione,
792 2641 883 2683 eujus
914 2642 1047 2685 vestigia
1069 2643 1102 2675 in
1123 2654 1204 2675 mar·

1251 1514 1323 1556 gine
1360 1514 1517 1547 Grotiana
1544 1520 1686 1546 exstant:
1721 1514 1857 1547 »circum
1892 1513 2017 1545 telluris
2046 1519 2195 1545 centrum

1250 1588 1309 1620 pro
1326 1583 1505 1608 eceentron.
1540 1577 1591 1608 De
1613 1575 1848 1608 eceentrieitnte
1869 1580 1901 1607 et
1924 1574 2075 1618 epieyelis
2092 1574 2204 1608 Martis

1251 1640 1323 1672 vide
1349 1641 1572 1672 Ptolemaeum
1594 1640 1784 1685 (Almagest.
1812 1641 1872 1680 10,
1904 1641 1925 1671 7
1942 1638 2054 1682 sequ.).

1326 1704 1361 1734 in
1399 1701 1621 1746 latitudinem]
1655 1702 1695 1734 In
1722 1701 1815 1733 editis
1848 1706 1929 1732 erat:
1955 1700 2005 1731 »in
2036 1700 2206 1732 latitudine

1252 1767 1396 1812 quinque
1416 1771 1523 1809 partes
1545 1766 1720 1804 excurrit«,
1746 1777 1818 1797 eum
1841 1769 1915 1795 nota
1939 1763 2119 1804 marginali:
2148 1764 2205 1795 nal.

1253 1834 1428 1875 quatuor«,
1455 1833 1565 1858 nostra
1594 1827 1742 1871 petiimus
1772 1838 1812 1857 ex
1841 1825 2004 1858 codicibus
2028 1826 2205 1857 Dal-instat-

1252 1892 1351 1932 tensi,
1383 1890 1816 1930 Ettenlieimmfinsteriensi,
1853 1896 1886 1921 et
1912 1889 2101 1922 monacensi
2127 1890 2206 1934 (C).

1251 1956 1378 1987 Plinius
1401 1955 1456 1999 (2,
1483 1957 1528 1987 -15
1557 1967 1581 1986 s.
1606 1954 1680 1998 16)=
1708 1954 1839 1987 »Martis
1866 1953 1960 1985 stella
1984 1959 2124 2000 quatuor
2142 1965 2205 1985 me·

1253 2018 1338 2057 dias,
1371 2017 1465 2048 «Iovis
1490 2017 1625 2048 mediam
1653 2023 1685 2048 et
1709 2028 1806 2061 super
1839 2028 1910 2048 eam
1943 2015 2039 2057 duas,
2073 2015 2206 2048 Saturni

1253 2081 1377 2112 duabus
1401 2085 1436 2110 ut
1458 2078 1547 2111 Sota

1325 2139 1544 2185 superpositis]
1561 2140 1684 2183 Nempe
1701 2140 1735 2172 in
1757 2140 1866 2180 coelo,
1890 2138 2004 2172 nonin
2027 2140 2089 2171 hoe
2112 2137 2206 2179 libro,

1251 2203 1336 2236 Jove
1366 2202 1516 2234 nimirum
1543 2207 1575 2234 et
1599 2201 1758 2242 Saturno,
1784 2202 1867 2233 sieut
1888 2201 1968 2232 infra
1987 2199 2029 2245 (ἓ.
2049 2200 2136 2243 886)
2158 2202 2206 2232 in-

1249 2267 1386 2312 seriores
1413 2266 1555 2298 Saturno
1581 2270 1656 2296 suut
1679 2265 1809 2308 Jupiter
1834 2269 1866 2295 et
1893 2264 1998 2296 Mars..

1327 2328 1486 2374 absidem]
1529 2325 1686 2369 Ἀψῑὸας
1719 2339 1813 2359 nemo
1847 2328 1973 2370 ignorat
2009 2327 2208 2371 planetarum

1254 2392 1348 2423 orbes
1367 2391 1530 2435 appellari.
1561 2389 1707 2423 Meminit
1730 2389 1857 2421 Plinius
1880 2390 1933 2421 lib.
1954 2389 2002 2430 Π,
2030 2401 2097 2433 cap.
2115 2389 2206 2423 XVI.

1252 2452 1436 2498 Appulejus
1457 2453 1496 2483 de
1520 2452 1580 2483 deo
1605 2451 1765 2491 Socratis,
1791 2451 1845 2483 ubi
1867 2451 1906 2483 de
1924 2451 2061 2495 planetis
2085 2463 2206 2484 sermo:

1261 2514 1377 2548 »Varia
1406 2513 1524 2558 quippe
1557 2513 1705 2545 curriculi
1737 2513 1862 2557 speeie,
1903 2513 1961 2544 sed
1991 2525 2053 2545 una
2081 2525 2207 2558 semper

1255 2584 1287 2610 et
1316 2577 1475 2621 aequabili
1496 2577 1701 2622 pernicitate,
1735 2582 1803 2608 tum
1834 2588 2026 2620 progressus
2056 2582 2125 2608 tum
2153 2589 2206 2609 au-

1254 2646 1318 2672 tem
1336 2651 1504 2686 regressus
1524 2639 1662 2672 mirabili
1679 2638 1898 2672 vicissitudine
1919 2638 2121 2680 assimulant,
2147 2650 2205 2684 pro
