2310 2860
50 544 78 585 ις,

79 541 112 584 ΗΘ

132 185 217 228 1199.

701 181 900 224 Martiani
940 179 1143 236 Capellae
1181 179 1253 222 lib.
1281 179 1335 223 ΙΙ.
1376 183 1409 232 §.
1433 179 1531 223 141.

132 293 340 348 virginem
373 289 612 340 coronavit,
656 289 920 346 praecipiens
949 296 996 328 ut
1026 285 1193 337 omnia,
1237 299 1351 341 quac
1380 285 1523 328 adhuc
1552 288 1740 331 mortalis
1768 288 1973 331 adversus
2004 289 2092 330 vini

131 376 340 431 superum
377 374 418 414 in
443 370 704 428 praesidium
731 378 968 427 cooptarat,
995 367 1248 423 expellerem
1279 369 1442 424 quippe
1465 367 1650 411 caducae
1682 370 1961 426 mortalisque
1990 369 2094 411 suh-

131 456 303 496 stantiae
348 455 476 496 istaec.
520 468 609 494 esse
652 453 831 494 minima
877 451 1159 496 memorabat.
1227 451 1352 502 Quae
1391 449 1570 506 quidem
1614 452 1758 493 omnia
1787 451 1928 493 eidem
1960 460 2096 492 mater

136 535 357 586 abstraxit,
402 542 634 591 postquam
682 547 778 574 eam
823 530 1045 574 mundana
1092 531 1405 573 transcendisse
1452 530 1590 572 studia
1634 534 1892 589 recognovit.

1968 533 2039 574 Tu
2045 547 2096 572 nc

134 615 363 670 philologia
403 631 455 657 ex
495 624 684 656 aromate
725 623 978 672 praeparato
1011 627 1248 668 acerraque
1279 613 1452 669 propria
1481 612 1737 654 Athanasiae
1767 615 1965 669 primitus
1996 627 2099 669 sup-

131 697 325 752 plicavit,
363 698 579 753 matrique
620 697 712 752 ejus
751 697 931 754 gratiam
972 696 1110 738 multa
1150 695 1338 737 litatione
1376 695 1600 753 persolvit,
1647 695 1765 752 quod
1803 711 1881 737 nec
1909 695 2098 737 Vedium

132 791 229 818 cuin
268 790 409 820 uxore
445 778 731 835 conspexerit,
771 778 879 820 sicut
917 775 1126 818 suadebat
1165 775 1364 828 Etruria,
1410 791 1489 818 noc
1519 775 1783 818 Eumenidas
1816 785 1856 817 et
1885 775 2102 818 Chaldaea

182 921 325 965 Δεῖξον
345 921 430 968 ἐμοὶ
444 919 619 970 βοτάνην
637 919 827 970 ζωαρκέα,
854 918 987 963 δεῖξον
1007 919 1097 957 ἐκεί·

533 999 608 1032 νην

176 1042 246 1089 ἶΗς
286 1059 384 1085 ποτε
421 1051 507 1089 σοῖς
549 1044 805 1093 στομάτεσσιν
836 1042 999 1093 ἐγεύσαο
1033 1041 1099 1081 καὶ

533 1112 622 1153 βίον
647 1109 770 1153 ἕλκεις

178 1172 385 1223 ’Ἀμβροτον
431 1172 588 1213 &sydono
633 1171 788 1223 χρόνου
833 1170 1100 1218 κυκλούμενος

545 1237 662 1287 ὁλκῷ.

137 1304 244 1337 Gnor.
266 1321 316 1328 —-
341 1303 469 1335 Plinius
502 1303 588 1348 (25,
621 1304 683 1344 15,
709 1301 800 1346 102)
821 1301 935 1334 Latine
961 1301 1100 1334 Aizoum

136 1366 292 1398 nominat.
325 1365 429 1396 Paulo
456 1370 531 1408 post
554 1364 743 1409 particulam
766 1370 821 1403 ut,
846 1377 940 1408 quam
965 1364 1100 1396 Grotius

141 1428 264 1469 emisit,
295 1439 312 1459 e
337 1427 517 1460 Drcsdensi
541 1427 650 1459 codice
674 1432 749 1473 post
772 1438 883 1459 vocem
901 1427 1102 1470 praecipiens

140 1491 270 1525 inserui.

209 1549 383 1597 superum]
429 1551 496 1583 Pro
529 1561 680 1596 superam
711 1550 745 1584 in
779 1550 873 1585 editis
906 1549 1102 1583 Dresdensis

140 1617 254 1649 codex.

210 1674 357 1722 minima]
383 1676 423 1709 In
447 1676 522 1709 MS.
547 1677 789 1716 ηιίηἰπιαηὶηια,
815 1688 853 1707 ea
880 1675 997 1714 forma,
1039 1687 1102 1718 qna

137 1741 346 1784 nmynmu‘ma
376 1738 647 1784 pusillanimaque
667 1736 812 1769 dicimus.
847 1736 935 1781 Apte
971 1742 1002 1768 et
1026 1736 1104 1768 satis

139 1801 369 1833 convenienter
387 1798 506 1831 sensui.
527 1797 631 1830 Gnor.
646 1816 694 1823 —-—
717 1798 757 1831 In
779 1798 850 1830 solo
870 1798 977 1831 Grotii
993 1797 1104 1830 codice

139 1865 187 1898 sic
212 1864 348 1906 legitur3
383 1863 417 1894 in
452 1862 585 1906 reliquis
615 1862 763 1893 omnibus
792 1860 844 1893 vel
869 1864 1020 1901 minima,
1052 1859 1105 1892 vel

139 1930 309 1968 vninimae,
339 1938 519 1970 sensusque
543 1925 636 1957 idem.
671 1925 770 1957 Haud
794 1924 890 1957 dubie
913 1926 997 1957 enim
1020 1925 1104 1958 Mar-

140 1992 219 2024 tiani
247 1990 407 2023 sententia
439 1990 518 2021 haee
547 1994 631 2030 erat,
663 2001 682 2021 a
707 1988 780 2020 diva
806 2000 890 2021 nunc
919 1989 1001 2020 sacta
1028 1988 1106 2021 Phi·

139 2053 262 2095 lologia
290 2051 523 2085 contemnenda
548 2062 619 2082 esse
643 2050 700 2082 illa
724 2050 865 2082 remedia
893 2063 975 2094 quae
1003 2051 1106 2083 adhue

142 2117 288 2149 mortalis
306 2120 523 2160 comparasset
541 2114 584 2158 (ξ.
603 2114 706 2158 111),
731 2113 850 2158 quippe
868 2127 950 2158 quae
968 2115 1105 2148 caducae

146 2180 342 2213 substantiae
366 2179 577 2221 minimaeque
600 2182 709 2209 essent
731 2178 896 2210 efficaciae.

220 2241 445 2286 Athanasiae]
481 2240 586 2284 Quasi
619 2240 707 2272 deae.
746 2239 921 2273 Sallustius
946 2242 1030 2273 enim
1060 2241 1106 2285 (in

147 2308 261 2349 fragm.
285 2318 314 2349 p.
335 2306 407 2337 257
437 2304 543 2348 Bip.):
566 2309 653 2335 nunu
676 2303 817 2336 venienti
839 2305 998 2350 (Metello)
1023 2311 1107 2346 ture,

149 2370 240 2415 quasi
266 2369 345 2409 deo,
375 2368 645 2410 supplicabatur.-

229 2429 386 2476 Vedium]
412 2430 537 2463 Vedius
564 2435 615 2462 est
640 2430 793 2472 Vejovis,
822 2437 859 2464 nt
882 2431 964 2464 Dius
1011 2432 1106 2465 'idius

150 2495 244 2527 Jovis
271 2494 355 2525 filins
388 2497 421 2524 et
445 2493 504 2524 sub
528 2492 581 2524 dio
604 2492 664 2523 sub
684 2492 777 2524 Jove.
821 2494 884 2525 Est
912 2501 1018 2527 autem
1042 2496 1109 2528 Vn·

148 2557 233 2598 jovis
262 2556 424 2599 Dispater.
460 2553 568 2586 Gloss.
597 2554 736 2597 Papiae:
762 2555 886 2587 Vedius
923 2557 1022 2590 Pluto
1057 2558 1111 2591 vel

155 2619 279 2657 Orcus,
307 2617 339 2649 id
366 2621 415 2648 est
443 2615 545 2648 malus
574 2615 675 2648 divus.
711 2616 778 2660 Qui
801 2615 891 2649 locus
914 2618 1037 2651 liberali
1058 2620 1110 2663 ju-

1149 921 1223 954 veni
1244 919 1408 954 Friderieo
1431 921 1638 965 Tiliobrogae
1659 922 1804 955 debetur.
1829 922 2030 967 Exsequitur
2052 923 2104 956 liic

1149 983 1326 1016 animarum
1363 983 1449 1029 apud
1483 984 1604 1016 inferos
1641 984 1825 1027 degentium
1861 997 1998 1030 poenas:
2030 989 2107 1017 sunt

1150 1052 1257 1080 autem
1280 1048 1442 1094 triplices:
1468 1054 1598 1090 aereae,
1628 1061 1766 1094 aqueae,
1792 1049 1923 1092 igneae,
1951 1056 1987 1082 ut
2015 1053 2107 1082 notat

1150 1112 1286 1145 Servius
1306 1111 1346 1144 ad
1368 1111 1430 1146 VI.
1448 1110 1584 1144 Aeneid.
1608 1118 1642 1144 et
1664 1111 1847 1145 Arnobius=
1874 1112 1985 1156 Quid?
2009 1111 2105 1145 Plato

1149 1175 1234 1208 idem
1253 1181 1376 1216 vester,
1402 1175 1435 1207 in
1459 1187 1498 1208 eo
1520 1176 1697 1218 volumine,
1727 1177 1814 1221 quod
1837 1176 1877 1208 de
1902 1176 2024 1208 animae
2047 1176 2104 1209 im-

1151 1239 1342 1272 mortalitate
1369 1239 1564 1283 composuit‚
1597 1251 1663 1272 non
1688 1238 1922 1281 Acherontem,
1947 1252 2013 1272 non
2029 1238 2104 1284 Sty-

1152 1313 1223 1344 gem
1253 1306 1285 1333 et
1312 1300 1620 1345 Pyrplilegetontem
1649 1302 1810 1343 nominat,
1840 1302 1872 1333 in
1899 1301 2015 1345 quibus
2039 1301 2106 1334 ani·

1152 1377 1220 1398 mas
1251 1370 1414 1397 asseverat
1439 1365 1542 1406 volvi,
1571 1365 1686 1406 mergi,
1721 1366 1834 1397 exuri?
1859 1365 1968 1396 Locus
1991 1369 2107 1406 autem,

1151 1429 1193 1462 ad
1213 1441 1308 1473 quem
1338 1429 1481 1473 respexit
1508 1428 1689 1470 Arnobius‚
1715 1434 1766 1461 est
1788 1428 1872 1461 circa
1893 1428 1990 1461 finem
2003 1428 2108 1461 Phae·

1153 1491 1266 1532 (lonis,
1300 1491 1356 1535 qui
1382 1496 1414 1522 ct
1439 1487 1528 1537 περὶ
1552 1489 1699 1537 ψυχῆς
1720 1491 1912 1523 inscribitur.
1937 1491 2040 1523 anT.
2060 1511 2108 1516 —

1153 1553 1300 1587 Stolidus
1332 1553 1476 1598 profecto
1502 1551 1669 1584 Arnohius
1697 1553 1842 1585 invectus
1868 1553 1901 1584 in
1927 1553 2108 1594 Platonem,

1153 1617 1209 1662 qui
1229 1617 1296 1661 ipse
1318 1617 1362 1660 (in
1384 1616 1505 1648 Phaed.
1523 1629 1554 1659 p.
1569 1616 1640 1648 114
1658 1615 1784 1660 Stcph.)
1806 1615 1930 1648 fabulas
1947 1617 2004 1649 has
2025 1628 2108 1656 esse,

1154 1691 1259 1722 neque
1292 1690 1433 1721 unquam
1466 1677 1568 1709 tirum
1601 1689 1696 1709 sanae
1724 1679 1840 1710 mentis
1865 1690 1919 1710 eas
1944 1691 2002 1723 pro
2025 1678 2108 1711 veris

1154 1747 1358 1785 accepturum
1378 1752 1450 1773 esse
1467 1741 1560 1773 claris
1580 1741 1685 1773 verbis
1702 1741 1819 1783 edixit,
1842 1754 1940 1786 seque
1959 1755 2025 1774 non
2045 1742 2108 1774 nisi

1153 1803 1368 1837 similitudinis
1390 1816 1486 1837 causa
1509 1815 1563 1835 cas
1589 1816 1735 1836 narrasse
1754 1810 1901 1838 testatur.
1938 1805 2037 1849 Quod
2059 1816 2109 1836 rc-

1154 1866 1278 1910 liquum
1304 1871 1369 1906 est,
1405 1866 1522 1898 erravit
1551 1867 1645 1898 etiam
1672 1865 1824 1907 Grotius,
1850 1867 2042 1899 Martianum
2067 1867 2112 1899 ita

1157 1930 1404 1974 interpretatus,
1435 1929 1527 1973 quasi
1549 1941 1671 1973 poenas
1693 1931 1876 1973 philologia
1901 1931 2111 1964 extimuisset.

1155 1992 1285 2023 Etenim
1320 1991 1359 2023 de
1387 1991 1612 2023 lustrationum
1645 1993 1814 2034 generibus
1851 1999 1974 2025 tantum
2007 2005 2112 2027 sermo

1156 2060 1216 2095 est,
1240 2067 1258 2086 a
1273 2055 1388 2098 quibus
1405 2054 1483 2098 ipsis
1499 2054 1692 2096 Philologia,
1716 2055 1983 2099 quemadmodum
2001 2067 2112 2089 omnes

1156 2130 1214 2163 per
1229 2116 1462 2161 philosophiam
1479 2116 1546 2158 jam
1562 2117 1701 2160 purgati,
1720 2130 1737 2149 e
1759 2118 1906 2150 Platonis
1929 2119 1962 2162 (l.
1976 2117 2016 2161 c.)
2040 2128 2112 2149 scn-

1157 2182 1255 2213 tentia
1278 2181 1377 2212 libera
1400 2185 1476 2211 erat.
1503 2180 1652 2224 Denique
1669 2193 1709 2212 ne
1728 2181 1839 2212 miram
1864 2181 2000 2212 nominis
2015 2179 2113 2213 Vedii

1157 2243 1382 2288 etymologiam
1406 2242 1534 2274 silentio
1562 2248 1775 2287 praeteream,
1811 2242 1944 2275 Jaeckel
1966 2243 2026 2287 (de
2050 2243 2112 2276 diis

1157 2306 1339 2340 domesticis
1362 2306 1581 2338 Romanorum
1605 2319 1636 2351 p.
1659 2306 1728 2350 45)
1749 2318 1866 2347 nomen
1887 2306 2113 2341 Germanicum

1162 2370 1342 2412 W'elaeqott
1362 2379 1433 2399 esse
1460 2368 1636 2400 asseverat!

1231 2428 1387 2475 Etruria]
1422 2429 1496 2461 Hoc
1524 2435 1575 2461 est
1606 2428 1746 2461 Etrusca
1777 2429 1954 2475 disciplina.
1983 2430 2114 2463 Fumo.

1160 2495 1249 2539 (bibl.
1271 2494 1341 2526 Lat.
1359 2495 1391 2526 5.
1418 2506 1448 2537 p.
1466 2493 1536 2524 221
1564 2491 1657 2535 Ern.)
1673 2513 1723 2518 —-
1751 2493 1820 2526 Sed
1843 2506 1998 2538 quaenam
2020 2506 2116 2540 quae-

1161 2557 1257 2588 ritur:
1283 2567 1397 2600 nempe
1426 2555 1466 2586 de
1495 2554 1681 2586 ascensione
1711 2554 1745 2586 in
1773 2555 1898 2588 coelum
1925 2568 2029 2588 sermo
2054 2562 2116 2592 est.

1161 2619 1251 2653 Inter
1274 2617 1365 2662 plura
1391 2617 1450 2650 hac
1477 2616 1517 2649 de
1541 2628 1576 2649 rc
1597 2615 1763 2650 Arnobius
1792 2617 1839 2663 (2.
1867 2631 1898 2665 p.
1919 2618 1982 2663 86)
2005 2619 2115 2651 refert:
