2310 2860
695 191 893 234 Martiani
925 191 1122 248 Capellae
1154 191 1225 234 lib.
1251 191 1326 233 111.
1357 194 1387 243 ᾗ.
1410 192 1508 234 519.
2025 199 2112 239 519

158 296 257 340 fisus
298 314 438 350 eram,
491 315 602 350 eras,
655 308 754 341 erat.
835 299 952 340 Hace
1000 298 1140 338 omnia
1190 299 1336 339 tertiae
1377 299 1677 354 conjugationis
1718 313 1935 359 correptae
1978 305 2108 345 verba
2139 309 2228 350 520

157 380 384 421 indicativo
416 380 544 420 modo
583 388 776 434 tempore
817 383 1042 434 praeterito
1086 379 1223 434 specie
1258 378 1497 420 inchoativa
1530 380 1690 435 adjecta
1722 382 1774 423 ad
1804 384 2106 439 imperativum

156 462 337 503 modum
372 462 473 502 bam
504 461 687 516 syllaba,
726 459 1004 516 praecedente
1035 471 1290 503 consonante
1320 464 1486 518 primae
1516 465 1749 520 positionis,
1795 469 1932 509 vocali
1962 470 1998 510 E
2034 470 2107 511 ad-

153 544 260 597 jecta
297 543 576 599 productione
610 543 911 592 terminantur,
964 551 1011 582 ut
1040 542 1130 597 lege
1170 543 1386 598 legebam,
1428 553 1522 599 pete
1552 545 1770 600 petebam,
1817 551 2000 604 exeeptis
2031 550 2107 601 his,

155 639 267 680 quae
297 625 316 664 I
348 634 442 666 ante
474 626 512 666 O
545 623 773 664 habuerint
802 623 845 663 in
877 622 1016 677 prima
1047 623 1272 678 positione3
1326 639 1375 665 ea
1406 625 1518 666 enim
1552 625 1712 679 adjecta
1742 627 1761 668 I
1791 627 1911 670 litera
1942 629 1994 670 ad
2026 630 2108 670 im-

153 705 396 759 perativum
428 705 631 755 modum,
663 713 703 744 et
733 703 893 756 adjecta
923 701 1022 741 bam
1054 701 1239 756 syllaba,
1278 704 1485 759 producta
1514 706 1549 746 E
1578 707 1880 759 terminantur,
1911 718 1958 749 ut
1987 710 2106 764 rapio

151 799 253 840 rape
283 785 516 841 rapiebam.
556 784 726 825 Tertiae
757 781 1058 838 conjugationis
1090 793 1312 838 correptae
1344 786 1477 826 verba
1502 786 1728 829 indicativo
1759 788 1888 830 modo
1912 799 2106 845 tempore

150 867 297 908 futuro
334 867 500 908 sublata
537 867 573 907 E
611 866 731 906 litera
771 875 810 906 et
854 864 1014 918 adjecta
1055 879 1124 906 am
1163 865 1328 920 syllaba
1373 867 1678 920 terminantur,
1730 880 1778 911 ut
1815 871 1906 926 lege
1945 872 2106 926 legam,

149 954 243 1000 pete
274 956 439 1001 petam,
483 946 613 986 indue
643 946 845 998 induam,
905 946 1089 1001 exceptis
1119 945 1206 997 his,
1252 961 1364 1002 quae
1394 947 1413 988 I
1446 957 1540 988 ante
1567 949 1605 990 O
1637 949 1865 992 habuerint
1894 953 1936 992 in
1968 953 2107 1007 prima

148 1027 374 1081 positione;
407 1041 455 1067 ea
487 1027 599 1066 enim
625 1027 660 1067 E
687 1027 728 1067 in
751 1027 770 1066 I
796 1035 1061 1076 convertunt,
1093 1036 1132 1067 et
1164 1037 1381 1084 assumpta
1413 1043 1481 1070 am
1506 1030 1671 1085 syllaba
1699 1030 1861 1074 faciunt
1890 1032 2104 1083 futurum,

147 1116 193 1147 ut
222 1107 342 1161 rapio
373 1121 476 1160 rape
505 1106 694 1160 rapiam,
733 1106 841 1146 facio
873 1106 965 1146 face
999 1106 1168 1148 faciam.

761 1261 840 1302 DE
886 1262 1207 1304 PRODUCTA
1257 1263 1491 1307 TERTIA.

316 1366 486 1407 Tertiae
525 1366 828 1420 conjugationis
867 1366 1098 1420 productae
1139 1368 1272 1409 verba
1308 1369 1535 1411 indicativo
1576 1371 1705 1413 modo
1743 1381 1934 1429 tempore
1977 1390 2104 1430 prae-
2134 1375 2218 1417 521

142 1447 246 1487 senti
277 1461 453 1501 persona
489 1446 627 1501 prima
660 1455 732 1486 aut
770 1461 818 1486 eo
856 1446 984 1487 literis
1023 1448 1327 1500 terminantur,
1366 1459 1414 1490 ut
1449 1450 1553 1492 adeo
1585 1452 1694 1504 adis,
1741 1454 1902 1509 prodeo
1933 1457 2077 1511 prodis
2089 1474 2100 1510 3

142 1537 216 1569 aut
254 1527 316 1578 io,
372 1527 498 1567 audio
545 1527 686 1577 audis,
741 1529 882 1567 nutrio
922 1529 1071 1569 nutris.
1141 1529 1312 1570 Tertiae
1352 1531 1657 1586 conjugationis
1691 1533 1924 1588 productae
1966 1537 2101 1578 verba

140 1607 547 1664 imperativo·modo
570 1616 762 1662 tempore
787 1608 996 1662 praesenti
1028 1609 1072 1650 in
1098 1609 1284 1650 secunda
1314 1626 1495 1665 persona
1519 1612 1539 1652 Ι
1563 1612 1770 1667 producta
1800 1615 2097 1668 terminantur,

140 1699 188 1730 ut
220 1689 323 1730 adeo
362 1689 450 1739 adi,
494 1688 654 1744 prodeo
694 1688 839 1743 prodi,
888 1689 1016 1731 audio
1052 1691 1172 1742 audi,
1211 1690 1353 1731 nutrio
1384 1691 1510 1732 nutri.
1578 1693 1695 1733 Haec
1726 1693 1932 1737 infinitivo
1968 1681 2098 1739 niodo

140 1769 300 1824 adjecta
329 1770 383 1811 ad
412 1770 719 1826 imperativum
750 1769 932 1811 modum
961 1784 1008 1811 re
1041 1769 1207 1824 syllaba
1246 1778 1444 1809 manente
1481 1769 1759 1824 productione
1798 1775 2096 1828 terminantur,

139 1860 187 1890 ut
222 1851 287 1891 adi
321 1851 456 1901 adire,
509 1850 632 1906 prodi
672 1850 856 1905 prodire.
933 1850 1104 1891 Tertiae
1154 1851 1456 1905 conjugationis
1500 1853 1656 1905 verba,
1712 1869 1823 1909 quae
1867 1857 2095 1900 indicativo

139 1930 268 1971 modo
310 1940 501 1984 tempore
540 1930 749 1984 praesenti
792 1943 970 1984 persona
1012 1930 1153 1983 prima
1192 1946 1241 1971 eo
1281 1931 1409 1972 literis
1440 1933 1746 1986 terminantur,
1789 1950 1838 1976 ea
1869 1937 1998 1978 niodo
2034 1939 2099 1979 in-

138 2010 319 2052 dicativo
359 2020 552 2066 tempore
596 2009 820 2065 praeterito
860 2010 997 2064 specie
1041 2011 1235 2052 absoluta
1281 2012 1442 2067 adjecta
1483 2013 1535 2054 ad
1568 2014 1874 2069 imperativum
1916 2017 2098 2059 modum

139 2093 179 2131 vi
203 2091 367 2146 syllaba
390 2091 694 2141 terminantur,
726 2100 774 2130 ut
799 2089 902 2130 adeo
928 2088 1041 2131 adivi
1051 2105 1063 2142 3
1095 2100 1241 2132 exacta
1267 2101 1406 2133 autem
1435 2093 1565 2134 verba
1591 2108 1756 2146 veram,
1787 2104 1834 2136 ut
1855 2095 2096 2150 adiveram3

205 2231 296 2277 face]
329 2232 568 2275 Quinctilianns
604 2233 657 2276 (1,
683 2234 722 2273 (3,
749 2233 815 2273 21,
853 2245 883 2277 p.
911 2235 992 2266 130.
1020 2236 1087 2266 151
1142 2236 1194 2279 2)=
1219 2237 1342 2269 ”omnia
1365 2237 1448 2269 enim
1475 2239 1572 2271 verba
1599 2239 1633 2270 in
1664 2251 1701 2271 eo
1726 2238 1905 2272 desinentia
1936 2242 2093 2274 secundae

137 2292 268 2337 Spald.)
293 2295 421 2338 quidem
450 2295 658 2327 »insolentiae
691 2308 782 2328 esse«
812 2303 922 2329 censet
955 2298 1090 2330 „abolita
1141 2306 1215 2331 sunt
1245 2301 1496 2342 conjugationis,
1533 2303 1675 2346 exeeptis
1706 2303 1818 2346 paucis
1847 2302 1968 2347 primae
1988 2318 2034 2325 —-
2061 2310 2093 2334 et

137 2361 232 2399 atque
255 2357 404 2398 abrogata
428 2363 463 2388 ut
484 2358 557 2400 face
579 2364 611 2390 et
632 2360 699 2391 dice
723 2365 754 2391 et
776 2360 889 2391 similia
910 2361 1087 2401 retinere«,
1139 2369 1268 2407 quartae
1295 2377 1375 2411 queo
1407 2367 1479 2411 quis
1502 2371 1534 2397 et
1561 2379 1597 2398 eo
1622 2368 1667 2405 is,
1701 2373 1733 2398 et
1758 2378 1838 2410 qnae
1865 2378 1906 2397 ex
1933 2366 1982 2396 his
2006 2377 2090 2397 com·

137 2419 194 2450 sed
228 2430 268 2450 ex
296 2419 422 2462 opthnis
455 2420 661 2463 scriptoribus
690 2422 827 2454 Ovidius
856 2424 893 2467 (e
914 2424 1022 2456 Ponto
1047 2425 1085 2464 2,
1137 2431 1328 2470 ponuntur-<1
1368 2426 1534 2458 Charisius
1567 2439 1694 2471 qnoque
1722 2428 1861 2471 (1›.130
1882 2426 2027 2468 Putseh.)
2053 2438 2090 2459 eo

137 2482 177 2522 2,
199 2482 265 2522 645
296 2482 366 2513 sust.
383 2483 416 2522 5,
439 2481 530 2524 890)
564 2484 773 2517 archaismum
790 2486 880 2517 illum
900 2488 1085 2528 retinuerat,
1137 2493 1170 2519 et
1192 2499 1273 2531 quae
1297 2499 1337 2519 ex
1366 2499 1404 2519 eo
1428 2488 1603 2531 composita
1622 2495 1711 2528 sunt,
1740 2488 1779 2519 ad
1801 2487 1895 2518 verba
1917 2487 2021 2530 quarti
2038 2499 2088 2519 or-

135 2557 232 2588 quare
258 2544 442 2587 neutiquam
463 2544 638 2588 culpandus
657 2547 833 2580 Martianus
859 2554 918 2581 est.
1137 2549 1220 2580 dinis
1239 2549 1351 2589 refert,
1377 2549 1452 2582 lieet
1476 2550 1537 2580 alio
1559 2549 1632 2581 loco
1654 2549 1704 2591 (p.
1727 2548 1818 2589 251)
1836 2548 1919 2580 iuter
1939 2555 2086 2593 corrupta

211 2620 246 2639 eo
275 2606 392 2652 literis]
420 2607 604 2641 Priscianus
632 2609 748 2654 (super
776 2611 839 2645 ΧΠ
866 2623 976 2645 versus
1001 2611 1083 2644 Aen.
1135 2616 1250 2655 ponat,
1277 2611 1396 2655 pariter
1419 2617 1453 2642 ut
1476 2611 1650 2643 Diomedes
1675 2610 1827 2653 (lt-550²)
