2310 2860
253 141 288 183 (ἐξ

290 141 312 182 μὴ

315 139 344 180 10

826 130 1025 173 Martiani
1057 130 1256 188 Capellae
1285 128 1355 171 lib.
1380 128 1455 171 VI.
1484 130 1515 182 ᾗ.
1540 129 1640 171 665.

563 290 700 334 ALIA
733 289 1020 332 DIMENSIO
1055 287 1331 330 EUROPAE
1366 288 1403 330 A
1438 288 1905 330 SEPTENTRIONE.

426 399 467 440 Si
500 408 642 440 autem
672 398 917 439 laevorsum
949 405 1042 452 post
1064 394 1277 450 Riphaeos
1301 405 1464 436 montes
1495 394 1643 436 redeas
1673 410 1749 451 per
1771 396 1931 437 Oceani
1961 397 2209 451 septentrio-

257 481 362 523 nalis
392 490 570 532 tractus,
608 490 648 521 te
676 480 818 521 denuo
850 494 925 535 per
958 477 1245 527 Germaniae,
1288 478 1641 532 Galliarumque,

258 562 519 604 Gaditanum
555 562 706 602 ostium
743 560 976 602 revocabis.

1701 486 1741 518 et
1778 478 1923 518 Iberos
1953 477 2130 533 populos
2168 479 2210 519 in

1045 558 1248 614 Ariphaei
1281 558 1440 614 quippe
1472 560 1558 613 jam
1591 561 1632 599 in
1664 558 1762 600 Asia
1793 558 2002 600 constituti
2033 558 2211 614 parilem

259 642 549 696 Hyperboreis
586 642 715 682 vitam
754 640 933 696 degunt,
979 640 1138 680 cunctis
1180 639 1374 694 gentibus
1417 639 1670 691 venerandi,
1715 649 1761 680 ut
1802 639 1856 680 ad
1895 655 1964 680 eos
2005 639 2121 680 velut
2158 637 2210 679 ad

211 716 214 718 ¹
261 724 482 780 quoddam
515 724 681 779 asylum
716 723 961 778 confugiant
999 732 1247 763 metuentes.

1310 721 1433 761 Ultra
1462 720 1540 760 hos
1572 720 1793 761 Cimmerii
1825 730 1864 762 et
1893 722 2131 761 Amazones
2164 719 2215 760 ad

260 804 464 861 Caspium
498 819 636 856 mare,
678 803 795 859 quod
825 804 868 844 in
901 802 1082 844 confinio
1115 813 1231 844 ortus
1264 802 1406 843 aestivi
1441 801 1688 856 Scythicum
1721 803 1962 858 perrumpit
1993 814 2212 843 oceanum.

142 884 231 926 (36ss
259 885 357 926 Post
396 886 561 940 prolixa
604 895 816 927 terrarum
857 895 896 926 et
933 886 1150 940 Hyrcania
1188 885 1413 941 reperitur.

1481 883 1681 924 Ceterum
1723 884 1766 924 in
1808 884 2068 925 Atlanticum
2102 882 2215 924 littus

263 968 425 1009 Oceani
449 978 683 1010 remeantes
703 983 780 1025 per
803 968 1078 1023 Aquitaniam
1107 976 1344 1007 extremam
1369 973 1649 1020 extremaque
1669 965 1871 1020 Europae
1894 966 1935 1005 in
1956 964 2217 1006 Britanniam

262 1058 559 1101 revertuntur3
593 1064 703 1104 quae
734 1049 871 1090 insula
902 1050 1009 1103 jacet
1040 1049 1147 1089 inter
1179 1046 1508 1102 septentrionem
1542 1055 1581 1086 et
1611 1060 1831 1096 occasum,
1876 1045 2000 1100 longa
2032 1044 2217 1086 millibus

263 1130 528 1184 octingentis,
571 1131 652 1171 lata
684 1132 888 1171 trecentis.

951 1130 1163 1171 Circuitus
1195 1127 1330 1169 tricies
1370 1127 1494 1167 octies
1529 1127 1672 1181 viginti
1704 1127 1896 1181 quinque
1928 1127 2060 1168 millia
2093 1135 2216 1167 tenet.

262 1208 314 1250 In
345 1209 496 1250 ultimo
531 1210 620 1264 ejus
651 1210 757 1251 silva
789 1210 1038 1261 Caledonia,
1086 1208 1337 1262 insulaeque
1369 1207 1669 1263 quamplures,
1715 1208 1823 1249 inter
1861 1223 1967 1263 quas
2000 1205 2219 1248 Orehades

340 1319 463 1352 Oceani
489 1318 765 1364 septentrionalis]
801 1319 927 1350 Plinius
961 1319 1013 1361 (4,
1049 1319 1110 1357 15,
1139 1316 1216 1359 27):

273 1380 483 1412 »Exeundum
506 1382 620 1413 deinde
645 1387 710 1421 est,
740 1388 775 1412 ut
803 1387 911 1412 cxtcra
935 1381 1084 1424 Europae
1112 1379 1217 1410 diean-

264 1448 317 1474 tur
340 1443 612 1487 transgressisque
638 1443 802 1487 Riphaeos
830 1448 954 1474 montes
979 1442 1069 1473 littus
1095 1440 1220 1472 Oceani

266 1505 525 1548 septentrionalis
550 1505 583 1537 in
606 1505 712 1546 laeva,
742 1505 844 1537 donee
869 1504 1073 1548 perveniatur
1099 1503 1220 1543 Gades,

265 1569 462 1610 legcmlum.n

342 1629 519 1676 Ariphaei]
560 1630 693 1663 Solinus
725 1630 814 1673 (17)=
841 1630 940 1661 altera
974 1631 1007 1660 in
1034 1629 1116 1660 Asia
1142 1638 1220 1669 gens

269 1693 310 1724 acl
335 1694 458 1725 initium
484 1693 615 1725 orientis
643 1693 771 1733 aestivi,
805 1693 857 1724 uhi
888 1692 1039 1724 deficiunt
1061 1691 1221 1735 Riphaeo-

269 1767 339 1787 rum
373 1755 526 1786 montium
553 1756 647 1797 juga,
680 1755 899 1799 Hyperboreis
934 1754 1070 1794 similes3
1114 1753 1224 1785 dicunt

269 1821 490 1864 Arimphaeos.
508 1819 600 1852 Sacri
622 1820 786 1859 habentur,
809 1819 1032 1862 attrectarique
1054 1830 1110 1851 eos
1128 1817 1223 1849 ctiam

269 1896 288 1915 a
320 1881 524 1914 t'erocissimis
554 1881 735 1912 nationibus
765 1882 853 1912 nefas
877 1881 1039 1912 habeam«
1085 1879 1222 1911 Reiche-

270 1947 421 1979 minensis
440 1958 568 1989 quoque
588 1946 689 1976 codex
704 1945 910 1987 Arimphaei,
937 1944 1095 1985 vulgatam
1119 1949 1224 1974 tamen

274 2020 400 2041 servare
423 2009 535 2049 malui⁷
560 2009 633 2052 quia
653 2008 737 2039 haud
761 2008 825 2039 seio
849 2021 887 2039 an
914 2009 952 2039 ab
976 2008 1053 2051 ipsis
1075 2007 1226 2050 Riphaeis

273 2070 434 2103 montibus
455 2070 561 2101 addito
580 2082 604 2102 α
628 2069 782 2113 privativo
804 2082 920 2100 nomen
946 2069 1111 2101 traxerint.

349 2140 437 2165 ortus
458 2131 589 2177 aestivi]
623 2132 678 2164 Sic
702 2132 813 2176 scripsi
840 2145 880 2163 cx
907 2131 1128 2164 emendatione
1153 2130 1225 2162 Sal-

275 2197 366 2229 masii
390 2197 448 2241 (ad
475 2195 580 2230 Solia.
613 2208 645 2239 p.
670 2196 771 2238 209),
804 2208 901 2240 quum
927 2196 959 2227 in
989 2195 1128 2237 vulgatis
1157 2205 1226 2226 cor-

275 2264 367 2303 rupte
393 2258 552 2300 lcgcretur
582 2263 683 2289 ortum
712 2263 758 2289 est
784 2258 843 2298 ibi,
879 2257 964 2301 quod
988 2257 1104 2288 frustra
1135 2254 1227 2286 resti-

274 2327 364 2352 tuere
389 2319 510 2351 studuit
535 2318 668 2352 Grotius
686 2318 872 2360 corrigendo
896 2321 958 2350 ubi.
985 2319 1029 2349 Et
1047 2324 1136 2350 ortus
1159 2315 1227 2360 qui-

278 2382 350 2413 dem
365 2382 398 2413 in
413 2381 576 2414 codicibus
593 2385 717 2412 exstare
733 2379 910 2412 Salmasius
929 2385 1078 2420 testatur,
1105 2377 1229 2422 reliqua

278 2444 410 2476 mutatio
443 2443 684 2487 orthographiae
713 2449 834 2475 tantum
867 2450 924 2475 est.
964 2443 1116 2476 Ceterum
1143 2446 1228 2473 recte

283 2514 393 2540 monet
409 2507 587 2540 Salmasius
607 2507 759 2550 Caspium
781 2518 865 2538 marc
882 2519 947 2538 non
961 2507 1134 2551 irrumpere
1151 2504 1230 2548 Scy-

284 2572 403 2604 thicum
431 2584 605 2614 oceanum,
637 2571 724 2615 quod
756 2583 797 2604 cx
822 2570 936 2604 Selino
961 2576 1072 2604 noster
1103 2579 1231 2615 quoque

1268 1315 1388 1355 hausit,
1411 1315 1467 1346 scd
1491 1327 1655 1359 erumpere
1677 1327 1694 1347 c
1714 1315 1886 1359 Scythico,
1907 1315 2079 1359 laudatque
2100 1313 2219 1359 Diony-

1270 1379 1352 1410 sium
1377 1378 1508 1422 (perieg.
1528 1378 1605 1422 47):

1328 1438 1536 1488 »Δεύτερος
1571 1434 1657 1477 αὖτ’
1688 1439 1823 1488 ὀλίγος
1851 1439 1921 1485 μὲν
1951 1437 2049 1488 ἀτὰρ
2080 1450 2221 1488 προφε-

1670 1505 1856 1552 ρέστατος
1877 1504 2024 1548 ἄλλων,

1320 1566 1410 1604 Ὁστ”
1436 1564 1742 1611 ἀποκιδνάμενος
1775 1567 1932 1615 κρονιής
1964 1565 2058 1607 ἁλὸς
2085 1565 2138 1606 εἰς
2162 1567 2223 1606 βο-

1670 1628 1763 1675 ρὲαο

1324 1689 1481 1734 Κασπίῃ
1495 1686 1590 1724 αἰπύ
1598 1689 1764 1736 ῥέεθρον
1778 1683 2222 1735 (ἓπτοπροῖῆὄιθαλάόὄῃ.α

1275 1753 1396 1786 Confer
1414 1752 1445 1783 iu
1468 1752 1650 1783 unixcrsum
1672 1751 1864 1783 Strahoncm
1887 1752 1964 1794 (ll,
1988 1764 2019 1795 p.
2031 1751 2102 1783 508
2122 1749 2225 1794 sequ.)

1275 1817 1313 1848 de
1341 1829 1378 1847 ea
1407 1815 1572 1859 opinione,
1604 1827 1684 1858 quae
1711 1814 1864 1859 Caspium
1890 1826 1975 1846 mare
2002 1826 2073 1846 cum
2100 1819 2224 1858 septen-

1274 1877 1403 1910 trionali
1426 1876 1557 1908 Oceano
1579 1876 1758 1918 conjungit,
1787 1876 1862 1907 licet
1885 1875 2049 1907 Macrobio
2073 1880 2156 1907 teste
2173 1873 2226 1918 (ad

1277 1940 1434 1972 somnium
1459 1938 1546 1982 Scip.
1571 1939 1610 1978 2,
1642 1939 1685 1981 9)
1715 1943 1825 1969 essent
1854 1938 1949 1969 etiam
1976 1937 2137 1977 nonnulli,
2172 1935 2227 1979 qui

1276 2003 1306 2035 ei
1335 2003 1373 2033 de
1399 2000 1531 2032 Oceano
1561 2000 1739 2041 ingressum
1762 2004 1925 2041 negarent.

1353 2062 1548 2108 Britannia]
1588 2063 1679 2094 Ilaec
1712 2068 1744 2094 et
1774 2062 1940 2106 sequentia
1973 2060 2023 2092 vel
2049 2071 2088 2090 ex
2118 2058 2226 2090 Plinio

1277 2129 1330 2173 (4,
1365 2129 1426 2167 16,
1454 2127 1515 2170 50)
1548 2127 1596 2158 vel
1631 2125 1746 2158 Selino
1777 2125 1852 2169 (22)
1875 2126 2004 2162 hausta,
2038 2121 2228 2165 quibuscum

1278 2192 1387 2224 confer
1416 2189 1607 2233 Dionysium
1638 2189 1766 2233 (perieg.
1793 2188 1864 2218 565
1891 2185 1998 2230 sequ.)
2025 2191 2057 2217 et
2083 2185 2231 2218 'Paestum

1278 2253 1444 2299 (Agricola
1469 2251 1539 2294 10).

1353 2319 1387 2347 in
1402 2317 1513 2348 ultimo
1530 2311 1611 2358 ejus]
1629 2312 1768 2345 Codices
1781 2310 2054 2344 Reichcnauensis
2071 2316 2103 2342 et
2117 2310 2227 2343 Darni-

1280 2379 1442 2412 stattensis
1471 2380 1506 2410 in
1529 2378 1664 2416 vicinio,-
1690 2377 1780 2408 male.

1356 2438 1539 2484 orchades]
1567 2438 1699 2471 Solinus
1721 2443 1786 2470 tres
1809 2442 1931 2469 tantum
1954 2435 2121 2469 Orchades
2141 2435 2230 2480 ponit

1280 2509 1390 2537 contra
1423 2502 1562 2533 onmium
1600 2500 1790 2545 scriptorum
1831 2498 2039 2538 sententiam,
2074 2496 2128 2540 qui
2157 2496 2230 2529 licet

1281 2565 1363 2598 inter
1391 2577 1425 2598 se
1450 2564 1647 2609 discrepent,
1682 2561 1884 2595 consentiunt
1915 2566 2019 2592 tamen
2043 2559 2075 2590 in
2098 2569 2229 2590 numero
