2310 2860
719 159 918 201 Martiani
956 158 1154 214 Capellae
1193 158 1263 199 lib.
1290 158 1341 199 II.
1381 159 1535 211 §.164

2033 162 2121 204 219

159 267 412 322 Furinaquo
454 275 496 308 et
534 276 670 308 mater
707 267 874 319 Mania,
903 266 1298 322 Intemperiaequc,
1347 274 1387 306 et
1426 265 1493 306 alii
1534 266 1676 322 triptcs
1713 266 1915 309 divorum
1950 266 2117 322 degunt.

159 347 283 390 Circa
325 349 470 403 ipsum
520 363 623 390 vcro
676 358 813 390 terrae
866 349 1076 390 circulum
1128 351 1199 388 a'er
1244 360 1296 387 ex
1340 345 1480 387 calore
1529 361 1685 402 supero
1741 357 1868 404 atque
1910 347 2111 390 exhalata

157 456 265 501 ibique
287 469 305 489 a
322 458 457 490 Dacerio
479 457 628 489 laudatus
649 457 786 489 Plautus
813 457 910 501 (nod.
925 457 961 496 2,
985 457 1032 499 4).
1051 455 1114 488 Cui

157 518 238 551 adde
262 519 359 551 alium
384 520 493 552 Plauti
515 520 623 552 locum
642 520 756 564 (Poen.
773 521 811 560 5,
840 520 879 559 2,
911 518 1005 562 152),
1030 517 1112 550 Sue-

156 581 279 613 tonium
304 580 463 623 (August.
489 581 572 625 79),
609 581 835 625 Saxonemque
862 580 1113 613 Grammaticum

155 642 282 675 duobus
303 643 383 675 loeis
405 649 437 675 et
461 644 502 676 ad
520 655 592 675 eum
613 643 824 687 Stephanium
841 642 884 686 (p.
907 643 955 674 66
977 654 1008 673 n.
1031 641 1111 684 49),

156 705 300 749 inprimis
326 711 432 737 autem
455 704 597 737 Plinium
622 705 669 748 (2,
694 705 727 745 7,
753 705 786 737 5.
807 717 840 749 p.
860 704 931 747 72),
952 715 1048 747 quem
1071 703 1111 735 ad

155 769 286 800 verbum
313 768 483 812 exscripsit
515 767 681 800 Arnobius
711 767 748 812 (5
781 780 813 812 p.
841 766 926 810 108)
951 779 969 798 a
994 766 1109 799 Grotio

153 830 313 870 laudatus,
345 830 407 862 nisi
432 830 530 873 quod,
556 829 613 862 ubi
637 830 692 862 ille
708 831 774 861 atri
799 830 913 862 colotis
935 829 1034 870 dixit,
1058 829 1110 862 bic

153 895 279 942 aquilos
309 894 483 925 substituit.

227 957 320 988 Fara
345 954 555 1002 Furinuque]
587 954 726 987 Furinae
756 956 837 987 festa
860 955 1041 996 Furinalia,
1075 961 1109 987 ut

152 1018 196 1050 ait
215 1018 321 1050 Varro
342 1024 374 1049 et
397 1018 532 1048 Festus:
558 1017 708 1048 sacerdos
734 1017 904 1048 Furinalis.
931 1018 1020 1048 Deae
1043 1029 1108 1048 mc·

152 1081 244 1113 minit
262 1081 387 1114 Cicero.
413 1082 479 1112 Pro
499 1081 531 1112 F
531 1093 590 1112 ura
607 1092 682 1112 vero
700 1081 805 1111 Furia
821 1080 992 1122 legendum
1012 1086 1108 1124 puto,

151 1142 250 1175 utitur
271 1154 403 1174 numero
422 1142 574 1184 singulari
601 1154 696 1186 saepe
719 1142 855 1174 Tullius.
871 1142 976 1174 Gnor.
990 1160 1037 1166 -—-
1056 1142 1108 1173 De

148 1207 222 1240 11100
240 1208 378 1240 Furinae
405 1209 488 1239 conf.
508 1207 700 1240 Ciceronem
724 1207 777 1251 (dc
805 1207 846 1241 N.
876 1208 917 1239 1).
935 1208 969 1240 3.
1000 1207 1060 1251 18)
1076 1212 1108 1239 ct

149 1270 319 1303 Aurelium
337 1271 503 1303 Victorem
530 1271 583 1315 (de
612 1271 688 1303 viris
711 1271 826 1302 illustr.
851 1271 922 1314 65).
949 1271 1108 1303 Farinam

150 1345 280 1378 quoque
315 1333 432 1365 dictam
463 1346 534 1365 esse
564 1335 632 1366 vult
670 1335 807 1366 Ursinus
834 1335 895 1377 (ap.
925 1335 1040 1367 Creuz.
1067 1336 1107 1366 ad

149 1396 254 1430 Cicer.
274 1397 296 1429 l.
318 1396 371 1440 l.);
397 1403 503 1429 tamen
530 1397 641 1428 dubito
668 1409 745 1429 num
768 1398 831 1429 11110
853 1398 987 1429 reseram
1010 1398 1103 1430 Fori-

147 1471 264 1491 narum
281 1459 422 1491 Genium
444 1459 477 1490 in
498 1458 604 1502 lapide
623 1458 687 1502 (ap.
706 1458 836 1491 Gruter.
859 1459 894 1491 9.
915 1458 960 1501 5).
984 1459 1105 1490 Furin-

147 1535 254 1570 naque
271 1535 342 1554 cum
367 1522 493 1564 gemino
514 1522 545 1553 N
571 1522 722 1553 exhibent
742 1522 870 1554 codices
886 1522 1103 1558 Britannicus.

146 1584 437 1625 Cantabrigicnsis,
468 1582 686 1621 Basilecnsis,
713 1587 745 1613 et
764 1583 1051 1614 Reiebcnauensis.

217 1644 345 1690 Mania]
374 1646 478 1678 Varro
506 1650 538 1675 et
560 1643 743 1676 Macrobius
772 1644 922 1675 »Larium
944 1649 1095 1675 matrem«

146 1709 276 1751 volunt,
315 1709 370 1741 alii
402 1709 546 1740 navian1.‹=
599 1708 738 1740 Constat
770 1713 856 1740 certe
887 1708 1024 1752 aliquam
1061 1720 1102 1740 ex

144 1773 249 1805 furiali
272 1785 388 1815 genere
408 1772 500 1805 deam
520 1773 630 1803 fuisse.
653 1772 764 1804 Gloss.
786 1772 922 1814 »Mania,
944 1771 1095 1815 μανία..

145 1836 254 1869 Gloss.
281 1837 412 1868 Isidori:
441 1836 678 1867 »Formidinum
705 1835 888 1876 imagines.=‹
921 1835 1026 1868 Gnor.
1051 1855 1099 1861 —-

145 1900 263 1932 Verbis
293 1900 377 1931 baud
410 1899 515 1930 dubiis
540 1898 723 1930 Macrobius
752 1898 928 1942 (Saturnal.
952 1899 984 1938 1,
1006 1897 1042 1941 7)
1069 1904 1101 1930 et

144 1963 248 1996 Varro
266 1963 316 2007 (L.
339 1963 377 1994 L.
401 1964 436 2002 8,
462 1961 520 2005 11)
545 1961 775 2005 Arnobiusque
792 1962 838 2005 (5.
867 1975 896 2005 p.
919 1961 1004 2004 124)
1031 1961 1099 1994 Ma-

145 2025 229 2057 niam
259 2037 331 2056 csse
367 2029 520 2055 ”matrem
554 2023 702 2055 Larium«
735 2023 906 2062 affirmant,
947 2023 1031 2054 unde
1068 2028 1100 2054 et

143 2095 254 2121 noster
278 2101 348 2120 eam
372 2093 507 2119 matrem
531 2087 680 2130 appellat.
706 2085 757 2118 Ae
779 2087 806 2117 si
829 2087 946 2118 Festus
971 2086 1012 2130 (v.
1030 2086 1099 2118 Ma-

144 2151 214 2182 niae
245 2164 277 2194 p.
299 2150 371 2182 225
393 2148 488 2193 Dae.)
517 2149 651 2180 eandem
679 2148 875 2180 »Maniarum
904 2150 1010 2179 auiam
1032 2159 1098 2179 nta-

146 2221 281 2246 nemve«
310 2225 381 2245 esse
407 2213 518 2254 tradit,
550 2213 583 2244 id
608 2218 731 2244 tantum
753 2211 828 2243 inde
854 2212 989 2254 colligo,
1019 2223 1097 2255 quo-

145 2277 277 2310 rundam
303 2290 321 2309 e
345 2277 503 2309 sententia
525 2289 542 2308 a
564 2276 672 2309 Mania
694 2275 793 2307 fuisse
821 2276 939 2316 Lares,
967 2287 985 2307 a
1007 2274 1097 2306 Lari-

143 2339 204 2371 bus
230 2340 370 2380 Manias,
402 2340 488 2372 illius
518 2340 645 2372 Maniae
671 2345 794 2384 neptes.
833 2340 945 2383 Atque
965 2339 1098 2371 Larium

146 2403 222 2432 baec
244 2407 344 2432 mater
366 2401 487 2433 Sabina
509 2414 587 2433 voce
608 2402 725 2445 (Varro
743 2402 781 2433 L.
799 2401 837 2432 L.
853 2402 889 2441 4,
915 2401 964 2433 47
986 2405 1019 2432 et
1035 2400 1098 2443 48)

145 2466 229 2495 Lara
255 2463 321 2495 sive
345 2464 512 2503 Larunda,
541 2464 656 2496 Latina
683 2465 777 2496 etiam
802 2465 893 2496 Muta
918 2469 967 2495 est
989 2463 1098 2508 appel-

145 2530 209 2560 lata
234 2527 350 2571 (ovid.
370 2527 444 2561 fast.
470 2527 513 2566 2,
539 2528 623 2560 599.
660 2529 805 2560 Lactant.
829 2530 866 2569 1,
893 2528 951 2560 20.
971 2527 1096 2559 Α115011.

146 2592 232 2635 idyll.
260 2591 428 2634 monosyll.
451 2591 491 2622 de
514 2590 574 2622 diis
599 2591 645 2634 9).
676 2592 803 2624 Maniae
827 2592 937 2625 sacelli
955 2591 1099 2624 meminit

1163 454 1205 489 P.
1230 453 1346 487 Victor
1370 453 1403 485 in
1431 460 1543 498 quarta
1570 455 1690 487 decima
1717 457 1848 499 regione
1872 456 1959 489 urbis
1983 457 2116 489 Romae.

1162 518 1213 549 De
1238 518 1354 550 Maniis
1372 518 1444 549 vide
1468 530 1563 562 supra
1587 519 1629 564 (ξ.
1651 522 1720 552 162
1745 521 1794 564 s.):
1811 521 1850 552 de
1874 521 1982 554 Mania
2010 526 2115 552 autem

1163 580 1273 612 confer
1292 578 1465 612 Miillerum
1490 580 1629 623 (ΕΠ-1150.
1648 582 1691 616 11.
1715 595 1746 625 p.
1772 582 1864 626 101).

1235 640 1534 689 Intemperiaeque]
1570 642 1661 674 Duae
1689 648 1763 674 sunt
1790 644 1853 675 11111
1881 643 2036 674 babentes
2058 653 2116 687 per

1160 703 1437 749 intemperantiam
1467 705 1619 746 nocendi,
1656 719 1736 750 quas
1764 706 1846 738 Cato
1873 706 1968 748 jubet
1998 704 2114 737 sacrifi-

1160 767 1209 800 cio
1229 768 1377 813 propelli.
1404 768 1490 801 llinc
1507 769 1632 813 phrasis
1655 769 1867 814 »intcmperiis
1887 769 1973 811 agi«,
1998 770 2113 801 usitata

1159 831 1277 863 Plauto
1303 837 1335 864 ct
1365 832 1443 864 aliis.
1469 832 1573 865 Guor.
1593 852 1641 858 —
1668 833 1769 865 Vocis
1792 835 1997 876 intemperiae
2016 844 2114 876 quum

1157 895 1253 927 latior
1277 900 1309 927 et
1337 896 1503 937 angustior
1526 896 1614 928 notio
1639 896 1697 938 sit,
1726 902 1761 928 ut
1785 903 1932 928 nostrum
1957 896 2112 937 intelliga-

1158 970 1246 999 111115,
1275 959 1403 991 omnino
1431 960 1540 991 Plauti
1563 960 1654 992 locus
1677 959 1768 1003 (Aul.
1794 961 1828 1002 4,
1851 961 1887 1000 4,
1917 959 1975 1003 13)
1997 959 2112 991 adscri-

1157 1020 1281 1052 bendus
1306 1032 1377 1052 esse
1398 1021 1538 1053 videtur:
1566 1022 1706 1054 »Larvae
1733 1023 1818 1054 bunc
1843 1028 1938 1065 atquc
1960 1021 2112 1065 intempe-

1157 1085 1222 1115 riae
1246 1084 1453 1128 insaniaeque
1478 1086 1597 1127 agitant
1626 1098 1765 1119 scnem.«
1806 1085 1918 1117 Larvis
1940 1085 2035 1126 igitur
2059 1084 2112 1115 ad-

1157 1153 1304 1180 numerat
1328 1148 1550 1192 intemperias,
1586 1155 1618 1181 ct
1644 1150 1787 1194 quamvis
1812 1148 1993 1192 specialiori
2018 1147 2112 1178 etiam

1158 1221 1256 1241 sensu
1282 1221 1346 1241 vox
1376 1210 1477 1254 accipi
1499 1210 1618 1254 possit,
1647 1212 1707 1243 1100
1740 1217 1847 1242 tamen
1870 1210 1943 1241 loco
1966 1209 2112 1240 universe

1157 1272 1294 1316 positam
1313 1283 1430 1304 censeo
1450 1283 1509 1316 pro
1527 1272 1578 1312 iis,
1601 1284 1683 1316 quos
1703 1272 1869 1304 Hesiodus
1889 1273 2008 1315 (theog.
2025 1270 2112 1311 217)

1156 1332 1445 1379 νηλεοποίνους
1468 1333 1618 1377 appellat.

1234 1395 1358 1440 triptes]
1384 1397 1473 1437 Lege
1497 1398 1625 1439 {Iit-spes.
1655 1394 1760 1443 Θρὶ.ψ
1784 1401 1833 1428 est
1856 1396 1888 1426 id
1912 1395 1998 1439 quod
2023 1395 2111 1426 mini-

1154 1470 1241 1490 mum
1266 1464 1315 1490 est
1336 1459 1368 1489 in
1398 1471 1524 1502 quaque
1547 1471 1600 1498 rc,
1631 1459 1716 1490 unde
1746 1465 1778 1490 et
1803 1459 1834 1490 in
1859 1459 1964 1490 avium
1995 1470 2111 1499 gcncrc

1155 1517 1261 1565 θρὶψ
1288 1519 1417 1550 minima
1449 1526 1514 1559 cst,
1546 1526 1578 1551 et
1608 1519 1641 1551 iu
1666 1519 1819 1550 vermium
1844 1519 1966 1563 specie:
1990 1519 2048 1550 scd
2079 1524 2111 1550 et

1154 1582 1299 1613 homines
1333 1582 1478 1614 vilissimi
1510 1584 1571 1615 boe
1601 1582 1730 1614 nomine
1771 1583 1981 1626 appellantur.
2024 1581 2111 1614 Vide

1151 1644 1363 1688 Hesychium.
1386 1641 1536 1684 Ἀετούς
1550 1642 1746 1692 θριπτοὺς
1764 1643 1878 1691 ὁρῶν,
1908 1645 2111 1689 proverbium

1151 1714 1211 1747 est,
1239 1720 1303 1753 quo
1320 1708 1439 1740 utimur
1455 1720 1554 1752 quum
1576 1709 1795 1740 demonstrare
1813 1709 1961 1740 volumus
1983 1709 2015 1739 in
2040 1708 2110 1749 ejus

1151 1778 1343 1816 potestatem
1378 1773 1516 1817 aliquem
1550 1772 1695 1813 venisse,
1738 1772 1793 1815 qui
1820 1772 1849 1804 01
1877 1773 2000 1805 occinat
2030 1771 2110 1803 illud

1150 1833 1363 1866 Hcsiodicum
1372 1848 1380 1864 2

1196 1892 1304 1940 Ἔχει
1326 1891 1375 1929 νύ
1405 1897 1446 1930 σε
1475 1892 1626 1929 πολλὸν
1651 1891 1803 1941 ἀρείων.

1149 1959 1250 1990 Pater
1265 1964 1370 1990 tamen
1389 1965 1515 2002 cryptas
1535 1959 1687 1998 malebat,
1712 1955 1791 1994 ἀπὸ
1817 1958 1887 1993 τοῦ
1911 1954 2104 2005 κρύπτειν,

1149 2032 1207 2064 pro
1232 2020 1291 2062 iis,
1325 2032 1407 2064 quos
1432 2032 1529 2065 supra
1552 2026 1739 2064 opertaneos
1762 2020 1852 2054 dixit.
1871 2020 1976 2053 Gnor.
1990 2039 2038 2046 -—
2069 2020 2107 2052 ln

1149 2082 1260 2115 codice
1282 2082 1445 2115 Vossiano
1479 2082 1606 2124 glossae
1637 2087 1803 2126 exponunt
1829 2094 1888 2126 per
1913 2083 2058 2114 illusores
2089 2094 2106 2111 a

1148 2146 1246 2178 verbo
1269 2144 1438 2192 τρὶπτω,
1476 2146 1587 2178 11111110.
1611 2144 1736 2178 Amsrz.
1759 2145 1862 2190 (111150.
1885 2158 1915 2190 p.
1938 2145 2035 2188 212).
2057 2164 2102 2169 ——

1147 2207 1308 2252 Equidem
1332 2209 1415 2240 hanc
1440 2208 1586 2252 praefero
1613 2208 1876 2251 explicationem:
1902 2207 2025 2238 dixerat
2046 2216 2101 2236 no-

1148 2277 1215 2303 ster
1247 2270 1477 2315 »Intemperiae
1502 2272 1621 2319 aliique
1656 2271 1769 2315 triptcs
1803 2271 1983 2310 divorum«,
2017 2268 2101 2299 unde

1147 2334 1309 2376 colligitur
1327 2334 1440 2378 triptes
1467 2347 1569 2377 genus
1593 2347 1665 2366 esse
1687 2334 1964 2378 Intempcriarum,
1989 2331 2100 2375 quales

1149 2397 1223 2428 illae
1255 2402 1347 2436 sunt,
1381 2396 1497 2440 quibus
1534 2396 1637 2428 omnis
1667 2396 1874 2438 agricolarum
1900 2403 1973 2436 spes
2000 2389 2098 2422 eludi-

1149 2466 1215 2500 tur,
1243 2459 1328 2491 unde
1349 2460 1509 2492 solemnes
1530 2461 1645 2491 borum
1668 2460 1706 2491 dc
1727 2456 1906 2490 avertendis
1926 2454 1977 2486 vel
1993 2453 2099 2497 probi-

1147 2523 1260 2556 bendis
1277 2523 1478 2567 Intemperiis
1494 2534 1607 2568 preces
1627 2522 1690 2566 (ap.
1710 2521 1825 2553 Caton.
1842 2518 1880 2549 de
1901 2517 1944 2550 R.
1960 2515 2003 2550 R.
2017 2517 2099 2551 Mi.

1147 2599 1177 2632 p.
1198 2588 1269 2621 105
1294 2587 1413 2633 Gesn.)
1431 2587 1584 2630 legimus,
1610 2584 1698 2617 verbi
1724 2594 1819 2615 eausa
1843 2580 1991 2622 Robigo,
2018 2591 2098 2625 quac

1611 2648 1659 2679 28
1682 2644 1705 2669 *

2154 349 2236 391 165
