2310 2860
135 1048 222 1089 955

238 133 329 176 744

784 126 981 168 Martiani
1023 124 1224 180 Capellae
1262 123 1334 164 lib.
1362 123 1443 164 IX.
1484 124 1643 175 §.954

244 256 377 296 quam
419 252 564 280 mesen
609 234 815 283 diximus,
860 246 987 273 omne
1027 228 1272 281 conficitur;
1315 227 1576 280 secundum,
1620 228 1738 284 quod
1769 244 1794 271 a
1822 231 2044 287 principali
2072 230 2190 286 prin-

242 319 445 375 cipalium
475 316 518 356 in
547 328 801 369 parameson
838 326 978 367 usque
1014 309 1285 363 distenditur3
1329 309 1501 350 tertium
1534 308 1652 364 quod
1686 324 1710 350 a
1739 309 2042 366 subprincipali
2074 312 2194 368 prin-

248 398 446 453 cipalium
486 396 529 436 in
569 394 804 435 divisarum
845 393 1017 434 tertium
1055 391 1268 447 jungitur-3
1318 399 1545 446 quartum,
1589 390 1707 445 quod
1745 390 1797 432 ab
1837 399 2003 432 extenta
2038 392 2196 447 princi-

246 477 411 533 palium
447 490 585 531 usque
615 477 659 517 in
697 474 932 516 divisarum
963 473 1185 515 diatonum
1217 470 1454 526 profertur3
1507 469 1726 524 quintum,
1774 470 1892 525 quod
1923 486 1946 513 a
1975 472 2198 528 principali

243 555 488 597 mediarum
525 556 568 596 in
604 564 727 596 neten
770 554 1007 595 divisarum
1047 565 1187 606 usque
1227 549 1519 605 progreditur3
1562 560 1753 603 sextum,
1792 550 1909 607 quod
1944 566 1967 593 a
1997 551 2197 607 subprin-

247 637 370 692 cipali
395 635 636 677 mediarum
666 636 708 675 in
737 635 901 676 tertiam
928 632 1229 674 excellentium
1251 631 1455 685 trahitur3
1485 633 1737 688 septimum,
1769 632 1886 689 quod
1909 648 1932 674 a
1956 633 2200 675 mediarum

249 727 415 759 extenta
444 718 488 758 in
519 716 815 758 excellentium
844 716 1042 758 diatonon
1068 713 1275 770 exsurgit5
1319 722 1519 756 octavum
1551 712 1669 769 quod
1692 726 1716 755 a
1739 713 1880 756 media
1903 713 2201 756 excellentium

251 799 294 840 in
325 799 521 840 ultimam
553 797 734 839 ducitur.

692 942 771 983 DE
807 941 1136 984 GENERIBUS
1169 938 1765 982 TETRACHORDORUM.

419 1047 588 1098 Quibus
613 1049 799 1089 excursis
826 1062 980 1104 genera
1002 1046 1375 1090 tetrachordorum
1398 1045 1735 1101 modulandique
1758 1044 2010 1087 discurram.
2055 1044 2208 1086 Tetra-

254 1128 434 1171 chordos
454 1139 513 1170 est
536 1129 797 1171 chordarum
813 1144 914 1171 cum
940 1139 1053 1172 certa
1074 1129 1275 1186 qualitate
1297 1127 1459 1169 divisio.
1490 1128 1660 1169 Genera
1680 1136 1822 1168 autem
1845 1126 2095 1168 modulandi
2112 1136 2209 1167 sunt

332 1250 423 1270 omne
447 1236 629 1282 conficitur]
656 1237 706 1269 Ita
734 1249 844 1269 omnes
866 1237 984 1281 inepte.
1020 1237 1125 1278 Lego:
1151 1247 1210 1267 nex

259 1299 405 1330 omnibus
431 1296 514 1342 (διὰ
533 1298 689 1341 πασῶν)
708 1298 901 1331 conticitum«
924 1299 1066 1330 Mamou.
1085 1315 1133 1319 -—
1155 1294 1212 1327 Ad

259 1372 388 1392 sensum
418 1365 521 1399 recte,
558 1360 614 1391 sed
653 1360 814 1402 quaeritur
847 1370 953 1389 annon
976 1357 1061 1388 idem
1084 1355 1213 1397 vulgata

260 1423 423 1456 continere
447 1422 557 1465 possit.
586 1422 724 1453 Codices
743 1428 826 1453 certe
845 1421 924 1452 nihil
946 1419 1079 1452 variant.

334 1482 478 1528 tertimn]
507 1484 596 1524 Lego
615 1495 686 1515 cum
701 1488 789 1526 patre
809 1482 858 1514 »in
874 1482 1044 1513 divisarum
1061 1478 1212 1512 tertiam.«

262 1546 423 1579 Gnor.—
449 1544 572 1576 Omnes
595 1555 761 1588 perperam
789 1546 927 1576 tertium.
951 1543 1069 1575 Mirum
1087 1542 1120 1574 in
1138 1541 1214 1574 scri-

260 1615 355 1654 ptura
390 1609 469 1640 adeo
500 1608 666 1640 manifesta
699 1608 797 1639 errari
828 1607 981 1651 potuisse.
998 1607 1144 1639 Memmi.
1167 1623 1214 1629 —

262 1673 337 1705 Non
361 1672 527 1712 chordam,
553 1672 609 1703 sed
630 1673 766 1703 sortasse
789 1682 902 1702 sonum
925 1670 958 1701 in
974 1675 1079 1701 mente
1096 1668 1216 1708 habuit,

262 1743 300 1768 ut
329 1748 423 1780 supra
453 1736 510 1767 »ab
531 1735 703 1779 acquisito,
734 1746 844 1781 quem«
866 1738 926 1766 cet.

340 1801 376 1830 in
402 1796 520 1842 neten]
547 1797 604 1830 Sic
636 1803 721 1829 recte
759 1796 861 1829 codex
891 1797 939 1837 A,
972 1796 1052 1827 alter
1079 1794 1160 1826 male
1183 1795 1219 1825 in

267 1861 404 1892 tertiam.
430 1859 546 1890 Editus
563 1860 598 1890 in
611 1865 692 1890 nete.
699 1858 840 1890 anont.
851 1876 898 1882 —
912 1857 946 1890 Α
961 1857 1076 1890 Grotio
1089 1856 1219 1889 scilicet.

269 1923 457 1957 Anteriores
483 1928 568 1954 recte
596 1924 630 1954 in
656 1929 759 1954 netem
779 1921 947 1954 habebant.

345 1998 365 2016 a
389 1986 493 2016 media
524 1985 746 2016 excellentium
782 1985 816 2014 in
844 1980 1006 2028 ultimam]
1034 1981 1221 2023 Distinguo:

278 2048 384 2091 »quod
402 2059 419 2078 a
433 2046 546 2086 media,
568 2045 787 2078 excellentiam
804 2044 835 2076 in
850 2045 992 2076 ultimam
1010 2043 1152 2076 ducitur«
1171 2042 1224 2074 vel

274 2109 384 2141 ordine
406 2107 527 2149 vulgari
557 2107 660 2150 »quod
686 2119 702 2137 a
723 2106 826 2137 media
848 2106 881 2137 in
905 2105 1128 2138 excellentium
1152 2104 1223 2135 ulti-

273 2182 374 2201 mam«
400 2168 592 2212 transposita
610 2167 732 2199 vocula.
744 2167 904 2200 Gnor.—
926 2167 982 2199 Sic
997 2178 1125 2210 quoque
1139 2170 1224 2198 recte

275 2233 442 2265 distinctus
470 2237 537 2263 erat
558 2231 659 2263 codex
679 2231 726 2270 Β,
754 2236 785 2261 at
808 2231 888 2262 male
913 2230 1177 2262 editusdtlnmon.

351 2291 580 2337 tetrachordos]
594 2292 716 2324 Omnes
730 2303 893 2335 perperam
907 2291 1134 2324 tetrachordos.
1143 2290 1226 2323 Gro-

276 2355 340 2387 tius
369 2354 464 2396 legit:
491 2353 728 2385 »tetrachordos
761 2357 809 2384 cst
838 2358 974 2397 quatuor
1005 2352 1221 2385 chordarum.«

277 2418 352 2451 Non
379 2417 458 2449 vidit
488 2417 630 2461 ineptum
656 2427 726 2448 esse
749 2415 876 2447 illorum
899 2416 1068 2448 verborum
1094 2426 1231 2447 sensum.

279 2481 420 2513 Memmi.
436 2479 477 2522 (p.
495 2480 566 2511 555
594 2490 625 2512 v.
640 2478 743 2519 2).-
768 2476 864 2510 Certe
885 2477 936 2508 hic
961 2477 1067 2516 locus,
1096 2476 1123 2508 si
1148 2475 1232 2520 quis-

283 2554 377 2586 quam
401 2541 498 2583 alius,
528 2546 577 2574 cst
594 2540 737 2575 vitiosus.
763 2540 935 2574 Rostrum:
953 2555 964 2569 ι»
973 2551 1072 2582 genus
1089 2545 1137 2572 cst
1157 2550 1232 2584 qua-

1260 1241 1334 1267 tuor
1352 1235 1541 1268 chordarum
1557 1235 1622 1278 (vel
1644 1234 1671 1266 si
1693 1234 1792 1266 mavis
1808 1234 2014 1277 tetrachordi)
2033 1246 2105 1267 cum
2125 1240 2211 1267 certa

1262 1296 1413 1339 qualitate
1447 1296 1591 1327 divisim«
1647 1295 1776 1337 Quippe
1816 1294 1939 1325 nullum
1970 1295 2101 1326 dubium
2136 1295 2213 1339 quin

1261 1355 1414 1387 Aristidis
1433 1356 1539 1386 locum
1557 1355 1687 1386 verterit
1700 1355 1886 1387 Martianus.
1913 1356 2122 1388 Tetrachordi
2139 1357 2213 1389 defl-

1263 1418 1416 1450 nitionem
1435 1419 1512 1450 satis
1528 1424 1706 1450 accuratam
1720 1418 1788 1461 jam
1806 1425 1878 1450 ante
1892 1419 2065 1451 tradiderat
2075 1418 2116 1465 (ἓ.
2128 1419 2216 1465 955)

1264 1488 1296 1514 et
1321 1482 1434 1514 deinde
1458 1481 1501 1526 (§.
1518 1482 1615 1525 960).
1649 1482 1741 1514 Bene
1759 1494 1870 1515 vocem
1892 1479 2006 1522 ποιὸς
2030 1495 2088 1515 seu
2111 1480 2216 1518 ποιό-

1264 1555 1336 1590 της
1353 1544 1577 1587 interpretatus
1594 1548 1643 1575 est
1663 1549 1751 1576 certa
1769 1545 1916 1592 qualitas.
1929 1545 2011 1576 Imm
2023 1545 2068 1589 (in
2083 1544 2218 1578 Aristid.

1266 1620 1297 1650 p.
1312 1607 1401 1645 250,
1426 1618 1456 1637 v.
1475 1605 1543 1648 15).
1554 1623 1602 1629 ——
1620 1604 1772 1637 Aristidis
1787 1606 1882 1637 verba
1908 1604 1950 1651 (p.
1962 1606 2020 1649 18)
2036 1607 2114 1638 haec
2129 1611 2217 1638 sunt:

1266 1666 1383 1713 γένος
1414 1665 1456 1702 δέ
1492 1667 1571 1701 ἐστι
1603 1663 1699 1701 ποιὰ
1730 1663 1996 1713 τετραχόρδου
2025 1666 2217 1713 διαίρεσις,

1267 1729 1449 1773 pariterque
1480 1727 1681 1760 Gaudentius
1713 1728 1761 1771 (p.
1776 1728 1835 1770 5),-
1870 1728 1926 1759 sed
1954 1740 2020 1760 non
2041 1728 2135 1760 video
2163 1741 2220 1761 cur

1269 1804 1334 1824 non
1360 1797 1391 1823 et
1416 1792 1690 1823 tetrachordorum
1715 1802 1832 1833 genera
1856 1790 1926 1836 ipsa
1950 1792 2142 1825 tetrachordi
2164 1803 2219 1824 no-

1270 1854 1353 1886 mine
1375 1853 1535 1898 appellare
1557 1853 1694 1886 licuerit.

1344 1927 1462 1959 ymera
1483 1913 1602 1959 autem]
1629 1913 1824 1947 Particulam
1838 1919 1946 1947 autem
1963 1913 2059 1957 vulgo
2073 1914 2222 1946 omissam

1272 1990 1290 2010 e
1313 1977 1422 2009 codice
1445 1975 1634 2009 monacensi
1652 1976 1707 2020 (C)
1726 1975 1881 2020 supplevi.

1344 2046 1421 2072 sunt
1444 2038 1526 2084 tria]
1554 2039 1703 2083 Inprimis
1735 2038 1786 2071 hic
1818 2038 2047 2083 comparandus
2075 2043 2125 2070 est
2149 2036 2222 2070 Ari-

1274 2101 1372 2133 stides
1399 2100 1636 2143 Quinctilianus
1661 2100 1704 2144 (p.
1726 2101 1770 2132 18
1790 2100 1970 2142 Meibom.),
2001 2111 2095 2143 quem
2120 2099 2224 2143 ipsum

1276 2170 1348 2196 ante
1385 2164 1495 2195 oeulos
1523 2163 1672 2195 habuisse
1706 2163 1883 2195 Martianus
1910 2161 2049 2202 w‘detur3
2087 2168 2226 2194 ceterum

1276 2227 1309 2258 in
1333 2226 1447 2268 vulgus
1464 2232 1540 2258 nota
1563 2232 1613 2257 cst
1631 2227 1708 2257 haec
1731 2224 1909 2263 distinctio,
1935 2235 2039 2267 neque
2061 2236 2079 2255 a
2096 2224 2227 2257 musicis

1277 2292 1400 2319 tantum
1422 2294 1456 2318 ut
1479 2287 1615 2319 Euclide
1638 2286 1687 2330 (p.
1702 2285 1759 2328 5),
1786 2284 1968 2317 Gaudentio
1996 2285 2040 2328 (p.
2055 2285 2107 2328 5),
2133 2285 2227 2318 Nico·

1279 2352 1390 2382 macho
1415 2350 1460 2393 (p.
1479 2349 1558 2392 24),
1591 2349 1646 2379 sed
1671 2348 1710 2378 ab
1736 2347 1806 2378 aliis
1828 2358 1956 2391 quoque
1981 2358 2076 2391 saepe
2095 2359 2228 2380 comme·

1281 2418 1431 2446 moratur.
1467 2412 1588 2444 Confer
1614 2411 1709 2442 modo
1726 2411 1908 2442 Yitruvium
1928 2411 1985 2452 (5,
2010 2410 2050 2450 43
2076 2423 2107 2454 p.
2124 2411 2229 2455 156),

1281 2475 1490 2508 Plutarchum
1507 2475 1640 2518 (quaest.
1656 2485 1796 2517 sympOS.
1814 2474 1853 2513 9,
1874 2473 1936 2512 143
1963 2485 1996 2515 p.
2016 2473 2117 2515 744),
2141 2473 2229 2505 Jam-

1284 2539 1423 2571 blichum
1447 2537 1499 2581 (de
1519 2537 1582 2569 vita
1603 2537 1697 2580 Pyih.
1717 2537 1778 2576 15,
1797 2537 1862 2576 (345
1889 2536 1982 2580 p.,50
1998 2535 2120 2579 Rust.)‚
2142 2534 2229 2570 Alei-
