2310 2860
242 114 334 159 560

245 237 294 263 ea
324 236 389 271 re,
431 220 498 261 cui
530 219 702 260 evenire
735 226 930 272 possunt,
982 216 1162 257 alterum
1196 231 1347 258 eorum
1379 218 1614 258 necessario
1644 217 1759 270 insit3
1805 233 1857 259 ex
1887 219 1958 260 illo
1988 218 2196 259 duntaxat

814 112 1012 154 Martiani
1051 112 1250 166 Capellae
1285 112 1356 151 lib.
1385 113 1462 152 IV.
1501 114 1532 162 §.
1558 111 1665 154 58ss.

243 309 456 353 tempore,
505 311 592 352 quo
633 312 680 339 ea
717 307 870 339 natura
915 311 1003 338 esse
1053 296 1267 352 permittit.
1348 297 1408 338 Ut
1452 297 1673 339 dentatum
1717 313 1819 340 eum
1858 299 2063 351 dicimus,
2119 300 2197 354 qui

242 380 384 421 dentes
418 377 566 430 habet,
614 378 862 420 edentulum
894 394 996 420 vero
1026 393 1111 419 non
1141 377 1264 417 illum
1299 375 1502 430 dicimus,
1535 378 1610 433 qui
1640 378 1783 419 dentes
1817 393 1902 419 non
1933 379 2082 431 habet,
2122 378 2199 420 sed

242 461 311 501 cui
343 469 496 501 natura
526 461 650 512 inest,
683 471 732 502 ut
761 461 927 513 habeat,
959 476 1011 502 ex
1041 460 1113 500 illo
1144 469 1360 514 tempore,
1394 473 1481 513 quo
1514 467 1668 499 natura
1704 458 1920 513 permittit,
1951 468 1999 498 ut
2031 458 2197 500 habeat.

239 541 355 584 Nam
382 556 524 596 neque
564 541 749 597 lapidem
782 551 892 582 recte
924 541 1105 582 dicimus
1148 538 1420 589 edentulum,
1467 539 1541 593 qui
1585 553 1812 595 nunquam
1857 538 2001 579 dentes
2046 537 2196 591 habet;

239 638 382 678 neque
420 622 647 674 infantem,
700 624 774 678 qui
810 623 1010 678 quamvis
1054 620 1284 676 aliquando
1323 619 1484 660 habere
1523 620 1670 676 possit,
1715 619 1909 660 nondum
1948 629 2092 660 tamen
2127 619 2199 660 illo

239 713 454 759 tempore,
484 714 532 744 ut
559 704 733 755 habeat,
763 713 915 745 natura
949 703 1163 759 permittit.
1202 703 1294 743 Hoc
1318 716 1416 757 ergo
1442 701 1614 742 tertium
1641 715 1773 755 genus
1798 701 2091 757 oppositorum
2118 700 2200 742 dif-

236 782 320 824 fert
343 798 366 824 a
393 783 531 838 primo
563 784 840 825 relativorum
874 799 944 835 eo,
977 784 1094 839 quod
1120 784 1331 825 cernentia
1361 784 1417 824 ita
1449 783 1678 838 opponitur
1702 783 1902 835 caecitati,
1936 793 1985 824 ut
2008 783 2201 838 ejusdem

240 865 444 906 caecitatis
475 881 559 906 non
589 866 657 917 sit,
691 875 761 906 aut
796 865 848 906 ad
879 880 974 906 cam
1006 864 1331 920 quodaminodo
1363 863 1587 908 referatur.
1645 864 1683 904 A
1713 864 1900 905 secundo
1931 880 2106 920 genere,
2155 863 2198 905 id

239 954 300 985 est
323 946 656 997 contrariorum,
686 946 792 987 illud
816 946 955 988 differt
984 948 1036 988 ab
1062 947 1126 988 his
1151 947 1358 987 duntaxat
1389 945 1630 996 contrariis,
1663 959 1775 1000 quae
1806 945 1966 986 habent
1989 945 2198 996 medium,

239 1025 357 1080 quod
388 1027 600 1067 cernentia
631 1037 670 1067 et
704 1028 877 1068 caecitas
907 1028 1198 1083 intelliguntur
1230 1040 1329 1080 erga
1360 1026 1526 1076 oculos,
1569 1035 1616 1066 ut
1648 1026 1830 1066 alterum
1862 1041 2014 1067 eorum
2048 1041 2196 1068 neces-

238 1105 349 1145 sario
380 1106 486 1145 insit.
544 1109 656 1161 Ergo
696 1107 776 1147 hoc
810 1107 1013 1148 differunt
1051 1108 1104 1148 ab
1143 1107 1208 1147 his
1249 1106 1467 1146 contrariis
1503 1120 1616 1159 quae
1654 1105 1814 1146 hahent
1843 1106 2059 1157 medium,
2094 1106 2197 1162 quia

238 1185 412 1226 illorum
445 1186 628 1226 alterum
658 1202 743 1227 non
774 1189 1007 1228 necessario
1046 1188 1152 1228 inest
1181 1187 1460 1239 substantiae,
1500 1187 1660 1228 horum
1692 1197 1836 1228 autem
1868 1188 2091 1238 [medium]
2121 1204 2198 1229 ne—

238 1266 431 1306 cessario.
460 1266 528 1306 Ab
552 1266 615 1306 his
642 1282 743 1307 vero
769 1268 1002 1318 contrariis,
1027 1283 1139 1322 quae
1172 1269 1314 1309 medio
1337 1280 1493 1319 carent,
1525 1269 1631 1309 haec
1655 1270 1745 1324 ipsa
1769 1270 1960 1324 opposita
1983 1268 2200 1321 differunt,

240 1346 357 1401 quod
387 1346 456 1386 illa
484 1346 567 1395 rei,
599 1347 667 1386 cui
698 1357 850 1388 natura
880 1348 1043 1398 insunt,
1074 1347 1192 1387 omni
1222 1357 1416 1404 tempore
1451 1349 1653 1389 alterutra
1685 1349 1777 1389 vice
1809 1348 2000 1390 accidant
2031 1364 2200 1391 neccsse

237 1435 318 1476 est,
361 1435 407 1466 ut
437 1426 605 1481 corpori
637 1426 828 1467 animalis
872 1428 1023 1468 sanitas
1064 1437 1102 1468 et
1137 1428 1424 1482 imbecillitas3
1482 1443 1585 1470 nam
1628 1428 1812 1469 alterum
1845 1443 1998 1469 eorum
2028 1444 2198 1486 semper

237 1515 298 1546 cst
342 1507 383 1547 in
430 1522 607 1562 corpore
654 1508 866 1549 animalis:
905 1509 1012 1550 haec
1056 1519 1201 1550 autem
1241 1519 1416 1565 possunt
1461 1509 1605 1563 aliquo
1652 1518 1845 1563 tempore
1897 1512 1935 1550 ci
1989 1510 2071 1562 rei,
2129 1511 2199 1551 cui

235 1595 391 1628 natura
428 1590 561 1629 inesse
598 1600 793 1644 possunt,
846 1600 1031 1645 utraque
1073 1591 1217 1631 deesse
1265 1588 1518 1644 aliquando,
1562 1597 1608 1628 ut
1646 1587 1802 1638 infans,
1854 1587 1961 1628 dum
2000 1589 2193 1631 nondum

239 1676 406 1723 tenipus
433 1679 511 1721 est,
544 1684 630 1724 quo
661 1670 804 1711 dentes
830 1670 990 1712 habere
1021 1673 1172 1728 possit,
1202 1686 1344 1727 neque
1374 1670 1567 1710 dentatus
1592 1683 1734 1723 neque
1765 1667 1989 1710 edentulus
2019 1669 2198 1724 dicitur3

238 1782 326 1813 rinus
354 1783 397 1826 (p.
421 1785 490 1815 15ss
514 1784 611 1827 Pith.)
635 1791 743 1818 monet
767 1787 806 1818 ab
832 1786 1009 1819 Aristotele
1031 1788 1110 1820 duas
1134 1789 1193 1820 sub

241 1844 406 1886 disparato
430 1846 551 1888 species
571 1847 664 1889 poni,
689 1850 854 1890 privantia
871 1856 903 1880 et
922 1853 1084 1894 negantia,
1111 1862 1193 1895 quae

239 1913 348 1939 noster
371 1920 498 1952 quoque
525 1909 614 1940 illuni
640 1917 767 1942 secutus
797 1919 881 1944 recte
903 1914 1056 1945 distinxit.

314 1971 366 2000 cui
389 1970 574 2015 opponitur]
602 1972 693 2003 Hace
723 1973 819 2004 verba
843 1987 860 2005 a
886 1974 1001 2007 Grotio
1023 1987 1081 2019 per
1104 1975 1193 2006 incu-

239 2031 317 2062 riam
346 2032 462 2063 omissa
505 2046 544 2064 ex
575 2035 785 2066 anterioribus
814 2037 1005 2069 editionibus
1037 2039 1192 2083 supplevi.

238 2094 289 2126 De
316 2095 456 2126 relativis
479 2096 549 2127 vide
572 2109 667 2141 supra
692 2097 733 2141 (ξ.
750 2099 845 2142 574).

314 2163 349 2187 ut
375 2156 508 2201 habeat]
536 2158 622 2199 Lege
652 2172 723 2191 cuin
752 2160 839 2192 MS:
869 2168 922 2193 »ut
951 2162 1066 2193 habeat
1094 2169 1124 2194 et
1152 2175 1192 2194 cx

238 2219 322 2251 illon«
357 2220 480 2252 Confer
504 2233 574 2252 cuin
599 2222 651 2252 lib.
675 2224 1087 2264 categoriarmu.Gn0†.—
1114 2227 1191 2257 Par-

240 2282 354 2315 ticulae
387 2283 576 2315 inserendae
611 2297 736 2317 causam
765 2299 828 2319 non
859 2288 961 2319 video.
996 2288 1192 2321 Aristotcles

239 2344 424 2387 simpliciter
446 2345 498 2388 (8,
523 2345 575 2388 9)=
597 2347 826 2392 ἐστερῆσθαι
851 2348 890 2383 δὲ
916 2346 1003 2384 τότε
1029 2350 1192 2395 λέγομεν

239 2406 402 2440 ἕκαστον
431 2406 512 2440 τῶν
544 2406 616 2451 τῆς
645 2404 764 2448 ἕξεως
795 2410 996 2453 δεκτικῶν,
1025 2409 1120 2445 ὅταν
1150 2412 1192 2447 ἐν

240 2460 271 2514 ᾧ
299 2466 477 2513 πέφυκεν
502 2463 697 2513 ὑπάρχειν
727 2465 753 2514 ἢ
779 2465 842 2504 ὅτε
867 2470 1046 2518 πέφυκεν
1070 2473 1189 2517 ἔχειν,

239 2530 426 2575 μηδαμῶς
444 2527 625 2578 ὑπάρχῃ·
653 2528 780 2567 νωδόν
802 2544 841 2567 τε
862 2531 937 2581 γὰρ
961 2534 1124 2580 λέγομεν
1145 2533 1192 2571 οὐ

1244 1785 1289 1822 τὸ
1314 1785 1364 1833 μή
1399 1787 1498 1831 ἕχον
1522 1782 1705 1828 ὀδόντας,
1740 1782 1804 1819 καὶ
1830 1782 1985 1833 τυφλὸν
2007 1783 2054 1821 οὐ
2077 1783 2122 1821 τὸ
2144 1785 2196 1833 μή

1246 1850 1264 1885 ἒ
1264 1862 1344 1894 χον
1372 1847 1483 1891 ὄψιν,
1520 1844 1620 1882 ἀλλὰ
1646 1844 1691 1882 τὸ
1723 1844 1773 1892 μὴ
1804 1847 1902 1892 ἔχον
1934 1844 1998 1883 ὅτε
2020 1847 2199 1897 πέφυκεν

1245 1913 1354 1957 ἔχειν
1386 1925 1418 1946 κ.
1435 1923 1467 1947 τ.
1486 1912 1522 1947 λ,

1319 1984 1503 2030 cernentia]
1531 1986 1605 2018 Hoc
1638 1986 1783 2027 ejusdem
1810 1987 1936 2028 generis
1967 1993 2017 2020 est
2043 1999 2080 2020 ac
2100 1999 2196 2032 supra

1244 2051 1364 2095 njentia
1383 2056 1477 2093 atque
1499 2050 1582 2093 apud
1605 2049 1874 2082 Sal-isberiensem
1895 2051 2054 2094 (metalog.
2069 2051 2104 2091 4,
2128 2052 2194 2091 543

1243 2125 1274 2156 p.
1295 2111 1387 2154 926)
1417 2114 1572 2145 carentia.
1609 2111 1677 2144 Sed
1697 2112 1764 2153 jam
1787 2112 1901 2143 Cicero
1926 2111 2010 2154 (top.
2034 2111 2098 2154 14)
2120 2124 2193 2145 con-

1243 2174 1299 2205 fini
1318 2171 1448 2204 audacia
1471 2173 1595 2204 dixerat
1621 2173 1898 2214 »conjunctionum
1925 2175 2136 2216 neyantiam.«

1317 2259 1454 2289 medium
1471 2256 1663 2302 necessario]
1679 2258 1824 2289 Priorem
1839 2270 1960 2299 vocem,
1979 2272 2074 2303 quam
2089 2260 2193 2292 alieno

1242 2323 1314 2354 loco
1331 2321 1496 2365 irrepsisse
1517 2322 1717 2352 manifestum
1736 2327 1800 2361 est,
1832 2322 1956 2354 uncinis
1977 2323 2192 2357 circumclusi:

1244 2389 1356 2420 tollere
1379 2388 1487 2420 invitis
1515 2386 1679 2419 codicibus
1701 2397 1766 2417 non
1790 2397 1886 2416 ausus
1914 2397 1995 2417 sum.

1317 2485 1392 2504 nam
1413 2471 1562 2518 alterum]
1589 2473 1675 2505 Nam
1694 2484 1711 2505 e
1728 2472 1838 2506 codice
1861 2473 2048 2507 Monacensi
2065 2473 2122 2519 (C)
2144 2473 2191 2505 in-

1244 2537 1337 2569 serui.
