2310 2860
131 228 191 271 52

755 221 956 265 Martiani
986 219 1186 278 Capellae
1222 220 1294 262 lib.
1316 219 1349 262 Ι.
1388 222 1419 272 §.
1441 219 1505 262 17.

132 335 232 375 tlata
257 333 476 375 fomitibus
509 346 562 373 ex
595 330 696 372 ferri
720 330 934 386 praedicta
965 328 1192 371 anhelabat
1221 342 1350 369 urna:
1378 341 1491 382 quae
1520 336 1664 370 tamen
1685 327 1849 371 vertex
1865 327 2084 369 Mulciferi

131 413 365 455 dicebatur.
420 412 515 453 Alia
547 411 687 462 etiam,
719 426 830 467 quae
861 411 1000 452 fuerat
1028 425 1081 449 ex
1109 408 1268 464 argenti
1297 406 1494 458 materie,
1524 408 1791 462 praeferebat
1819 421 1970 449 serena
1998 407 2085 448 sul-

132 495 271 550 gentia
301 503 340 534 et
368 492 582 534 vernantis
615 491 719 532 coeli
749 491 954 546 temperie
984 488 1222 531 renidebat:
1254 488 1366 530 hanc
1403 488 1603 529 dicebant
1629 488 1782 530 Risum
1816 489 1946 534 Jovis.

2009 488 2087 529 Illa

134 589 236 616 vero
257 573 417 615 metalli
436 572 642 628 gravioris
665 572 791 627 plena
820 570 1009 612 undosae
1040 568 1192 610 hiemis
1220 578 1350 624 atque
1375 568 1499 624 algidi
1529 568 1717 624 frigoris,
1746 585 1824 611 nec
1850 585 1932 611 non
1959 571 2086 611 etiam

130 706 192 738 teri
212 704 376 749 interpreti
396 704 535 735 Horatii.
559 703 819 746 Theophylaetus
845 703 883 734 de
904 701 998 735 Nilo:
1020 699 1085 737 διὰ

129 766 204 815 γὰρ
227 768 299 814 τῆς
311 765 567 813 ,Ηεκαυμὲνης
583 763 735 813 ῥέοντα,
747 765 837 800 λίαν
858 763 954 812 φασὶ
970 763 1084 799 καθέ-

129 832 293 872 ψεόθαι.
331 831 510 871 Diodorus,
543 843 560 861 a
581 842 644 873 quo
670 830 809 873 accepit,
837 825 899 863 διὰ
922 826 996 875 γὰρ
1012 827 1084 874 τῆς

127 890 495 936 Ηατακεκαυμένης.
539 890 596 924 Sic
631 896 663 922 et
689 890 961 922 Catacecaumene
994 889 1082 930 regio

129 954 166 985 in
190 954 339 987 Maeonia
364 955 403 985 ab
428 954 597 985 adustione
618 958 738 984 vocata.
779 951 921 985 SALMAS.
943 951 996 996 (ad
1013 951 1083 983 Sol.

128 1029 161 1062 p.
176 1018 262 1050 475.
292 1029 340 1060 pr.
365 1016 463 1060 edit).

203 1079 390 1125 deeiferi]
426 1079 530 1123 Quasi
563 1079 707 1110 mulcens
737 1079 865 1110 ferrum.
891 1078 1009 1111 Gnoss.
1035 1095 1083 1102 --

127 1143 216 1185 Ignis
245 1143 367 1183 aerius,
403 1143 495 1186 quasi
527 1142 671 1174 muleens
700 1142 841 1173 imbrem.
889 1141 973 1174 Cum
1001 1142 1084 1173 cuim

127 1205 230 1236 nubes
249 1205 360 1235 altiora
382 1203 542 1247 petierint,
567 1203 773 1235 resolvuntur
789 1203 820 1234 in
836 1203 1084 1245 pluviasVrm.

129 1283 178 1290 -—-
209 1265 306 1298 Certe
337 1264 450 1295 melior
494 1263 682 1295 scholiastes
719 1263 773 1294 ille
817 1263 974 1307 interpres
1012 1264 1083 1303 fuit,

127 1328 246 1372 quippe
271 1327 327 1372 qui
348 1340 419 1359 eum
434 1327 533 1358 festo
558 1326 720 1358 concinat:
738 1325 916 1358 Vulcanius
936 1326 1084 1357 nimirum

126 1391 168 1422 ad
191 1390 281 1421 illum
308 1390 414 1433 potius
443 1390 536 1421 deum
565 1389 723 1432 respicere
748 1389 904 1429 debebat,
935 1389 1008 1432 qui,
1049 1394 1084 1419 ut

127 1452 294 1485 Ciceronis
314 1451 366 1495 (N.
381 1452 422 1483 D.
442 1452 482 1491 5,
510 1450 571 1493 22)
596 1450 701 1482 verbis
727 1455 814 1490 utar,
849 1450 965 1482 Lemni
989 1450 1083 1481 sabri-

125 1524 181 1544 cae
208 1513 353 1556 praefuit.
402 1512 579 1543 Martianus
609 1511 735 1551 forsan,
773 1523 870 1553 quum
900 1511 970 1542 aliis
1002 1511 1083 1542 loeis

125 1572 167 1618 (ξ.
185 1574 243 1605 48.
269 1574 351 1604 576.
382 1571 469 1615 889)
493 1572 653 1603 lllulciber
680 1571 812 1611 scribat,
846 1572 898 1603 hic
922 1573 1082 1613 consulto,

123 1635 214 1667 Festi
244 1633 468 1677 etymologiam
501 1632 687 1675 amplexus,
722 1632 877 1675 IlInlcz‘f'er
908 1633 1082 1676 scripserit,

125 1708 190 1741 quo
221 1695 352 1741 propius
383 1694 422 1725 ad
448 1693 590 1736 ferream.
615 1704 733 1723 urnam
760 1704 877 1723 nomen
906 1694 1081 1733 accederet,

125 1771 318 1804 quamqualn
338 1762 370 1788 et
392 1758 453 1787 hoc
479 1768 577 1787 sensu
599 1755 769 1788 Mulciberi
792 1756 919 1787 nomine
949 1762 1082 1788 utuntur

125 1820 280 1865 (Macrob.
303 1817 464 1851 Saturnal.
488 1818 529 1857 6,
561 1815 606 1860 5).

195 1879 370 1927 fulyerztia]
400 1881 504 1922 Lege:
528 1891 658 1911 »serena
676 1879 835 1921 fulgere«,
865 1880 916 1912 vel
939 1882 1080 1925 praescr:

134 1958 263 1978 nscrena
277 1944 473 1987 sulgcntique
487 1943 648 1975 vernantis
663 1943 745 1975 coeli
759 1943 938 1987 temperie«
953 1945 1080 1977 Vowcn.

127 2009 224 2052 (spec.
243 2007 310 2039 erit.
329 2019 359 2050 p.
381 2006 443 2049 79)
460 2022 507 2028 -—·
533 2004 685 2036 Profecto
703 2004 871 2037 Vonckius
891 2017 957 2038 non
973 2006 1001 2039 is
1021 2012 1080 2049 est,

127 2071 219 2112 cujus
252 2070 291 2101 ad
325 2068 487 2101 arbitrium
518 2067 747 2099 substituamus
773 2068 961 2111 lectionem,
999 2083 1080 2114 quae

128 2134 162 2166 in
177 2133 265 2165 nullo
283 2132 333 2164 vel
353 2133 438 2163 edito
456 2131 507 2164 vel
525 2131 643 2175 scripto
659 2137 763 2163 exstet
779 2132 870 2164 libro.
885 2133 975 2165 Itane
992 2134 1080 2166 inau-

129 2196 230 2229 ditum
252 2195 306 2226 isti
331 2201 398 2226 erat
417 2195 564 2237 adjectivi
588 2207 721 2227 serenus
749 2201 896 2228 neutrum
925 2209 982 2240 pro
1008 2197 1081 2228 suh-

129 2259 267 2292 stantivo
290 2258 450 2302 positum?
484 2257 599 2290 Nonne
619 2257 740 2300 legerat
761 2259 891 2301 Virgilii
908 2259 1029 2303 (georg.
1049 2263 1082 2302 1,

129 2322 218 2366 595)
239 2326 365 2365 »aperta
390 2321 546 2352 serenan?
570 2333 676 2353 nonne
695 2321 768 2354 Silii
793 2323 838 2366 (5.
861 2322 938 2367 88)=
962 2325 1082 2366 »caligo

130 2384 233 2417 nitido
273 2382 416 2414 resoluta
450 2383 610 2414 serenou‘?
644 2382 773 2415 Utinam
808 2384 927 2425 critici,
968 2387 1083 2430 quibus

133 2453 240 2479 tantus
261 2444 389 2477 secandi
405 2444 545 2488 pruritus
570 2450 630 2485 est,
656 2446 812 2490 scriptori,
837 2448 869 2479 in
889 2461 983 2492 quem
1007 2450 1083 2482 inci-

134 2511 232 2550 dunt,
267 2508 327 2540 toti
359 2508 448 2552 prius
481 2508 643 2540 noscendo
677 2521 805 2552 operam
833 2511 963 2545 darent!
999 2514 1083 2546 Mar·

134 2574 240 2606 finnus
263 2573 346 2604 enim
373 2572 441 2616 ipse
466 2570 547 2603 infra
573 2570 614 2616 (ξ.
631 2571 692 2616 ’74)
711 2572 818 2605 eadem
838 2573 998 2608 locutione
1023 2577 1082 2609 uti—

136 2640 189 2668 tur
209 2634 329 2667 verbis:
357 2632 583 2666 »candentibus
618 2635 740 2669 serenis
772 2635 910 2669 enituit«
957 2637 1081 2673 Sey-ena

1134 702 1232 745 igitur
1253 703 1432 748 fidyentfa,
1466 702 1532 734 sive
1556 714 1721 743 serenum,
1750 701 1837 746 quod
1857 702 1973 744 fulget,
2010 699 2088 733 Jovi

1135 766 1280 810 planetae
1310 773 1420 798 noster
1447 767 1579 807 tribuit,
1623 766 1711 810 quod
1741 766 1826 797 idem
1860 771 1979 796 astrum
2005 765 2087 797 infra

1134 826 1281 871 (§.197)
1301 828 1378 860 dicit
1395 828 1608 872 »ficlqentibM
1623 827 1813 872 blandisque
1834 826 1991 859 vibratum
2009 838 2083 858 etm-

1135 893 1291 925 doribus.«
1360 893 1453 924 Unde
1485 905 1526 924 ne
1554 893 1682 925 codices
1717 892 1845 936 quidem
1877 891 2088 923 Monacenses

1135 956 1187 1000 (B.
1206 957 1246 987 D.
1263 955 1316 1000 E.)
1343 961 1471 988 secutus
1499 968 1587 996 sum,
1615 956 1670 999 qui
1699 955 1827 999 fulgida
1850 966 1908 997 pro
1928 954 2090 998 fulqentia

1135 1018 1305 1058 exhibent,
1340 1018 1397 1049 sed
1420 1018 1582 1060 vulgarem
1607 1022 1640 1049 et
1663 1016 1814 1050 Martiani
1836 1015 1968 1048 dictioni
1988 1014 2089 1057 magis

1134 1080 1328 1112 conformem
1351 1080 1522 1111 lectionem
1544 1078 1670 1111 retinui.

1209 1139 1370 1186 temperie]
1398 1142 1489 1173 Ilaec
1510 1141 1578 1183 ipsa
1602 1140 1737 1183 qualitas
1754 1139 1822 1180 jam
1844 1138 1963 1170 «Iovem
1983 1138 2086 1179 desig-

1134 1207 1190 1234 nat
1212 1203 1372 1246 planetam
1391 1201 1433 1245 (v.
1457 1202 1537 1232 infra
1564 1200 1592 1244 ξ.
1617 1200 1709 1244 196).

1209 1264 1323 1294 Risum
1348 1260 1454 1306 Jovis]
1481 1261 1591 1292 Finxit
1614 1263 1676 1293 hoe
1702 1272 1798 1292 urnae
1823 1272 1940 1292 nomen
1966 1271 2005 1291 ex
2030 1258 2087 1291 illo

1134 1325 1263 1366 Virgilii
1285 1324 1380 1369 (Aen.
1407 1326 1446 1365 1,
1473 1324 1575 1368 254):

1192 1388 1278 1419 „Olli
1306 1387 1472 1418 subridens
1494 1388 1658 1418 hominum
1682 1391 1771 1418 sator
1792 1392 1889 1433 atque
1909 1386 2040 1417 deorum

1183 1450 1287 1483 Vultu
1311 1463 1374 1497 quo
1395 1451 1516 1482 coelum
1544 1455 1810 1496 tempestatesque
1838 1455 1989 1480 screnum«

1133 1511 1184 1543 Dc
1208 1523 1321 1542 sereno
1346 1512 1406 1543 hoc
1427 1511 1511 1543 Jove
1535 1511 1615 1542 infra
1641 1510 1683 1554 (§.
1708 1510 1771 1554 67)
1794 1511 1886 1553 plura
1910 1511 2008 1552 legeS.

1209 1574 1321 1604 Iu'emis
1344 1571 1453 1618 atque]
1480 1572 1530 1602 Ita
1553 1571 1751 1603 Claudianus
1771 1571 1855 1614 (tert.
1874 1572 1996 1603 consul.
2014 1571 2083 1603 Ho-

1133 1644 1201 1663 nor.
1219 1632 1480 1677 168):»A]genti
1502 1645 1564 1676 qua
1584 1644 1665 1664 zona
1681 1634 1763 1676 riyet
1780 1631 1931 1664 Saturnia
1948 1639 2079 1665 tractum«

1131 1693 1281 1725 Lucanus
1311 1693 1391 1737 (10,
1418 1694 1525 1738 205):
1547 1694 1701 1737 »Fu-[Hirta
1726 1693 1858 1726 Saturni
1882 1695 2016 1737 glacies,
2052 1701 2084 1726 et

1133 1770 1214 1789 zona
1237 1757 1351 1789 nivalis
1374 1757 1498 1789 cessit«
1520 1757 1676 1799 Virgilius
1699 1758 1818 1801 (georg.
1842 1760 1873 1799 1,
1891 1760 1979 1804 556)
2009 1759 2083 1803 »sri-

1131 1821 1240 1864 qulam
1267 1819 1400 1852 Saturni
1429 1819 1572 1851 stellam»
1600 1819 1696 1860 dicit,
1727 1820 1906 1864 repetitque
1932 1822 1993 1852 hoc
2016 1821 2084 1852 Pli-

1132 1884 1204 1915 nius
1229 1884 1302 1927 (18,
1333 1884 1393 1924 25,
1419 1883 1480 1927 57)
1502 1884 1697 1927 affirmatque
1720 1883 1782 1914 alio
1801 1883 1874 1916 loco
1900 1884 1955 1928 (2,
1981 1886 2015 1926 6,
2046 1886 2083 1930 8)

1139 1943 1291 1976 »Saturni
1320 1944 1408 1975 sidus
1431 1944 1555 1986 gelidae
1591 1957 1627 1976 ae
1652 1946 1787 1988 riqentis
1814 1957 1885 1977 csse
1914 1951 2074 1978 naturae«

1131 2008 1258 2040 Pariter
1277 2007 1445 2040 Vitruvius
1468 2007 1523 2051 (9,
1546 2006 1579 2051 1)
1600 2008 1732 2039 candem
1755 2009 1880 2040 stellam
1897 2011 2083 2042 »vehemen-

1131 2075 1181 2101 ter
1199 2069 1345 2111 stigidam
1362 2081 1451 2100 esse«
1466 2069 1568 2101 docet.
1590 2069 1796 2102 Ptolemaeus
1816 2071 1954 2116 denique
1974 2072 2083 2116 (tetra-

1131 2131 1207 2164 bibl.
1220 2133 1252 2172 1,
1269 2132 1293 2163 4
1314 2137 1347 2162 ct
1366 2130 1427 2175 18)
1444 2142 1514 2162 eam
1534 2135 1662 2162 »natura
1680 2131 1835 2176 frigidam
1851 2138 1883 2165 et
1897 2133 1995 2164 calori
2007 2145 2082 2166 con-

1133 2195 1276 2227 trariam«
1300 2194 1386 2226 dicit.
1416 2194 1484 2226 Sed
1507 2200 1618 2226 noster
1640 2196 1708 2238 ipse
1733 2196 1814 2226 infra
1834 2194 1875 2239 (§.
1891 2181 1983 2240 ¹197)
2005 2208 2081 2229 eun-

1133 2258 1206 2290 dem
1226 2257 1386 2300 planetam
1421 2256 1572 2288 »deorum
1595 2256 1820 2298 rigidissimum
1845 2262 2022 2290 creatorem
2047 2260 2082 2292 in

1135 2321 1240 2363 algido
1273 2321 1456 2352 haerentem
1485 2306 1672 2364 pruinisque
1709 2320 1887 2352 nivalibus«
1925 2323 2080 2366 appellat,

1134 2385 1260 2428 alioque
1286 2383 1358 2416 loco
1384 2382 1425 2427 (ξ.
1445 2383 1506 2427 70)
1531 2383 1648 2426 »ipsius
1675 2383 1822 2415 canitiem
1842 2385 2003 2428 pruinosis
2034 2387 2081 2419 ni·

1132 2447 1224 2479 vibus
1246 2445 1479 2477 candicantem«
1505 2450 1665 2476 memorat.
1693 2445 1782 2488 Quid
1806 2446 1919 2477 miriun
1942 2459 1982 2479 ex
2003 2460 2079 2492 qua·

1133 2516 1207 2543 tuor
1229 2508 1303 2540 anni
1326 2509 1568 2552 tempestatibus
1590 2509 1725 2540 hiemem
1752 2509 1781 2540 ei
1800 2510 1852 2541 hic
1869 2510 1989 2542 tribui?

1202 2568 1348 2615 frigoris]
1375 2570 1449 2602 Hoc
1472 2581 1530 2614 pro
1555 2570 1711 2602 Grotiauo
1737 2573 1852 2615 riyoris
1880 2573 2005 2605 codices
2025 2575 2077 2606 ha-

1130 2637 1208 2670 bent
1231 2636 1441 2671 Monacenses
1465 2634 1516 2679 (B.
1535 2634 1572 2667 C.
1588 2634 1660 2678 Ε.),
1685 2635 1873 2679 Hugiauus,
1902 2637 2077 2669 Darmstat·
