2310 2860
193 180 277 221 108

191 285 345 340 chelyn
385 284 574 325 innitenti
618 283 763 324 similis
803 282 1087 338 imprimebat.

794 176 992 218 Martiani
1023 175 1221 231 Capellae
1258 176 1329 219 lib.
1355 177 1387 217 I.
1418 179 1450 228 ζ).
1475 178 1545 218 66.

1161 279 1332 322 Calceos
1373 291 1516 322 autem
1557 283 1874 339 smaragdineae
1905 282 2040 325 fluctu
2072 283 2140 324 vi-

189 367 362 408 riditatis
391 365 594 406 herbosos
626 365 804 419 vestigiis
837 364 926 418 ejus
954 362 1102 404 Tellus
1128 358 1401 404 annexuerat.
1441 363 1652 406 Insidebat
1674 375 1815 407 autem
1843 381 1895 406 ex
1919 379 2140 421 pavonum

188 446 334 502 pennis
371 445 618 485 intertextae
657 444 936 499 oculataeque
973 443 1141 498 '‘pallae,

188 540 257 571 niae
285 538 433 571 coelestis
456 538 655 580 designatum
682 550 796 570 novem
823 542 928 568 autem
952 536 981 567 ci
1008 534 1142 567 chordas

188 602 318 641 tribuit„
362 601 436 644 quia
470 613 565 645 supra
600 601 642 645 (ξ.
670 600 731 644 28)
761 600 955 632 harmoniam
986 599 1073 630 illam
1103 610 1143 629 cx

188 668 310 706 septem
330 661 468 705 planetis
494 674 565 694 cum
594 663 727 705 sphaera
754 662 867 705 aplane
894 666 926 692 et
955 666 1038 691 terra
1068 671 1142 691 con-

187 732 271 757 stare
293 725 424 756 dixerat.
452 725 546 758 Conf.
570 725 696 756 Euclid.
718 725 750 756 in
778 724 893 756 inu-od.
912 725 1008 755 barm.
1035 735 1066 766 p.
1086 723 1142 754 19.

186 786 284 819 Meib.
316 791 348 816 et
373 785 479 818 Strab.
507 787 562 818 15.
594 798 625 829 p.
652 786 725 817 G18
757 785 894 817 Casaub.
936 784 1142 826 litigiumque

186 847 220 878 in
250 847 332 878 libro
368 847 406 878 de
430 838 541 890 'myth
572 859 603 890 p.
632 848 711 878 185.
743 847 830 886 184,
864 846 1006 889 inprimis
1037 851 1143 876 autem

187 907 389 939 Boeckhium
422 907 455 938 in
485 906 639 939 Creuzeri
668 906 761 938 Stud.
782 907 818 937 T.
841 907 906 947 ΠΙ,
929 920 960 950 p.
985 907 1031 938 89
1054 918 1143 949 sequ.

263 969 397 1015 calceos]
424 971 477 1001 Ex
493 972 551 1002 hac
571 970 748 1001 calceorum
771 970 984 1013 descriptione
1009 970 1143 1013 quilibet

185 1038 301 1064 terram
325 1033 516 1074 agnovisset,
543 1032 667 1063 etiamsi
682 1033 859 1064 Martianus
883 1045 948 1064 non
968 1033 1143 1064 addidisset

187 1107 205 1126 a
235 1094 365 1126 Tellure
395 1106 451 1125 eos
485 1106 628 1125 annexos
659 1105 740 1126 esse.
791 1093 885 1137 Sapit
910 1094 1035 1137 poetica
1063 1096 1142 1126 hacc

185 1157 356 1199 descriptio
390 1156 573 1200 opinionem
602 1156 870 1199 antiquissimam,
905 1157 957 1187 dei
984 1157 1093 1188 sedem
1124 1169 1141 1188 a

185 1217 276 1250 coelo
298 1217 371 1248 inde
397 1228 500 1259 usquc
532 1217 572 1248 ad
595 1222 709 1248 terram
737 1217 914 1259 pertinere,
952 1230 1047 1261 quam
1068 1218 1140 1249 ideo

185 1279 334 1311 dixerunt
365 1279 623 1322 »suppedaneum
648 1280 765 1322 pedum
799 1280 905 1321 ejus«,
932 1280 1139 1324 Serapisque‚

184 1343 317 1374 deorum
346 1343 521 1381 maximus,
556 1341 589 1372 in
614 1342 839 1384 epigrammate
861 1342 1003 1383 Graeco,
1031 1356 1048 1374 a
1071 1344 1139 1376 Ma-

184 1403 291 1436 crobio
315 1402 397 1446 (Sat.
421 1404 452 1442 1,
477 1402 538 1445 20)
563 1402 656 1433 nobis
676 1408 813 1441 servato,
836 1403 904 1446 ipse
932 1403 970 1434 de
996 1415 1029 1435 se
1047 1415 1138 1447 prae-

183 1466 281 1497 dicat:
310 1464 427 1500 »Γαῖα
456 1463 497 1498 ὃὲ
525 1477 590 1508 μοι
617 1460 734 1503 πόδες
762 1463 865 1499 emt«

256 1525 516 1571 smaragdineae]
556 1526 631 1558 Duo
665 1528 900 1571 smaraqdinae.
923 1527 1051 1560 Voxcx.
1072 1529 1138 1573 (sp.

181 1589 248 1621 crit.
275 1602 307 1634 p.
326 1589 410 1632 147)
438 1608 484 1613 -—-
511 1588 579 1621 Sed
607 1589 694 1620 illam
721 1590 870 1631 adjectivi
891 1591 1040 1631 sormam,
1074 1604 1137 1634 qua

180 1658 291 1684 noster
315 1653 432 1691 utitur,
460 1651 642 1683 venantius
673 1652 768 1682 etiam
793 1653 992 1683 Fortunatus
1016 1654 1070 1696 (8,
1102 1656 1135 1693 6,

183 1714 243 1757 18)
268 1714 373 1745 babet.
399 1713 576 1744 Martianus
605 1713 749 1745 »calceos
775 1714 874 1746 fluctu
899 1716 1135 1756 smaragdineae

180 1776 347 1808 viriditatis
388 1775 562 1806 herbosos«
598 1775 696 1815 dixit,
734 1776 808 1818 quia
840 1778 1013 1819 smaragdis
1048 1779 1136 1809 color

179 1837 328 1869 tribuitur
359 1837 472 1867 viridis
503 1836 642 1879 (practer
666 1836 808 1868 Plinium
839 1838 909 1869 vide
932 1839 1135 1871 Lactantium

178 1900 212 1932 in
245 1911 338 1932 carm.
365 1899 404 1930 de
428 1899 591 1931 Phoenice
617 1899 710 1942 155).

251 1961 439 2007 viriditatis]
476 1962 610 1994 Grotius
648 1962 823 1994 viriditati:
853 1968 995 1995 nostram
1024 1964 1134 1996 lectio-

177 2036 251 2056 nem
265 2024 393 2056 codices
409 2023 563 2066 praebent
576 2023 783 2063 Dresdensis,
799 2023 1008 2065 Basileensis‚
1020 2025 1133 2056 Darni-

179 2085 354 2124 stattensis,
379 2084 591 2125 Burneianus,
609 2083 827 2123 Britannicus,
848 2084 1132 2127 Cantabrigiensis,

177 2147 365 2188 Hugianus,
392 2153 423 2178 et
444 2153 525 2178 teste
549 2146 662 2179 Cortio
688 2145 859 2190 Guelferh3
869 2152 971 2179 tanus.

251 2208 467 2253 antiexuerat]
488 2209 621 2241 Grotius
648 2211 817 2242 annexuit.
844 2209 912 2242 Sed
935 2211 1026 2252 illud,
1047 2211 1134 2255 qnod

178 2271 310 2315 reliquis
338 2271 442 2302 verbis
475 2272 668 2303 conformius
691 2278 758 2314 est,
787 2285 804 2305 e
830 2273 994 2306 codicibus
1019 2276 1131 2307 Mona·

179 2332 328 2365 censibus
353 2332 566 2374 (B.D.E.G.)
589 2332 705 2375 recepi.

251 2393 421 2438 insidebat]
463 2394 569 2435 Lege:
596 2395 746 2439 infiyebat
777 2402 885 2428 autem
909 2403 942 2429 et
969 2410 1132 2442 pavonum

176 2468 301 2500 perulas
320 2462 379 2489 cet.
395 2456 521 2488 voxcx.
542 2457 640 2499 (spec.
663 2458 729 2489 erit.
751 2471 781 2501 p.
804 2460 888 2502 147)
907 2479 954 2485 —
978 2461 1129 2493 Minime!

177 2519 318 2553 Sensum
347 2519 469 2552 seilicet
495 2519 622 2551 criticus
656 2532 768 2563 capere
799 2523 967 2565 nequibat,
1000 2524 1055 2568 qui
1080 2524 1131 2557 bie

180 2586 245 2613 est:
272 2582 449 2614 »insidebat
474 2580 603 2625 Jupiter
627 2581 732 2625 pallae
759 2593 799 2613 ex
830 2595 990 2627 pavonum
1014 2586 1129 2630 pennis

1187 457 1240 484 ex
1285 458 1372 498 qua
1410 443 1748 486 multicoloribus
1786 445 1940 486 notulis
1982 444 2144 484 variata

1192 533 1381 569 intertextae
1413 543 1445 570 et
1480 538 1644 579 oculatae,
1690 551 1730 570 ex
1768 552 1830 583 qua
1862 541 1986 584 pictura
2023 538 2142 571 notulis

1193 598 1446 631 multicoloribus
1473 599 1593 631 variata
1618 600 1795 631 vernabat.«
1848 601 1940 632 Palla
1967 601 2050 632 enim
2079 612 2143 631 am-

1192 661 1304 705 plioris
1326 662 1506 694 vestimenti
1527 674 1627 704 genus
1649 668 1708 702 est,
1733 663 1819 706 quod
1845 669 1963 704 noster,
1995 664 2077 695 sieut
2095 663 2142 695 in—

1192 723 1240 753 sra
1265 722 1305 766 (ξ.
1327 722 1385 766 71)
1416 724 1534 754 Terrae
1560 724 1725 755 herbidam
1752 713 1872 766 pallani
1890 724 2016 765 tribuit,
2047 723 2143 756 «Iovis

1193 784 1336 815 vestibus
1360 796 1455 827 supra
1478 785 1644 827 descriptis
1671 785 1774 825 addit,
1796 785 1888 828 eique
1915 797 1986 816 eum
2005 785 2143 816 insidere

1192 848 1292 888 fingit.
1316 847 1435 879 Vestes
1462 849 1545 879 enim
1564 848 1607 879 ita
1630 848 1724 879 ctiam
1747 854 1914 892 usurpatas
1936 859 2006 880 esse
2024 847 2144 879 Pollux

1194 910 1241 951 (7⁷
1268 910 1332 948 513
1366 921 1396 952 p.
1421 910 1507 951 722)
1532 910 1647 941 docuit.

1268 970 1475 1017 oculataeque
1504 969 1623 1015 pallae]
1659 971 1795 1003 Coelum
1832 971 2005 1012 significat,
2041 970 2144 1001 stellis

1193 1033 1394 1074 distinctum,
1419 1035 1528 1065 eadem
1549 1034 1649 1075 figura
1672 1047 1734 1077 qua
1759 1035 1842 1066 infra
1865 1034 1906 1078 (ξ.
1926 1035 2013 1077 811)
2030 1035 2144 1066 Astro-

1193 1097 1333 1125 nomt'am
1363 1096 1537 1138 »quandam
1561 1102 1754 1138 yemmatam
1781 1108 1839 1126 nec
1868 1096 1972 1126 minus
1994 1096 2069 1126 totis
2095 1106 2143 1125 ar-

1192 1156 1287 1186 tubus
1319 1155 1468 1186 decenter
1499 1157 1657 1186 aculeum«
1689 1156 1797 1196 finxit,
1825 1155 1906 1197 Argi
1930 1156 2077 1186 nimirum
2098 1156 2142 1186 sa·
2166 1143 2168 1145 Ι

1184 1206 1298 1247 ‘hulam
1330 1216 1521 1260 respiciens,
1558 1217 1596 1248 de
1633 1229 1696 1260 quo
1725 1217 1909 1249 Macrobius
1942 1217 2086 1261 (Saturn.
2111 1218 2142 1249 1.

1193 1279 1274 1322 19):
1304 1279 1463 1321 »Argum,
1497 1292 1590 1323 quem
1619 1281 1725 1311 ferunt
1757 1292 1814 1323 per
1846 1281 1996 1311 ambitum
2030 1280 2142 1323 capitis

1189 1341 1360 1372 multorum
1383 1341 1547 1371 oculorum
1572 1340 1745 1371 luminibus
1776 1347 1922 1371 ornatum
1942 1360 1988 1363 —
2008 1341 2064 1371 sed
2082 1341 2142 1373 suh

1189 1402 1410 1442 hujuscemodi
1448 1401 1554 1431 sabula
1594 1400 1703 1441 Argus
1735 1406 1784 1431 est
1819 1401 1944 1432 coelum
1979 1402 2143 1433 stellarum

1188 1464 1259 1496 luce
1292 1465 1495 1504 distinctum,
1538 1463 1653 1507 quibus
1688 1464 1794 1495 inesse
1829 1465 1984 1507 quaedam
2017 1465 2141 1509 species

1189 1527 1375 1559 coelestium
1403 1528 1547 1559 videatur
1576 1527 1771 1558 oculorum.«
1797 1527 1896 1558 Plura
1917 1528 2004 1558 dabit
2027 1528 2066 1561 C.
2085 1528 2141 1562 Fr.

1187 1591 1393 1623 Hermannus
1412 1590 1451 1620 ad
1468 1590 1601 1621 Luciam.
1621 1589 1660 1620 de
1687 1590 1760 1621 bist.
1779 1601 1839 1622 scr.
1861 1603 1893 1634 p.
1913 1592 1970 1623 73.
1995 1592 2140 1625 Pavonis

1188 1658 1293 1684 autem
1321 1665 1338 1683 e
1360 1652 1473 1695 pennis
1498 1658 1616 1682 textam
1641 1665 1711 1683 eam
1738 1654 1855 1696 pallam
1879 1654 1922 1684 ait
1945 1655 2078 1687 candem
2097 1657 2138 1688 ob

1187 1730 1332 1757 causam,
1372 1717 1445 1759 quia
1482 1716 1563 1758 Argi
1605 1717 1702 1749 occisi
1740 1719 1866 1759 oculos,
1902 1718 2020 1752 Ouidio
2056 1727 2138 1753 teste

1187 1780 1274 1823 (met.
1297 1781 1326 1810 1.
1348 1777 1452 1821 722).
1479 1777 1568 1809 Juno
1591 1779 1715 1822 excepit
1739 1779 1942 1823 volucrisque
1968 1793 2044 1813 suae
2061 1795 2138 1825 pen·

1186 1841 1236 1871 nis
1265 1839 1449 1879 collocavit7
1478 1845 1510 1870 et
1539 1842 1671 1882 ymanus
1697 1841 1830 1872 caudam
1857 1843 2059 1875 stellantibus
2079 1844 2136 1876 im·

1185 1901 1301 1946 plcvit3
1332 1906 1527 1944 quapropter
1546 1906 1578 1931 et
1597 1901 1752 1932 Martialis
1774 1902 1847 1946 (14.
1865 1905 1924 1936 85.
1946 1905 1998 1947 2);

1241 1965 1359 1996 »Aiane
1383 1964 1526 1996 alimonis
1553 1965 1639 2004 avis,
1666 1966 1723 1996 sed
1742 1967 1834 2008 prius
1854 1967 1967 2011 Ar-qus
1989 1975 2098 2009 erat«,

1186 2034 1218 2059 et
1243 2028 1358 2060 Gallus
1386 2033 1481 2070 poeta
1508 2027 1560 2070 (de
1583 2027 1677 2058 duab.
1703 2039 1804 2060 soror.
1824 2030 1936 2071 fragm.
1955 2030 2033 2074 15)=

1241 2091 1369 2134 »Quam
1386 2092 1491 2136 qualit
1509 2096 1541 2122 et
1562 2090 1698 2121 caudam
1717 2091 1883 2124 Jamom'us
1898 2094 2037 2135 explicat
2053 2094 2132 2132 ales,

1329 2151 1421 2182 Mille
1439 2151 1558 2190 oculos,
1578 2163 1720 2194 9emmas
1739 2154 1823 2184 mille
1839 2153 1987 2184 decenter
2001 2154 2124 2187 habet.«

1183 2214 1250 2246 Pro
1272 2212 1390 2244 natulis
1404 2211 1544 2243 Vonclzii
1563 2212 1777 2254 conjecturam
1798 2213 1897 2256 (spec.
1913 2213 1982 2246 erit.
1996 2226 2028 2258 p.
2046 2215 2131 2259 147)

1179 2273 1315 2318 floribus
1339 2277 1393 2303 aut
1411 2273 1557 2317 flosculis
1578 2273 1727 2304 retulisse
1753 2273 1869 2306 taedet.

1255 2332 1401 2379 variata]
1443 2333 1517 2366 MS.
1551 2335 1640 2365 varie
1683 2340 1801 2378 qrata5
1844 2335 1916 2376 lege
1953 2338 2130 2381 varieqala.

1182 2397 1286 2430 Gnor.
1300 2415 1347 2420 —
1372 2396 1446 2430 MS.
1465 2398 1625 2436 varicum,
1657 2398 1841 2441 varieqrata
1850 2421 1862 2437 ‚
1896 2399 2004 2431 forsan
2026 2403 2128 2433 varie-

1179 2461 1279 2506 gata?
1306 2459 1450 2492 Ocima-n.
1469 2459 1522 2504 (ad
1541 2458 1662 2503 Appul.
1680 2460 1717 2492 T.
1733 2460 1759 2493 1.
1774 2473 1805 2505 p.
1822 2462 1904 2493 785.
1929 2462 1973 2495 II.
1993 2476 2024 2506 p.
2040 2457 2127 2509 296)

1182 2544 1229 2550 --
1255 2524 1459 2556 Postremum
1477 2522 1511 2555 in
1528 2528 1650 2554 textum
1670 2524 1799 2566 quidem
1822 2524 1943 2569 recepit
1964 2526 2126 2567 Goczius;

1181 2598 1240 2628 ego
1254 2597 1330 2618 vero
1348 2585 1436 2630 prius
1452 2584 1578 2626 retinui⁷
1599 2584 1763 2630 siquidem¹
1774 2585 1808 2618 in
1829 2598 1892 2619 uno
1909 2592 2032 2620 tantum
2048 2589 2123 2620 Rei-
