2310 2860
695 92 896 135 Martiani
936 91 1136 151 Capellae
1173 93 1245 136 lib.
1271 93 1324 137 II.
1363 96 1394 149 §.
1421 93 1526 139 149.-

130 213 301 255 semper
346 199 577 251 antevolet‚
629 199 890 256 Philologiae
931 202 1180 245 occursibus
1226 218 1312 245 non
1360 217 1490 246 ausus
1537 214 1598 247 est
1644 206 1855 250 interesse.

2009 102 2096 148 199

1927 207 1983 250 At
2018 209 2094 253 uhi
2127 212 2213 255 141}

129 281 172 322 in
209 287 484 336 conspectum
523 279 721 320 nubentis
760 279 861 322 diva
901 282 1117 337 pervenit,
1171 294 1320 341 atquo,
1368 294 1417 327 ut
1455 301 1549 328 mos
1588 288 1759 345 virginis
1796 297 1907 342 erat,
1961 289 2096 334 litavit

131 361 348 412 ammam,
391 360 517 402 deam
564 362 719 403 talibus
759 362 1090 419 deprecabatur:
1132 365 1243 407 Juuo
1282 366 1486 423 pulchra,
1532 368 1629 410 licet
1663 370 1780 413 aliud
1819 386 1975 413 nomen
2020 372 2094 413 tibi

129 441 386 483 consortium
431 442 608 484 coeleste
652 443 865 495 tribuerit,
922 452 963 484 et
1001 459 1076 485 nos
1116 458 1140 486 a
1177 444 1370 500 juvando
1413 446 1649 500 Junonem,
1703 451 1818 493 unde
1858 462 1899 494 et
1937 452 2092 495 Jovem

127 520 331 572 dicimus,
368 524 662 577 nominemus3
707 525 796 565 sive
836 533 874 566 te
912 525 1147 579 Lucinam,
1187 527 1305 583 quod
1344 528 1488 572 lucem
1528 532 1796 575 nascentibus
1827 535 2010 586 tribuas,
2043 549 2092 577 ao

126 604 350 646 Luc-etiam
387 607 586 648 convenit
622 607 886 664 nuncupari3
939 622 1042 650 nam
1090 609 1342 664 Fluoniam‚
1391 612 1742 672 Februalemque
1782 631 1831 658 ae
1868 617 2090 660 Februam

126 713 210 746 inter
226 719 396 759 utrumque
418 716 622 761 persequitur
640 716 802 749 Maximus
817 715 1024 762 Tyrius'(27.
1047 716 1083 750 4.

126 777 165 810 Τ.
186 777 228 819 2,
247 791 279 823 p.
299 780 347 811 59
367 779 500 821 Reislx.)

200 852 318 899 litavit]
338 854 485 885 Donatus
504 853 567 898 (ap.
583 853 732 886 xvidem.
750 853 790 886 dc
815 853 969 898 propt-iet.
990 864 1083 886 serm.

127 928 157 960 p.
183 916 287 960 210):
310 916 515 949 »Sacrificarc
538 923 587 948 est
605 917 728 949 veniam
749 923 870 961 petere,
895 918 990 949 litare
1008 928 1085 949 vcro

125 979 299 1023 propitiare
324 984 357 1011 et
379 985 488 1011 votum
514 980 710 1023 impeti-aren«
757 981 851 1013 [Inde
877 980 1015 1012 Plautus
1037 980 1085 1024 (in

124 1042 228 1075 Pocn.
245 1043 285 1082 2,
312 1044 349 1083 1,
374 1043 452 1087 42):
476 1043 533 1076 »Si
555 1044 676 1076 Hercle
700 1042 784 1076 istuc
805 1056 944 1088 unquam
967 1044 1086 1075 sactum

124 1110 190 1145 cst,
218 1109 286 1135 tum
307 1115 358 1136 me
381 1104 512 1148 Jupiter
536 1105 649 1147 saciat,
674 1111 710 1138 ut
734 1117 862 1152 semper
887 1105 1084 1147 sacruficem,

122 1178 182 1201 uec
204 1179 345 1212 unquam
369 1168 464 1200 litem.
472 1182 485 1197 e

197 1239 363 1286 aromatis]
388 1241 428 1273 In
451 1242 545 1274 editis
571 1247 640 1274 crat
661 1244 877 1284 aromatibus,
898 1242 986 1288 quod
1014 1253 1083 1276 cor·

123 1303 192 1337 rexi
216 1316 235 1336 e
252 1304 513 1337 Reiehenaucnsi
536 1318 572 1338 ac
594 1307 845 1339 Darinstatteusi
865 1307 1030 1339 codicibus
1051 1312 1084 1340 ct

124 1377 165 1398 ex
195 1365 267 1410 ipso
293 1365 387 1398 etiam
412 1372 559 1407 auctore,
584 1367 639 1411 qui
663 1367 704 1412 (§.
723 1368 811 1412 215)
830 1374 956 1400 sextum
973 1380 1083 1401 casum

124 1440 196 1461 cum
217 1427 427 1472 popularibus
447 1428 513 1460 suis
529 1428 692 1472 (Oudend.
709 1429 749 1462 ad
768 1427 890 1474 Appul.
904 1430 930 1463 l.
949 1442 979 1474 p.
994 1429 1084 1475 540)

122 1496 158 1523 ut
182 1503 277 1535 supra
299 1491 455 1523 formavit.

196 1574 218 1596 a
230 1562 396 1609 juvando]
434 1563 549 1596 Ciecro
573 1563 626 1609 (N.
649 1564 692 1596 D.
715 1564 755 1606 2,
784 1564 858 1610 26).
895 1565 1000 1598 Varro
1026 1565 1081 1610 (de

121 1627 160 1660 L.
183 1627 221 1659 L.
242 1628 275 1660 4.
296 1640 328 1672 p.
353 1640 393 1659 m.
417 1627 495 1671 22):
521 1628 634 1671 »Quae
657 1627 731 1660 ideo
757 1629 884 1660 videtur
911 1640 928 1660 a
952 1628 1080 1660 Latinis

121 1689 210 1722 Juno
230 1690 354 1722 Lucina
375 1689 470 1730 dicta,
492 1690 580 1732 quod
600 1695 734 1730 terram,
756 1695 792 1720 ut
811 1689 937 1733 physici
958 1690 1080 1729 dieunt,

116 1754 213 1799 juvat
229 1759 261 1785 ct
277 1753 388 1785 lucem
421 1752 517 1784 Adde
535 1752 741 1792 Fulgentium
760 1752 870 1796 (myth.
887 1753 922 1794 2,
939 1754 974 1785 5.
986 1766 1017 1797 p.
1030 1752 1079 1785 69

121 1814 273 1859 munds).

197 1895 229 1922 et
249 1887 378 1934 Jovem]
411 1888 546 1920 Praeter
570 1886 761 1920 Ciceronem
785 1886 819 1931 (l.
840 1899 867 1920 e.
890 1885 954 1932 23)
970 1886 1078 1919 Varro

122 1954 175 1998 (L.
195 1952 234 1984 L.
255 1951 296 1992 4,
323 1950 385 1994 58)
417 1950 508 1994 »quia
531 1961 643 1981 omnes
658 1950 792 1994 juvat«,
819 1956 852 1982 et
879 1949 1008 1982 Gellius
1028 1950 1077 1994 (5,

124 2015 201 2059 12).
223 2015 358 2046 »Jovem
375 2012 484 2044 Latini
504 2017 629 2044 veteres
650 2023 669 2042 a
677 2012 826 2057 juvando
849 2012 1076 2057 appellaverat·

121 2078 217 2113 Adde
241 2075 390 2109 Servium
414 2075 467 2120 (ad
483 2074 567 2106 Aen.
588 2075 621 2115 1,
642 2074 706 2119 47)
731 2080 764 2107 ct
785 2075 946 2107 Isidorum
969 2075 1076 2120 (etym.

122 2146 163 2187 8,
187 2143 250 2183 11,
277 2141 337 2174 54.
368 2153 399 2185 p.
422 2140 496 2172 582
520 2138 643 2183 Arcu).

197 2220 264 2250 sive
287 2215 330 2262 te]
358 2216 406 2248 Ita
432 2215 588 2247 Horatius
614 2215 661 2260 (in
686 2227 780 2248 carm.
803 2215 900 2250 secul.
925 2215 1001 2263 15)=

180 2279 272 2312 ·Siue
293 2285 328 2311 ta
348 2279 473 2311 Lucina
494 2279 610 2322 probas
632 2279 757 2310 vocari«
781 2284 841 2312 cet.

124 2350 154 2378 et
173 2343 235 2376 alio
257 2343 330 2375 loeo
353 2342 399 2386 (in
423 2347 481 2374 sat.
503 2343 543 2383 2,
567 2344 607 2383 G,
632 2342 710 2387 20)=

182 2407 359 2439 „Matutine
378 2411 490 2448 pater,
513 2418 570 2438 seu
591 2407 679 2439 June
703 2407 854 2441 libentius
875 2408 998 2442 audis..

123 2469 173 2504 lta
193 2467 318 2501 Statius
340 2467 456 2511 (Theb.
479 2467 517 2508 1,
545 2468 647 2512 717)=

176 2551 223 2558 —-
239 2549 286 2556 —·
303 2548 351 2556 --
372 2542 447 2563 »seu
466 2535 496 2564 le
517 2543 643 2565 roseum
669 2533 786 2568 Titana
807 2536 919 2569 vocari

1187 720 1303 754 Gentis
1323 722 1562 756 Achaemeniae
1583 726 1663 766 ritu,
1685 736 1744 759 seu
1764 731 1909 770 praestat
1932 726 2046 760 Osirin

1184 782 1414 828 Frtht’femaem,
1439 797 1514 818 seui«
1550 789 1620 820 cct.'

1136 845 1340 888 Quibuscum
1364 848 1494 882 omnino
1514 850 1749 892 comparandus
1766 849 1916 883 Martiani
1931 849 2096 896 popularis

1136 905 1271 951 (Appul.
1300 913 1374 940 met.
1398 909 1439 949 6,
1475 920 1506 953 p.
1525 910 1600 942 588
1624 909 1723 954 Oud.)
1749 911 1782 944 in
1803 911 1948 955 Psyches
1969 914 2009 945 ad
2034 913 2094 945 Ju-

1136 981 1253 1001 noncm
1270 974 1302 1001 et
1324 970 1357 1014 (1
1368 971 1400 1004 1.
1416 981 1447 1014 p.
1467 970 1550 1003 755.
1566 971 1653 1017 762)
1670 972 1704 1004 in
1719 972 1813 1005 Lucii
1832 974 1872 1006 ad
1889 974 2009 1007 Isidem
2024 987 2096 1020 pre·

1135 1033 1235 1065 cibus.
1260 1032 1394 1065 Servius
1410 1045 1539 1080 quoqne
1552 1034 1607 1081 (ad
1622 1034 1708 1070 Aen.
1724 1038 1757 1079 1,
1774 1038 1827 1082 8):
1844 1038 1958 1081 -Juno,
1979 1039 2096 1084 inquit,

1135 1096 1234 1129 multa
1255 1097 1352 1129 habet
1380 1098 1546 1140 nomina«,
1578 1104 1610 1132 et
1635 1099 1696 1144 (ad
1723 1100 1808 1133 Aen.
1835 1101 1925 1147 1V):
1950 1096 2098 1147 „Ju'pitei-

1135 1159 1350 1203 omnipotens,
1369 1171 1426 1192 seu
1443 1172 1507 1205 quo
1528 1160 1591 1193 alio
1611 1162 1740 1195 nomine
1758 1164 1911 1207 appellari
1928 1164 2099 1207 volueris„

1134 1233 1199 1266 quo
1223 1222 1263 1254 de
1284 1233 1373 1254 more
1400 1235 1498 1255 unum
1520 1223 1723 1269 eundemque
1747 1225 1842 1258 deum
1867 1226 1976 1258 multis
1994 1226 2096 1258 nomi-

1133 1286 1228 1318 nihus
1246 1285 1416 1320 invocandi
1433 1288 1578 1321 conferre
1598 1288 1675 1321 lieet
1691 1294 1838 1321 nostrum
1861 1290 2004 1322 inferiori
2021 1291 2095 1323 loco

1133 1347 1175 1393 (ἓ.
1202 1347 1304 1392 192),
1333 1348 1563 1393 Spanhcmium
1587 1350 1641 1395 (ad
1668 1351 1795 1384 Gallim.
1811 1352 1918 1395 hymn.
1936 1352 1969 1384 in
1997 1353 2092 1384 Dian.

1134 1413 1168 1446 7.
1187 1423 1217 1455 p.
1239 1411 1335 1455 129),
1355 1413 1536 1455 Stanlcjum
1554 1413 1608 1458 (ad
1628 1413 1749 1446 Acsch.
1763 1414 1878 1457 Agam.
1896 1417 1987 1457 1685
2013 1417 2094 1448 Pro-

1132 1475 1229 1505 meth.
1254 1474 1287 1514 5,
1310 1472 1415 1517 210),
1438 1472 1605 1519 Aristoph.
1623 1474 1657 1506 in
1681 1475 1771 1508 Plut.
1789 1488 1820 1518 p.
1842 1477 1934 1517 111,
1961 1483 1993 1508 ct
2012 1489 2094 1521 quae

1131 1536 1201 1581 ipse
1229 1536 1305 1567 olim
1331 1536 1423 1568 attuli
1448 1537 1495 1581 (in
1516 1537 1677 1581 palaeogr.
1701 1549 1743 1568 cr.
1765 1537 1825 1569 ΠΙ.
1847 1537 1876 1583 §.
1899 1539 1994 1582 114).

1203 1597 1382 1641 Lucinam]
1418 1599 1540 1632 Notum
1577 1600 1640 1630 hoc
1674 1598 1754 1631 deae
1791 1611 1971 1642 cognomen
2008 1602 2094 1647 apud

1130 1669 1242 1689 omnes
1269 1656 1312 1700 (v.
1328 1661 1394 1688 not.
1413 1657 1519 1701 sequ.)
1540 1656 1722 1703 legiturque
1746 1665 1810 1692 tam
1833 1661 1867 1693 in
1887 1662 2029 1706 lapidum
2053 1664 2091 1695 ti-

1130 1719 1208 1751 tulis
1231 1717 1341 1761 (Grut.
1364 1718 1425 1758 24,
1447 1719 1503 1750 16.
1526 1719 1612 1760 690,
1635 1720 1666 1751 5.
1698 1722 1805 1762 1009,
1831 1723 1887 1755 12.
1911 1725 2020 1765 1010,
2048 1726 2094 1767 1),

1130 1792 1227 1825 quam
1253 1779 1288 1812 in
1314 1779 1421 1811 munis
1448 1780 1589 1824 (Rasche
1612 1779 1675 1813 lex.
1695 1782 1734 1823 2,
1759 1783 1793 1815 2.
1821 1796 1853 1828 p.
1875 1785 2001 1829 1154),
2028 1799 2092 1830 quo

1129 1844 1258 1888 quitlem
1272 1843 1461 1886 cognomine
1477 1843 1567 1876 «Iuno
1582 1857 1655 1878 cum
1669 1846 1774 1878 Diana
1789 1847 1855 1880 fere
1877 1850 2091 1881 confunditur.

1128 1907 1245 1940 Latino
1263 1906 1440 1951 respondet
1459 1906 1619 1940 Graecum
1630 1909 1688 1944 Ao
1689 1908 1765 1954 χία
1781 1910 1990 1955 (Artemidor.
2004 1914 2090 1946 onei-

1127 1969 1234 2002 rocrit.
1258 1969 1298 2009 2,
1324 1970 1384 2001 55.
1411 1981 1443 2013 p.
1464 1969 1535 2002 125
1556 1970 1705 2015 Rigalt).

1204 2031 1290 2078 quod
1312 2028 1430 2076 lucem]
1465 2031 1557 2064 Idem
1585 2037 1715 2076 etymon
1740 2044 1758 2065 a
1783 2033 1947 2080 plerisque
1974 2049 2089 2082 appro-

1126 2094 1222 2126 batur
1241 2095 1353 2139 (Paus.
1377 2097 1410 2136 7,
1436 2096 1502 2137 25,
1523 2097 1557 2128 5.
1582 2097 1651 2130 Cic.
1675 2097 1717 2130 Ν.
1741 2097 1782 2129 D.
1806 2099 1848 2139 2,
1870 2099 1928 2132 27.
1953 2101 2042 2134 cht.
2059 2114 2088 2134 v,

1127 2159 1277 2203 supercil.
1302 2158 1437 2191 Tertull.
1460 2158 1500 2191 de
1530 2160 1634 2192 anima
1660 2159 1748 2205 57),
1780 2162 1857 2194 licet
1887 2164 1940 2196 alii
1970 2177 1989 2197 a
2017 2167 2086 2197 luen

1127 2234 1246 2256 nomen
1268 2222 1429 2255 deducant
1453 2222 1551 2267 (Plin.
1577 2224 1637 2265 16,
1665 2223 1726 2265 44,
1756 2225 1818 2268 85)
1838 2227 1889 2258 vel
1912 2227 2001 2259 dubii
2021 2228 2084 2258 sint

1126 2285 1160 2318 in
1182 2285 1323 2317 eruenda
1352 2285 1423 2327 ejus
1449 2285 1571 2328 origiue
1598 2286 1708 2332 (ovid.
1731 2288 1802 2319 fast.
1825 2289 1865 2330 2,
1888 2289 1973 2322 449.
1999 2291 2083 2321 456.

1127 2351 1163 2391 6,
1191 2350 1251 2382 59.
1282 2349 1401 2381 catull.
1420 2350 1481 2391 54,
1509 2351 1566 2383 12.
1591 2350 1662 2395 16).
1693 2352 1862 2396 Templum
1886 2352 1981 2394 liujus
2005 2353 2082 2384 deae

1127 2413 1161 2446 in
1186 2412 1297 2457 quinta
1320 2418 1389 2445 erat
1407 2413 1497 2445 urbis
1520 2415 1652 2457 regione
1670 2414 1712 2460 (v.
1734 2415 1773 2446 P.
1797 2414 1931 2458 Victor).

1202 2475 1391 2523 Lucetium]
1425 2476 1520 2511 Sicut
1547 2478 1679 2523 Jupiter
1707 2478 1876 2518 Lucetius,
1916 2477 1962 2509 sic
1991 2477 2080 2511 Juno

1125 2536 1259 2572 Lucetia
1278 2538 1413 2583 dicitur3
1440 2545 1475 2574 ut
1492 2544 1526 2575 et
1545 2540 1680 2582 Lucina,
1705 2538 1790 2585 quod
1808 2543 1914 2571 tamen
1931 2540 2078 2573 nonnulli
