2310 2860
752 253 1603 321 MARTIANI

956 411 1067 454 ΜΙΝ
1070 410 1128 454 ΕΙ
1170 410 1395 455 FELICIS

196 548 1063 649 GAPE

1225 549 2152 676 LLAE,

801 732 874 776 AF
877 730 939 775 RI
984 731 1429 777 CARTHAGINIEN
1436 734 1515 776 SIS
1524 765 1536 787 ‚

502 988 1832 1067 RHETORIOA

578 1275 772 1349 Interea
802 1319 985 1348 sonuere
1016 1305 1166 1356 tubae,
1207 1318 1455 1359 mucusque
1485 1321 1561 1362 per
1593 1305 1787 1349 aethram

581 1386 763 1438 Cantus,
806 1396 845 1428 et
873 1387 1013 1441 ignoto
1045 1385 1213 1427 coelum
1246 1386 1442 1441 clangore
1472 1388 1679 1441 remugit3

576 1467 761 1509 Turbati
792 1481 1009 1524 expavere
1039 1466 1128 1517 dei,
1176 1467 1422 1522 vulgusque
1457 1469 1678 1510 minorum

572 1547 838 1590 Coelicolum
870 1548 1072 1605 trepidat,
1115 1563 1345 1590 causarum
1379 1558 1417 1589 et
1450 1549 1589 1590 nescia
1626 1549 1755 1591 corda

570 1628 779 1681 Haerent,
811 1639 851 1670 et
880 1629 1034 1671 veteris
1057 1637 1322 1670 renovantur
1348 1628 1528 1669 crimina
1552 1628 1770 1684 Phlegrae.

246 1769 450 1819 Vulqusque]
485 1770 536 1803 De
558 1771 629 1803 istis
655 1771 716 1803 diis
745 1771 922 1803 minoribus
948 1771 1020 1803 vide
1046 1782 1128 1815 quae

1179 1770 1388 1804 Auxiliantur
1410 1771 1443 1804 in
1469 1771 1597 1816 epilogo
1624 1772 1720 1815 hujus
1742 1772 1815 1805 libri
1839 1772 1874 1807 V
1894 1773 2006 1806 verba:
2031 1774 2136 1818 »pige—

168 1844 263 1877 supra
284 1833 325 1878 (ἓ.
349 1835 409 1867 45.
430 1836 510 1867 167.
537 1835 634 1878 257).
661 1835 872 1866 Inferioribus
897 1847 1026 1880 quoque
1047 1835 1128 1867 loeis
1177 1834 1224 1865 hit
1242 1846 1328 1866 arma
1348 1834 1512 1866 horruisse
1528 1834 1810 1868 caelites.«Susms
1829 1835 1875 1879 (in
1893 1835 2026 1868 Gurlitti
2043 1837 2136 1868 anim.

167 1895 208 1940 (ἓ.
223 1898 308 1929 810.
333 1898 420 1941 906)
442 1910 553 1930 eorum
576 1899 610 1929 fit
638 1899 767 1930 mentio.

239 1959 375 1991 haerent
397 1958 441 2004 et]
466 1959 521 1990 Dii
545 1959 684 1990 minores
707 1959 855 1991 tubarum
881 1959 1048 1991 audientes
1073 1971 1124 1992 so-

164 2020 266 2053 nitum
294 2034 474 2066 raucosque
502 2027 631 2063 cantus,
664 2034 717 2054 res
739 2023 816 2066 quid
844 2023 905 2055 sibi
927 2023 1020 2064 velit,
1051 2035 1122 2055 nes-

163 2082 300 2124 cientes,
323 2096 405 2116 vano
427 2084 541 2116 timore
566 2084 754 2116 afficiuntur.
781 2083 899 2116 Omnia
917 2084 1011 2130 plana
1031 2097 1121 2130 prae-

162 2150 210 2177 ter
232 2148 318 2180 hune
342 2159 478 2179 versum.
515 2148 648 2181 Minime
677 2148 761 2180 enim
783 2154 935 2181 renovata
962 2155 1036 2181 sunt
1062 2149 1120 2181 cri-

159 2207 244 2240 mina
270 2209 445 2251 Phlegrae,
481 2211 537 2242 sed
564 2223 679 2242 vanum
703 2210 801 2242 fuisse
825 2217 945 2243 metum
970 2223 1044 2243 mox
1073 2211 1118 2244 vi-

160 2268 277 2301 debant
294 2271 436 2304 eoelites.
468 2271 506 2305 Si
532 2272 612 2303 illud
632 2279 834 2305 renovantur
855 2273 972 2318 exponi
991 2280 1117 2318 posset:

157 2331 191 2363 in
223 2332 406 2365 memoriam
442 2334 574 2366 deorum
604 2335 741 2367 redeunt
775 2335 906 2367 erimina
939 2336 1116 2378 Plilegrae3

156 2393 235 2426 nihil
260 2396 446 2428 mutandum
471 2403 566 2430 esset.
606 2399 705 2443 Quod
730 2412 828 2445 quum
853 2400 1034 2443 negandum
1057 2400 1114 2443 sit5

156 2470 279 2492 meeum
301 2461 422 2493 scribe.-

211 2522 388 2566 »}Iorrent,
422 2534 463 2558 ne
487 2527 606 2558 veteris
630 2532 826 2562 renoventur
851 2530 988 2563 crimina
1013 2529 1108 2561 Phle-

551 2600 657 2632 gyrata«

1176 1896 1287 1939 partie.
1305 1896 1340 1937 4,
1360 1909 1392 1940 p.
1406 1895 1452 1939 3).
1470 1915 1518 1920 —
1552 1895 1709 1941 Speciosa
1744 1897 1942 1940 conjectura,
1976 1905 2008 1930 at
2033 1899 2135 1930 neuti-

1177 1969 1272 2000 quam
1298 1969 1383 1991 vera.
1425 1959 1591 1990 Renovari
1615 1958 1700 1990 enim
1731 1959 1902 1992 memoriae
1931 1960 2132 2002 significatio-

1174 2032 1247 2052 nem
1279 2021 1398 2053 habere
1429 2032 1526 2065 posse
1559 2022 1685 2053 abunde
1713 2023 1850 2066 probant
1878 2023 1941 2055 loci
1965 2023 2132 2056 Ciceronis

1174 2085 1265 2128 (orat.
1285 2085 1325 2126 2,
1350 2084 1428 2129 48):
1445 2085 1586 2117 »animos
1609 2086 1752 2130 equitum
1772 2086 1812 2117 ad
1831 2086 2004 2131 Caepionis
2023 2088 2130 2119 odium

1171 2148 1366 2179 renovabam
1397 2152 1493 2191 atque
1520 2149 1744 2189 revocabam«,
1772 2154 1804 2181 et
1828 2148 1982 2181 Auctoris
1996 2150 2035 2181 ad
2062 2150 2127 2181 lle-

1170 2209 1316 2240 rennium
1340 2210 1393 2253 (2,
1418 2209 1497 2253 50)=
1527 2210 1741 2242 »enumeratio
1766 2215 1830 2250 est,
1861 2223 1923 2254 qua
1948 2211 2126 2253 colligimus

1170 2290 1218 2297 —-
1236 2273 1354 2316 quihus
1379 2273 1419 2305 de
1442 2273 1539 2305 rebus
1558 2274 1655 2306 verba
1678 2274 1862 2315 fecerimus,
1894 2280 1929 2306 nt
1953 2280 2126 2306 renovetur

1169 2337 1298 2370 oratiom
1345 2337 1518 2369 Praeterea
1546 2339 1681 2371 haerent
1708 2339 1748 2370 ad
1788 2340 1895 2370 nescia
1931 2338 2026 2370 eorda
2062 2342 2123 2368 lam

1166 2399 1291 2442 egregie
1317 2399 1467 2443 quadrat,
1490 2405 1525 2431 ut
1548 2400 1692 2432 mutandi
1713 2412 1808 2433 causa
1828 2399 1915 2430 nulla
1935 2404 2094 2442 appareat.

1238 2461 1410 2508 Phlegrae]
1440 2463 1596 2506 Gigantes
1626 2464 1797 2506 significat,
1831 2473 1911 2505 quos
1937 2462 2019 2493 sama
2053 2468 2121 2494 erat

1162 2536 1179 2557 e
1211 2524 1399 2566 Phlegraeis
1436 2527 1556 2572 campis
1587 2525 1711 2560 coelum
1738 2525 1866 2557 adortos
1891 2534 1980 2564 esse3
2036 2525 2119 2557 unde

1159 2587 1309 2621 Lucanus
1334 2588 1371 2633 (9
1377 2611 1387 2630 ,
1413 2588 1515 2632 656);
