2310 2860
224 178 314 222 488

796 174 995 218 Martiani
1024 175 1224 233 Capellae
1250 175 1324 219 lib.
1349 176 1426 218 VI.
1452 178 1481 229 §.
1506 177 1605 218 576.

227 295 287 326 est
326 293 365 325 et
401 295 512 339 quae
548 290 680 323 totam
725 281 926 324 fabellam
967 282 1020 325 ab
1057 281 1458 326 inchoamentorum
1497 294 1620 326 motu
1659 283 1894 341 limineque
1931 287 2174 344 susceperit,

229 365 363 406 Satira
402 363 659 418 iocabunda:
690 364 734 405 ni
772 365 919 416 fallor,
967 364 1128 420 inquit,
1175 365 1301 408 Felix
1333 381 1456 408 meus
1487 366 1728 423 plurimum
1762 366 2009 423 affatimque
2047 368 2174 418 olivi,

229 453 528 502 quantumque
558 446 786 502 palaestras
817 447 1014 503 perluere
1044 447 1113 490 vel
1140 448 1281 504 sponsi
1312 448 1442 504 ipsius
1472 458 1632 504 posset,
1681 449 1902 505 superfluo
1947 448 2175 505 perdidisti,

225 523 533 582 dispendiaque
565 526 640 568 lini
669 526 923 584 perflagrata
955 543 1124 571 cassum
1162 528 1394 572 devorante
1428 529 1689 580 Mulciberm
1733 530 1810 585 qui
1844 539 1904 571 tot
1932 530 2173 586 gymnasio-

227 620 329 648 rum
364 622 412 648 ae
450 618 667 650 tantorum
705 609 888 652 heroum
918 619 1102 652 matrem
1132 608 1450 665 Philosophiam
1486 624 1571 651 non
1603 609 1810 665 agnoscis,
1856 609 2004 651 saltem
2038 623 2178 666 quum

226 701 304 742 per
351 702 446 729 eam
489 688 653 745 Jupiter
696 689 865 732 dudum
913 691 1099 733 coelestis
1150 691 1392 734 consultum
1432 700 1600 732 senatus
1644 691 1926 747 tabulamque
1964 691 2179 746 vulgaret,

227 781 455 824 quumque
493 769 547 813 ad
578 770 834 827 Philologiae
874 770 1134 813 concilianda
1177 771 1386 812 consortia
1421 786 1601 827 procum
1650 772 1826 813 affatum
1872 770 2180 813 connubialiter

107 844 187 885 ³577
220 847 441 904 allegaret,
471 865 525 892 ne
550 860 652 893 tunc
678 867 775 894 eam
796 867 972 894 noscere
997 851 1195 909 potuisti?
1233 851 1316 893 Sed
1342 852 1444 907 quia
1466 867 1581 894 nunc
1608 853 1869 895 Arcadicum
1893 868 1942 894 ac
1963 852 2180 894 Midinuni

226 927 359 983 sapiS,
401 931 739 987 praesertimque
777 947 831 974 ex
871 947 959 989 quo
997 932 1216 975 desudatio
1254 947 1446 988 curaque
1475 933 1698 977 districtior
1727 934 1802 976 tibi
1838 933 2014 976 forensis
2046 933 2179 975 rabu-

302 1050 335 1078 et
352 1044 454 1093 quae]
482 1046 594 1081 Malim
610 1054 725 1096 »atque
738 1067 786 1073 -—
801 1052 968 1094 suscepi&
990 1049 1106 1084 Susa-s
1131 1049 1178 1094 (in

229 1106 361 1141 Gurlitt.
382 1110 475 1142 anim.
493 1116 573 1154 part.
593 1113 634 1153 4,
655 1125 687 1156 p.
701 1112 748 1156 9).

301 1170 390 1216 olivi]
416 1172 482 1203 Pro
505 1173 583 1212 olei,
611 1178 648 1204 ut
666 1173 823 1206 Martialis
851 1175 904 1218 (4,
928 1176 992 1216 89,
1016 1175 1068 1217 8):

285 1233 392 1264 »Dum
411 1245 532 1277 parvus
553 1233 689 1278 lychnus
706 1236 862 1268 modicum
882 1241 1047 1268 consumat
1077 1233 1171 1267 olivi«

227 1294 383 1329 Nimirum
418 1297 469 1330 hic
502 1309 630 1341 qnoque
663 1299 916 1332 lucubrationem
949 1299 988 1331 ad
1016 1300 1180 1330 lucernam

226 1360 373 1403 respicit3
407 1362 464 1393 sed
495 1367 530 1392 ut
552 1362 648 1393 simul
671 1368 703 1394 et
723 1363 924 1394 notissimum
946 1364 1026 1394 illud
1049 1373 1178 1408 prover-

225 1423 312 1454 bium
337 1429 460 1465 tangat:
487 1436 616 1469 operam
640 1431 672 1457 et
693 1425 799 1458 oleum
823 1426 958 1471 perdidi,

300 1485 421 1532 sponsi]
445 1487 612 1528 Mercurii,
647 1489 877 1532 palaestrarum
906 1488 1049 1521 custodis
1075 1494 1108 1520 et
1130 1493 1179 1520 tu-

226 1548 323 1589 toris,
356 1555 391 1579 ut
420 1560 534 1580 sensus
567 1550 623 1590 sit,
655 1556 778 1581 tantum
803 1562 874 1582 eum
904 1550 966 1582 olei
989 1549 1179 1594 perdidisse,

227 1616 380 1653 quantum
405 1612 551 1643 omnibus
574 1613 741 1656 palaestris
765 1613 842 1644 satis
867 1619 963 1647 esset.
996 1612 1073 1646 Olei
1102 1623 1180 1645 usus

226 1672 260 1703 in
287 1673 454 1716 palaestris
478 1679 574 1704 notus
599 1680 658 1706 est.

302 1732 373 1777 lini]
400 1734 579 1778 Ellychnii,
606 1733 860 1781 θρυαλλίδος.
874 1735 1037 1768 Gnor.—-
1062 1736 1181 1778 Recte,

226 1796 304 1828 licet
325 1808 397 1828 eum
415 1797 563 1829 vocabuli
589 1810 680 1829 usum
703 1799 786 1842 apud
810 1799 889 1830 alios
912 1811 978 1831 non
997 1799 1179 1844 repererim.

228 1860 398 1901 Ceterum,
429 1866 464 1891 ut
493 1861 620 1892 omnino
648 1862 765 1903 figuras
795 1863 957 1894 cumulare
987 1852 1071 1895 ainat
1094 1863 1181 1896 Mar-

228 1921 351 1962 tianus,
383 1923 580 1967 pmflagyrata
606 1924 773 1965 dispendia
799 1923 878 1954 dixit
906 1936 965 1968 per
989 1924 1182 1968 hypallagen

228 1995 288 2028 pro
317 1985 491 2027 dispendiis
521 1986 711 2030 Pfflflssffl'ah'
743 1986 820 2022 lini,
855 1986 994 2030 itemque
1022 2000 1079 2031 per
1108 1999 1180 2031 pro-

229 2045 334 2088 lepsin
344 2045 451 2087 junxit
465 2048 661 2090 perfla-qrala
681 2047 866 2086 devorante,
885 2061 981 2092 quum
999 2049 1180 2081 devorando

230 2107 357 2138 demum
386 2108 659 2150 perflagrarentur.

306 2169 458 2215 offitium]
489 2170 611 2214 Recepi
642 2181 659 2201 e
689 2170 797 2203 codiee
819 2171 1009 2204 Monacensi
1034 2172 1102 2217 (C)
1122 2183 1180 2217 pro

231 2233 376 2277 affatim,
403 2234 490 2278 quod
513 2233 604 2264 nihili
630 2240 711 2274 erat,
736 2234 1128 2280 Dai·1ustattensiquoque
1149 2236 1182 2268 in

231 2304 340 2342 partes
361 2297 520 2338 veniente,
546 2297 602 2328 ubi
623 2297 736 2340 adfatu
752 2298 876 2340 legitur.
903 2298 970 2331 Sed
988 2312 1046 2344 pro
1067 2299 1182 2344 supino

231 2360 412 2391 habendum
437 2365 502 2399 est,
525 2364 561 2391 ut
579 2370 693 2390 sensus
714 2360 770 2400 sit,
791 2360 1032 2404 Philosophiam
1049 2361 1088 2393 ad
1104 2361 1183 2392 Phi-

231 2423 370 2464 lologiae
399 2424 526 2467 nuptias
552 2423 766 2454 conciliandas
797 2423 951 2466 allegasse
981 2425 1049 2457 scil.
1072 2425 1182 2457 Philo,

233 2485 366 2526 logiam,
406 2490 443 2516 ut
471 2496 601 2528 procum
633 2484 864 2516 connubialiter
900 2487 1055 2518 affaretur.
1098 2486 1182 2519 Vide

234 2558 330 2590 supra
356 2544 396 2590 (ξ.
416 2547 484 2579 151
511 2551 543 2578 et
568 2546 607 2577 de
635 2550 764 2578 senatus
787 2546 934 2578 consulto
958 2545 986 2591 §
1002 2547 1074 2590 96).

309 2622 349 2641 nc
376 2608 464 2654 lune]
501 2609 587 2651 Lege
617 2622 674 2642 uec
703 2616 779 2643 lunc
808 2609 859 2643 vel
883 2622 923 2642 ne
948 2616 1024 2642 lunc
1051 2612 1186 2657 quidem.

1228 1051 1390 1084 011013-
1409 1052 1509 1094 Quod
1526 1065 1567 1084 ne
1585 1053 1800 1085 necessarium
1820 1058 1923 1096 putes,
1945 1053 2055 1084 confer
2069 1051 2179 1083 Ruhn-

1227 1113 1355 1144 lzenium
1380 1113 1432 1156 (ad
1457 1114 1557 1144 Rutil.
1581 1114 1709 1157 Lupum
1733 1127 1764 1157 p.
1781 1113 1864 1156 129)
1885 1119 1917 1145 et
1941 1113 2104 1145 Plumium
2126 1112 2179 1155 (ad

1228 1173 1376 1205 Persium
1394 1175 1432 1214 5,
1463 1175 1551 1214 1723
1578 1187 1608 1217 p.
1626 1174 1723 1218 466).

1302 1235 1518 1281 Arcadicum]
1552 1238 1626 1270 Hoc
1656 1243 1706 1269 est
1736 1240 1908 1269 asininum.
1946 1236 2070 1269 Asinus
2095 1237 2180 1269 enim

1228 1310 1326 1343 pecus
1350 1297 1544 1330 Arcadicum
1572 1304 1630 1329 est.
1672 1298 1730 1331 Sic
1761 1299 1952 1340 Fulgentius
1986 1297 2180 1330 »Arcadicos

1231 1372 1361 1391 sensus«
1387 1359 1475 1390 dixit.
1486 1359 1591 1392 Gne-r.
1607 1378 1646 1383 —
1665 1358 1762 1392 Adde
1782 1359 1994 1392 »Arcadicum
2005 1359 2173 1402 juvenem«

1231 1421 1316 1467 apud
1338 1420 1530 1453 Juvenalcm
1553 1420 1601 1465 (7,
1626 1421 1721 1464 160).

1304 1481 1481 1530 Midinum]
1507 1482 1580 1516 MS.
1593 1483 1765 1516 Midinum.
1781 1482 1878 1516 Urbis
1889 1483 2019 1516 Mideae
2039 1481 2183 1516 meminit

1229 1544 1412 1578 Homerus:

1287 1607 1356 1643 »OE
1378 1618 1419 1642 τε
1441 1605 1754 1655 πολυστάφυλον
1778 1607 1913 1656 Ἄρνην
1941 1610 2049 1654 ἕχον,
2077 1606 2119 1643 οἳ
2140 1618 2182 1642 τε

1627 1670 1809 1705 Μίδειαν.

1231 1733 1300 1768 Sed
1324 1733 1466 1766 Menrsio
1489 1745 1561 1765 meo
1583 1733 1709 1764 videtur
1730 1734 1894 1766 BIidinum
1915 1745 1932 1765 a
1953 1733 2042 1766 Mida
2065 1730 2181 1764 deduc-

1232 1801 1316 1836 tum,
1342 1795 1433 1837 cujus
1451 1795 1609 1826 stoliditas
1624 1800 1710 1827 nota.
1734 1795 1822 1837 Ergo
1837 1794 2049 1827 ”Arcadicum
2069 1806 2106 1826 ae
2122 1793 2183 1827 Mi-

1233 1859 1342 1891 dinum
1380 1859 1482 1903 sapis«
1516 1859 1601 1890 idem
1643 1864 1693 1890 est
1725 1859 1812 1903 quod
1843 1859 1943 1890 »asini
1985 1858 2018 1890 in
2053 1857 2184 1890 modum

1233 1928 1372 1967 stupes«
1405 1922 1488 1954 Nam
1512 1922 1621 1954 asinus
1640 1935 1739 1966 pecus
1763 1922 1957 1953 Arcadicum
1978 1927 2043 1962 est,
2071 1926 2104 1953 et
2124 1920 2183 1953 Mi-

1233 1987 1290 2018 das
1319 1983 1399 2016 asini
1428 1996 1520 2016 ames
1544 1985 1695 2017 habuisse
1723 1985 1827 2017 dictus
1853 1990 1986 2030 propter
2011 1984 2184 2017 stultitiam.

1234 2048 1395 2081 Gnor.—
1418 2046 1520 2077 Unice
1548 2058 1658 2079 verum
1692 2047 1810 2079 vidisse
1833 2047 2024 2086 Meni-sium,
2058 2045 2111 2077 vix
2135 2049 2184 2076 est

1233 2108 1321 2153 quod
1343 2119 1507 2148 moneam3
1533 2114 1727 2154 quapropter
1743 2115 1776 2140 et
1791 2109 1954 2140 Mtdinum
1972 2106 2101 2150 reposui
2123 2118 2183 2151 pro

1232 2172 1420 2209 Medinum,
1443 2172 1529 2214 quod
1548 2172 1581 2203 in
1603 2172 1697 2204 editis
1715 2176 1790 2202 crat.
1818 2170 1970 2203 Ceterum
1988 2170 2183 2202 constructio

1233 2241 1284 2268 est
1311 2240 1345 2266 ut
1375 2235 1459 2278 apud
1483 2235 1632 2266 Persium
1656 2234 1708 2277 (1,
1734 2232 1786 2275 8):
1814 2245 1931 2278 »quum
1959 2233 2098 2279 sapimus
2127 2245 2182 2278 pa-

1235 2305 1353 2332 truos.«

1306 2373 1348 2393 ex
1376 2360 1458 2408 quo]
1489 2358 1548 2394 Sic
1573 2359 1676 2392 codex
1702 2358 1986 2401 Darmstattensi53
2017 2360 2112 2403 vulgo
2142 2372 2184 2393 ex

1234 2424 1289 2456 illo
1314 2434 1387 2470 quo.

1308 2482 1460 2529 forensis]
1487 2483 1684 2515 Forensibus
1705 2483 1809 2517 causis
1835 2483 1965 2525 agendis
1993 2483 2185 2516 Martianum

1237 2552 1424 2590 occupatum
1444 2545 1542 2577 fuisse
1563 2557 1627 2577 non
1650 2558 1689 2577 ex
1713 2547 1774 2577 hoe
1793 2546 1897 2577 solum
1918 2545 1990 2577 loco
2009 2550 2108 2590 patet,
2128 2545 2186 2577 scd

1238 2623 1277 2641 cx
1301 2610 1440 2642 iul'eriori
1464 2610 1556 2641 eliam
1580 2610 1740 2653 (§.1>2)8):
