2310 2860
738 122 938 163 Martiani
970 120 1168 176 Capellae
1197 120 1269 162 lib.
1292 119 1366 162 Vl.
1405 120 1436 170 ᾗ.
1457 117 1558 158 626.

178 246 278 288 pens
318 231 477 273 telluris
517 229 789 284 complexum
837 228 1056 268 intersecat
1105 226 1376 268 multitudine
1416 225 1665 266 fluviorum.

2037 119 2124 160 515

1731 224 1950 279 Europam
1983 234 2122 266 tamen

176 314 394 356 terminari
434 310 696 367 Propontidis
731 310 926 352 faucibus
958 309 1114 355 dixere
1135 321 1266 362 quam
1300 305 1496 362 plurimi,
1540 319 1650 360 quae
1680 305 1899 361 Propontis
1929 320 2005 362 per
2048 319 2122 351 au-

176 403 295 448 gusta
325 393 581 435 descendens
614 391 667 432 ad
700 391 956 433 Maeotidem
991 404 1166 447 quoque
1200 388 1428 445 perfertur.

957 547 1037 588 DE
1076 543 1356 587 HISPANIA.

347 655 546 710 Europae
595 664 740 695 tamen
794 652 1053 709 principium
1097 648 1649 705 inchoamentiq'ue'limen
1696 648 1922 705 Hispaniae
1966 648 2122 689 contri-
2148 645 2236 688 627

180 733 358 786 butum,
410 733 534 774 fertili
576 733 750 788 frugum
797 733 1054 787 opimaeque
1106 730 1370 785 provinciae,

1430 729 1699 770 metallorum
1748 729 1928 784 aurique
1966 729 2103 770 fetura
2114 759 2126 780 ,

179 810 312 862 minii,
344 814 591 865 marmoris,
620 827 981 869 gemmarumque
1012 812 1264 853 muneribus
1295 811 1625 868 praedicanda03
1651 825 1761 865 quac
1793 812 1981 866 quidem,
2011 805 2129 864 quod

180 890 292 932 Iberi
332 893 518 934 fluminis
559 895 803 935 interrivata
838 903 996 945 tractu,
1042 893 1177 934 amnis
1218 893 1284 933 sui
1314 893 1470 933 meruit
1500 901 1841 947 cognomentum.
1894 891 2027 944 Cujus
2057 889 2129 930 illa

181 981 275 1024 τοὺς
303 985 374 1028 μὲν
401 993 486 1027 τοῖς
511 994 704 1032 ποταμοῖς
727 992 888 1035 διαιρεῖν
909 986 1049 1031 αὐτὰς,
1077 988 1134 1036 τῷ

181 1056 222 1079 τε
248 1046 382 1093 Nemqo
409 1047 473 1082 καὶ
502 1049 557 1095 τῷ
582 1049 757 1092 Tamion,
785 1047 933 1095 νήσους
965 1046 1135 1095 ἀποφαί-

180 1118 339 1150 νοντας,
367 1105 461 1148 τούς
482 1121 522 1144 τε
546 1116 630 1149 τοῖς
653 1111 825 1154 ἰσθμοῖς,
854 1110 909 1157 τῷ
926 1122 967 1144 τε
988 1108 1135 1154 μεταξύ

181 1167 254 1215 τῆς
267 1170 451 1211 Ηασπιάς
469 1171 533 1206 καὶ
550 1171 621 1218 τῆς
636 1172 832 1219 Ποντικῆς
847 1169 1052 1217 θαλάσσης
1071 1170 1135 1206 καὶ

181 1232 238 1280 τῷ
255 1231 402 1276 μεταξύ
423 1234 494 1280 τῆς
513 1235 685 1282 ἐρυθρᾶς
704 1234 769 1270 καὶ
789 1236 860 1270 τοῦ
881 1232 1136 1281 ἐκρήγματοςε

183 1299 217 1325 ct
238 1292 436 1338 Appulejum
463 1297 516 1338 (de
541 1297 658 1328 mundo
684 1309 716 1339 p.
734 1298 818 1329 505.
843 1292 916 1329 504
943 1297 1058 1339 Oud.)=
1085 1297 1136 1328 »in

184 1356 341 1389 divisione
363 1365 515 1391 terrarum
532 1359 618 1390 orbis
635 1361 749 1391 Asiam
768 1365 800 1390 et
816 1360 995 1403 Europam,
1016 1365 1049 1390 et
1065 1371 1137 1390 cum

185 1418 251 1458 his,
280 1419 362 1450 sicut
391 1420 514 1463 plures,
549 1420 691 1452 Africam
720 1420 899 1463 accepimus
917 1439 963 1444 —-
993 1420 1075 1452 Asia
1098 1420 1137 1451 ab

186 1483 342 1524 angustiis
370 1484 499 1515 Pontici
523 1485 633 1523 maris,
668 1496 770 1527 usque
797 1484 836 1515 ad
861 1484 938 1514 alias
964 1483 1137 1524 angustias,

185 1558 268 1590 quae
296 1547 380 1578 inter
407 1546 582 1578 Arabicum
607 1547 711 1579 sinum
740 1552 774 1578 et
796 1547 956 1578 interioris
987 1546 1139 1578 ambitum

185 1607 291 1652 pelagi
314 1607 417 1649 jacet,
457 1609 748 1652 constringitur-que
782 1607 907 1640 Oceani
937 1608 1066 1649 cingulo
1090 1625 1139 1630 —

184 1668 314 1712 quidam
338 1669 378 1701 ab
399 1669 531 1701 exordio
554 1670 672 1701 Tanais
693 1667 795 1714 u'sque
817 1670 859 1701 ad
884 1681 938 1701 ora
955 1669 1022 1702 Nili
1039 1670 1139 1702 Asiae

186 1732 340 1764 terminos
364 1733 566 1765 metiuntmw

260 1795 379 1841 Nilus]
406 1796 525 1829 Strabo
551 1797 603 1841 (1,
625 1809 658 1840 p.
677 1798 725 1829 55·
756 1796 908 1838 Casauh.)
927 1802 1032 1827 tamen
1057 1795 1139 1827 »ele-

188 1857 349 1898 gantiores
375 1858 480 1890 sinum
502 1857 677 1890 Arabicum
699 1858 947 1890 commodiorem
969 1857 1064 1888 finem
1086 1858 1140 1887 lia-

189 1918 266 1950 bere
293 1919 338 1950 ait
361 1931 456 1962 quam
482 1919 608 1959 Nilum,
644 1918 801 1962 siquidem
828 1918 883 1949 ille
911 1918 1141 1961 propemodum

191 1982 231 2015 ab
259 1993 323 2014 nno
350 1982 430 2013 mari
460 1983 502 2014 ad
533 1982 667 2013 alterum
698 1982 828 2013 omnino
859 1986 1020 2024 penetret,
1046 1980 1141 2012 Nilus

191 2046 232 2077 ab
253 2045 386 2078 Oceano
404 2046 512 2078 multis
530 2046 672 2089 partibus
691 2045 818 2086 longius
841 2044 960 2084 absit«,
986 2044 1040 2088 qui
1058 2044 1142 2076 enim

191 2107 282 2151 primi
312 2108 421 2139 Nilum
449 2108 544 2139 finem
577 2108 734 2146 fecerant,
764 2112 798 2137 et
820 2106 924 2149 ipsum
951 2111 983 2137 et
1008 2106 1141 2137 Tanaim

191 2169 352 2202 Phasinve
378 2181 419 2201 ex
441 2169 574 2201 Oceano
602 2169 743 2199 defluere
763 2167 883 2211 opinati
906 2172 1004 2198 erant.

266 2230 457 2276 Propontis]
490 2231 577 2262 Mela
601 2230 659 2273 (1,
687 2229 742 2272 {):
768 2229 852 2260 »Ubi
875 2229 1010 2272 primum
1031 2240 1067 2260 se
1090 2239 1143 2260 eo-

195 2297 306 2331 aretat,
330 2293 563 2335 Hellespontus
582 2291 776 2335 appellatur,
803 2290 994 2334 Propontis,
1017 2289 1072 2321 nbi
1090 2301 1143 2321 ex-

195 2355 323 2400 pandit,
348 2355 404 2386 ubi
424 2355 538 2386 iterum
556 2355 683 2398 pressit,
705 2354 863 2387 Thracius
879 2354 1064 2398 Bosporus,
1090 2353 1146 2384 uhi

197 2419 312 2450 iterum
336 2417 485 2458 effundit,
508 2418 633 2449 Pontus
657 2418 821 2458 Euxinus,
846 2429 910 2462 qua
933 2417 1042 2461 paludi
1062 2428 1146 2449 com-

199 2480 348 2519 mittitur,
370 2478 563 2512 Cimmcrius
584 2478 767 2522 Bosporus,
795 2479 887 2523 palus
909 2479 979 2522 ipsa
995 2476 1149 2516 Maeotis,

199 2543 260 2576 hoc
280 2542 358 2576 mari
380 2548 412 2576 et
431 2541 555 2575 duobus
578 2541 696 2575 inclitis
714 2542 869 2583 amnibus,
892 2541 996 2575 Tanai
1011 2547 1043 2574 et
1062 2540 1148 2582 Nilo,

1185 989 1218 1021 iu
1244 995 1308 1021 tres
1338 994 1444 1033 partes
1468 989 1649 1020 universum
1676 987 1852 1021 dix-iditum
1884 986 1979 1019 Adde
1996 985 2129 1019 Strabo-

1186 1063 1257 1083 nem
1282 1052 1335 1095 (2,
1364 1064 1396 1095 p.
1417 1051 1497 1081 124.
1525 1051 1594 1082 125
1621 1049 1784 1091 Cacaub.).

1261 1111 1414 1156 angusta]
1440 1111 1498 1144 Sic
1521 1111 1634 1154 scripsi
1655 1123 1673 1142 e
1698 1110 1860 1142 codicibus
1882 1108 2130 1142 Monacensibus

1187 1169 1243 1212 (Α.
1262 1176 1303 1218 C)
1328 1180 1360 1206 et
1381 1174 1627 1206 Darmstatteusi
1649 1186 1729 1217 eque
1751 1173 1891 1214 margine
1916 1173 1989 1203 libri
2009 1172 2132 1203 Nol-im-

1186 1236 1352 1278 bergensis
1374 1247 1432 1280 pro
1454 1241 1645 1280 anqustum,
1669 1235 1756 1278 quod
1775 1234 1909 1267 Grotius
1931 1233 1972 1265 dc
1995 1245 2054 1265 sno
2080 1233 2134 1264 dc·

1187 1299 1273 1329 disse
1295 1298 1435 1339 videtur,
1462 1309 1560 1342 quum
1583 1297 1758 1329 anteriores
1785 1296 1943 1328 editiones
1964 1301 2134 1340 [inglusiem

1187 1359 1350 1390 haberent.

1261 1419 1400 1465 opimae]
1430 1421 1550 1453 Confer
1570 1421 1713 1464 inprimis
1729 1420 1878 1452 Solinum
1899 1419 2135 1463 (polyhistr25)

1190 1488 1223 1515 et
1239 1483 1404 1514 Justinum
1427 1483 1505 1525 (44,
1531 1481 1581 1524 1):
1602 1481 1704 1512 »Hinc
1722 1486 1897 1524 temperato
1919 1481 2035 1519 calore,
2063 1480 2138 1510 inde

1189 1547 1335 1579 felicibus
1361 1552 1394 1577 et
1419 1544 1616 1589 tempestivis
1641 1544 1794 1575 imbribus
1820 1544 1854 1575 in
1882 1543 1988 1575 omnia
2012 1544 2138 1584 frugum

1190 1621 1307 1651 genera
1334 1607 1470 1640 secunda
1497 1612 1561 1647 est,
1592 1607 1672 1638 adeo
1697 1612 1731 1637 ut
1753 1618 1818 1638 non
1842 1606 1921 1650 ipsis
1944 1611 2065 1637 tautum
2091 1606 2136 1637 in-

1190 1671 1287 1711 colis,
1319 1681 1427 1701 verum
1456 1668 1551 1701 etiam
1575 1667 1685 1699 Italiae
1708 1667 1843 1710 urbique
1866 1668 1988 1698 Romae
2012 1672 2137 1699 cuncta-

1191 1744 1261 1764 rum
1283 1743 1387 1762 rerum
1404 1729 1595 1761 abundantia
1613 1729 1755 1760 sufficiat.
1780 1728 1868 1760 Hinc
1884 1727 1968 1759 enim
1990 1739 2056 1759 non
2076 1727 2140 1758 fru-

1191 1796 1291 1828 menti
1310 1800 1431 1826 tantum
1447 1805 1560 1835 magna
1578 1793 1669 1836 copia
1690 1797 1755 1832 est,
1782 1804 1892 1824 verum
1911 1797 1943 1823 et
1963 1791 2043 1831 vini,
2064 1791 2140 1823 mel·

1190 1859 1248 1900 lis,
1270 1858 1415 1902 oleique3
1441 1869 1500 1888 nee
1522 1856 1597 1888 ferri
1615 1856 1718 1887 solum
1739 1855 1869 1886 materia
1891 1855 2062 1899 praecipua
2081 1860 2141 1895 est,

1190 1921 1250 1953 sed
1274 1926 1306 1951 et
1327 1931 1481 1963 equorum
1502 1917 1648 1962 pernices
1671 1928 1802 1959 greges,
1828 1928 1888 1949 nec
1911 1929 2053 1948 summae
2075 1922 2140 1947 tan-

1191 1990 1259 2016 tum
1282 1988 1384 2014 terrae
1412 1981 1571 2013 laudanda
1603 1981 1704 2021 hona,
1733 1992 1842 2011 verum
1863 1985 1896 2011 et
1923 1980 2142 2011 abstrusorum

1193 2047 1392 2080 metallorum
1416 2045 1525 2077 felices
1546 2044 1685 2076 divitiae.
1726 2044 1800 2075 Jam
1823 2043 1881 2074 lini
1908 2043 2071 2087 spartique
2095 2042 2142 2072 wis

1192 2111 1324 2151 ingens,
1351 2107 1439 2138 minii
1462 2111 1549 2138 certe
1571 2105 1659 2136 nulla
1685 2103 1819 2136 feracior
1841 2109 1953 2136 terra.«
1985 2104 2078 2135 Unde
2101 2103 2140 2134 si-

1193 2172 1260 2204 mul
1293 2175 1423 2214 apparet
1451 2169 1563 2200 salsam
1589 2180 1662 2199 esse
1685 2167 1830 2199 codicum
1857 2166 2141 2206 Reichenauensis‚

1191 2230 1473 2270 Darmstattcnsis,
1500 2235 1535 2261 et
1556 2229 1760 2262 Monacensis
1787 2229 1952 2272 utriusque
1974 2228 2142 2260 lectionem

1191 2295 1268 2325 miri
1300 2304 1357 2336 pro
1399 2293 1510 2331 minii,-
1556 2290 1628 2322 vide
1660 2295 1691 2321 et
1718 2289 1910 2321 salmasium
1938 2288 2000 2331 (ad
2037 2287 2142 2320 Solin.

1194 2368 1227 2399 p.
1242 2352 1341 2396 267).
1368 2352 1519 2384 Gemmas
1535 2352 1659 2393 Tagum
1684 2351 1765 2381 ferre
1789 2349 1874 2382 Mela
1895 2349 1948 2393 (5,
1978 2347 2013 2392 1)
2033 2355 2144 2382 auctor

1196 2423 1257 2450 est.
1283 2416 1382 2448 Plura
1403 2415 1490 2447 dabit
1505 2415 1645 2447 Uliertus
1663 2414 1714 2458 (T.
1731 2413 1764 2445 11
1771 2436 1781 2454 ,
1798 2413 1836 2444 P.
1852 2413 1883 2451 1,
1901 2424 1930 2456 p.
1942 2412 2016 2445 525
2032 2414 2145 2457 sequ.).

1271 2478 1377 2509 αηιηῐε
1403 2476 1475 2522 sui]
1511 2476 1669 2510 Nimirum
1704 2480 1740 2506 ut
1776 2474 1885 2505 Iberia
1915 2473 2145 2519 appellaretur,

1202 2539 1275 2573 vide
1295 2539 1450 2571 Ukertum
1470 2539 1522 2583 (T.
1536 2538 1585 2580 II,
1611 2537 1692 2575 ΡΛ,
1710 2547 1740 2577 p.
1753 2533 1852 2576 255).

1655 2595 1703 2628 65
1727 2592 1749 2618 ²³³
