2310 2860
170 151 262 196 552

719 144 919 188 Martiani
958 143 1158 201 Capellae
1195 143 1268 186 lib.
1290 143 1367 187 IV.
1405 146 1436 197 ᾗ.
1459 144 1562 187 552.

47 265 139 308 552
172 256 393 316 probatur.
439 254 539 306 Quo
562 251 673 295 dieto
705 267 845 309 quum
877 251 1120 308 complures
1147 251 1354 304 deorum,
1384 262 1595 308 quantum
1628 252 1848 307 decuerat,
1880 254 2126 306 arriderent,

169 340 307 383 Pallas
337 338 554 393 aliquanto
592 336 835 377 eoneussior
864 336 1007 389 jocum
1040 333 1291 389 emergentis
1323 333 1527 386 inhibuit,
1560 349 1802 377 memorans
1833 335 1944 377 hanc
1976 336 2125 378 admo-

169 422 277 465 dum
306 420 510 470 sobriam‚
541 419 660 475 quod
685 417 946 475 quibusdam
973 416 1081 459 divis
1107 415 1274 472 penitus
1298 414 1570 471 denegatum,
1602 417 1729 458 etiam
1755 418 1864 458 inter
1887 431 2125 472 germanas,

169 518 282 561 quae
308 500 556 559 probandae
574 510 674 543 sunt
698 501 893 551 acriores,
926 513 950 541 a
971 498 1090 540 nullo
1121 511 1265 553 posse,
1296 511 1437 552 quum
1468 506 1623 538 asserta
1648 497 1891 553 protulerit,
1922 495 2126 548 derideri3

169 584 242 627 illa
277 593 440 635 autem,
480 597 594 639 quae
622 583 666 624 in
698 589 1001 638 argumentum
1045 577 1212 620 virosae
1250 577 1485 619 assertionis
1523 578 1868 633 acrimoniaeque
1904 576 2127 627 detulerat,

44 662 136 706 555
164 664 332 707 tradere
367 678 463 705 eam
493 663 633 718 jubet,
666 677 714 704 ac
737 677 781 703 se
812 661 867 703 ad
896 659 1176 702 insinuandae
1208 658 1417 700 sollertiae
1456 658 1653 700 habitum
1685 674 1948 715 comparare.
2000 658 2127 698 Tunc

165 744 321 788 lubrici
343 744 491 801 anguis
522 744 744 786 circulatos
774 743 898 785 orbes
933 753 972 784 et
1006 742 1146 783 hiatus
1178 754 1319 796 quum
1350 741 1667 793 Grammatico,
1698 755 1811 796 quae
1845 739 2125 781 insinuatione

164 836 338 883 peracta
360 841 495 882 prope
524 825 736 878 adstabat,
769 825 959 881 accipere
990 821 1263 874 formidaret,
1293 822 1372 877 ipsi
1402 821 1550 871 divae,
1584 836 1696 877 quae
1719 822 1845 862 etiam
1872 820 2125 862 Medusaeos

167 909 303 950 crines
337 907 549 960 edomuit,
596 922 697 949 cum
736 906 881 963 figuris
925 905 1108 947 illicibus
1152 913 1191 945 et
1227 903 1408 945 hamatis
1442 903 1521 943 illis
1553 902 1749 944 formulis
1790 902 2126 944 committuntur.

164 990 228 1034 Ita
260 990 405 1032 crinali
435 989 588 1031 decore
622 1003 742 1031 mera
772 986 971 1043 Cecropis
1003 995 1132 1041 atque
1161 984 1298 1025 Attica
1327 982 1654 1038 comprobatur,
1693 982 1974 1038 maximeque
2006 982 2126 1038 quod

167 1086 261 1113 eam
293 1071 568 1127 palliatorum
599 1070 787 1125 populus
826 1078 866 1109 et
895 1067 1052 1122 Grajae
1081 1064 1313 1120 juventutis
1352 1061 1496 1102 electio
1527 1061 1809 1116 sequebatur,
1853 1062 2124 1117 prudentiam

163 1153 349 1196 feminae
372 1152 682 1208 ingeniumque
715 1150 881 1190 mirata.
920 1148 1085 1202 Jupiter
1118 1154 1259 1186 autem
1284 1139 1522 1197 judicandis
1550 1140 1865 1196 implendisque
1898 1143 2124 1184 virtutibus

163 1245 379 1293 posteram
415 1232 636 1276 Romuleis
668 1231 831 1275 viribus
862 1230 1042 1284 Grajam
1078 1225 1302 1269 aestimans
1333 1223 1572 1275 levitatem,
1619 1221 1831 1279 quidquid
1870 1232 2009 1264 nosset
2038 1223 2123 1274 illa,

162 1400 320 1447 Cecropis
340 1407 435 1446 atque
454 1398 565 1433 Attica
587 1398 841 1444 comprobatum«
861 1396 1024 1429 Gno'r.—-·
1042 1395 1119 1427 Edi-

162 1464 253 1496 dcrat
286 1464 370 1495 enim
404 1464 600 1506 comprobat,
641 1461 728 1504 quod
764 1459 910 1492 codicum
943 1458 1118 1491 Monacen-

162 1526 244 1558 sium
269 1525 322 1569 (C.
338 1525 378 1568 F)
402 1524 589 1556 auctoritate
610 1522 744 1555 correxi.

236 1593 395 1635 quatitum
416 1583 588 1629 decuerat]
619 1583 744 1615 Nimius
767 1582 852 1614 euim
877 1581 960 1613 risus
983 1582 1117 1623 gravita-

159 1654 225 1681 tem
245 1649 457 1690 ingenuorum
481 1646 661 1685 hominum,
689 1644 807 1676 nedum
831 1643 978 1683 deornm,
1003 1642 1116 1674 decere

159 1722 225 1741 nou
246 1709 431 1749 videbatur3
459 1720 522 1752 qua
545 1707 580 1738 in
602 1718 636 1737 re
661 1706 757 1737 Plato
781 1704 918 1749 (republ.
940 1706 980 1745 5,
996 1717 1027 1748 p.
1040 1706 1114 1736 588

157 1772 292 1817 Steph.)
321 1772 436 1803 acriter
461 1770 666 1817 reprehendit
689 1770 887 1809 Homerum,
920 1768 975 1813 qui
1004 1768 1055 1812 (ll.
1075 1768 1114 1809 1,

158 1837 244 1880 599)
273 1836 414 1867 dixerat:

214 1895 424 1937 »Ἄσβεστος
443 1892 536 1943 ὃ’ἄρ’
569 1893 716 1941 ἐνῶρτο
748 1891 876 1939 γέλως
904 1888 1114 1940 μακάρεσσι»

553 1957 712 1991 &sozom

154 2020 251 2052 Adde
276 2019 412 2050 eundem
437 2018 489 2062 (de
511 2018 636 2059 legibus
658 2019 698 2057 5,
727 2029 761 2062 p.
783 2016 875 2060 752)
894 2020 927 2051 ct
951 2015 1113 2049 Aristote-

156 2083 219 2114 lem
240 2080 346 2125 (ethic.
370 2080 495 2113 Nicom.
513 2079 553 2119 4,
584 2080 624 2119 8,
652 2078 720 2121 10).

230 2139 432 2185 concussior]
462 2140 622 2171 ferocior.
634 2140 739 2173 vum
760 2156 809 2163 —-
839 2138 1033 2171 Commotior
1055 2150 1110 2183 po-

155 2204 234 2244 tius,
266 2201 533 2247 quemadmodum
560 2200 716 2241 Virgilius
742 2200 798 2232 illo
824 2201 921 2232 verbo
947 2199 1052 2245 (Aen.
1071 2201 1111 2242 5,

157 2266 229 2298 700
252 2270 284 2296 et
307 2264 393 2295 869.
426 2264 487 2303 11,
517 2261 605 2304 451)
633 2261 672 2292 de
693 2261 797 2292 animo
819 2267 978 2294 commoto
1002 2262 1110 2294 utitur.

230 2323 382 2369 sobriam]
407 2323 447 2355 Id
468 2328 517 2353 est
533 2323 716 2354 „honestam
735 2334 833 2354 essm«
851 2323 1011 2355 VULc.--
1026 2324 1111 2356 Mar-

153 2388 235 2423 (iani
269 2400 399 2420 sensum
429 2385 556 2417 minime
590 2384 674 2429 cepit
713 2385 759 2416 vir
792 2385 922 2427 doctus3
961 2386 988 2417 si
1018 2387 1113 2419 verba

155 2463 240 2497 quae
268 2456 446 2495 sequuntur
470 2448 622 2490 legisset,
654 2449 794 2480 sobrium
825 2449 984 2492 primitivo
1015 2462 1112 2482 sensu

155 2515 373 2560 accipiendum
395 2525 466 2546 esse
485 2511 714 2553 intellexisset5
739 2511 859 2556 pariter
874 2512 957 2544 enim
972 2513 1022 2545 hie
1036 2514 1112 2547 Pal-

155 2579 204 2612 las
227 2578 339 2629 pungit
361 2577 524 2613 Bacchum
547 2581 643 2620 atque
665 2575 746 2608 iufra
769 2573 812 2620 (ξ.
829 2574 917 2619 424)
935 2576 1109 2611 Dialectica

1169 1391 1249 1435 ipsa.
1288 1389 1389 1434 Quod
1415 1389 1590 1434 reliquum,
1619 1396 1668 1423 est
1703 1396 1779 1435 post
1814 1390 2006 1435 denegatum
2040 1390 2125 1436 apud

1170 1453 1320 1487 Grotium
1340 1455 1460 1494 delevi,
1492 1454 1667 1486 seeundum
1688 1454 1816 1487 codices
1841 1454 2055 1488 Monacenses
2070 1455 2122 1499 (C.

1166 1517 1223 1561 F),
1256 1518 1569 1558 Reichenaueusem,
1594 1522 1626 1549 et
1645 1518 1942 1549 Dal-mstattensem.

1242 1580 1397 1625 acriores]
1423 1581 1512 1622 Lege
1529 1582 1696 1614 acriorem.
1712 1580 1875 1612 GnoT.—-
1895 1580 2035 1613 Causam
2055 1592 2121 1613 non

1166 1643 1338 1687 perspicio,
1357 1656 1416 1675 nec
1436 1643 1610 1687 quidquam
1626 1649 1725 1683 muto,
1745 1643 1820 1676 lieet
1841 1643 2046 1677 Monacensis
2063 1645 2121 1689 (C)

1165 1704 1280 1736 habeat
1306 1707 1451 1749 qeminas
1477 1717 1534 1748 pro
1560 1717 1749 1749 9e1712a22a55
1783 1717 1894 1737 omnes
1923 1706 2006 1738 enim
2035 1712 2120 1739 artes

1165 1768 1289 1801 sororio
1310 1768 1438 1802 vinculo
1466 1768 1551 1801 inter
1577 1780 1611 1801 se
1639 1768 1844 1802 continentur
1866 1768 1908 1814 (ξ.
1928 1771 2011 1802 581.
2038 1771 2120 1803 706.

1165 1831 1262 1876 725)

1237 1891 1377 1939 virosae]
1399 1892 1448 1925 Ita
1462 1892 1494 1924 in
1510 1892 1619 1925 codice
1635 1893 1823 1926 Monacensi
1837 1893 1902 1939 (C).
1928 1894 2004 1938 Quo
2022 1907 2120 1928 sensu

1163 1957 1345 2000 acceperint
1371 1956 1506 1989 Grotius
1531 1957 1693 2001 ceterique
1720 1957 1927 2002 interpreteS,
1970 1959 2058 2002 quod
2084 1952 2124 1992 in¹

1162 2018 1256 2049 editis
1280 2018 1415 2059 legitur,
1440 2031 1591 2058 ver-osae,
1614 2019 1699 2050 haud
1720 2031 1884 2062 assequor.
1913 2020 2049 2052 Virosus
2063 2031 2118 2052 au—

1161 2084 1225 2112 tem
1248 2093 1266 2112 a
1290 2083 1380 2112 virus
1402 2087 1451 2112 est
1472 2082 1574 2125 (Virg.
1599 2094 1705 2123 georg.
1727 2083 1764 2122 1,
1798 2083 1855 2114 58.
1881 2081 1993 2114 Sidon.
2021 2083 2114 2126 epist.

1162 2143 1201 2184 5,
1229 2144 1260 2174 7.
1277 2142 1299 2174 s.
1322 2155 1353 2186 p.
1374 2143 1445 2174 157
1473 2142 1569 2175 Sirm.
1593 2143 1774 2174 Nemesian.
1797 2154 1907 2185 cyneg.
1927 2143 2024 2186 225).

1233 2203 1350 2250 prope]
1375 2204 1466 2237 Alibi
1492 2205 1543 2250 (ξ.
1561 2207 1643 2238 214.
1672 2207 1755 2238 665.
1781 2207 1861 2237 705.
1890 2206 1980 2250 729)
2005 2213 2116 2240 noster

1160 2274 1313 2312 propter,
1336 2267 1602 2310 quemadmodum
1626 2272 1658 2298 et
1674 2267 1938 2298 Darmstattcnsis
1961 2268 2062 2301 codex
2083 2276 2116 2302 et

1164 2342 1273 2372 margo
1296 2330 1450 2363 Gratiana
1469 2330 1618 2364 hocloco
1636 2329 1740 2361 hahet.
1768 2329 1836 2362 Sed
1859 2332 1982 2363 servavi
2004 2331 2114 2365 lectio·

1163 2405 1236 2425 nem
1262 2391 1431 2433 vulgatam.

1238 2454 1300 2497 ipsi
1323 2450 1436 2497 divae]
1472 2451 1638 2484 Palladem
1668 2451 1841 2493 significat,
1871 2453 1962 2495 eujus
1994 2454 2113 2488 auxilio

1161 2515 1303 2549 Perseus
1327 2514 1486 2546 saxificam
1508 2514 1675 2545 Medusam
1702 2513 1869 2546 interfecit.
1883 2514 1989 2550 Vunc.

1234 2574 1410 2621 posteram]
1437 2575 1634 2609 Inferiorem.
1648 2575 1750 2609 VULC.
1763 2595 1809 2601 —
1835 2575 2112 2619 Quemadmodum

1898 2677 1913 2694 fi
