2310 2860
268 211 355 253 142

846 207 1047 249 Martiani
1078 204 1279 262 Capellae
1315 205 1387 247 lib.
1410 204 1465 247 II.
1502 207 1534 258 §.
1555 206 1652 250 102.

155 318 241 361 102
269 318 515 375 copuletur,
561 330 614 358 ex
650 315 832 373 nuptiali
871 313 1145 371 congruentia
1172 327 1357 354 numero
1390 313 1614 369 conquirit.
1670 314 1866 371 Moxque
1894 330 2054 358 nomen
2083 329 2227 367 suum,

264 399 534 455 Cylleniique
565 398 829 440 vocabulum
860 396 950 451 (sed
978 410 1064 438 non
1096 393 1215 451 quod
1246 393 1285 435 ei
1311 393 1532 435 dissonans
1562 393 1843 451 discrepantia
1871 397 2117 448 nationum,
2148 411 2228 437 nee

267 481 426 523 diversi
462 480 653 537 gentium
689 480 795 522 ritus
835 494 912 536 pro
950 478 1147 520 locorum
1186 475 1322 517 causis
1367 475 1642 531 cultibusque
1678 474 1864 532 finxere3
1920 492 2076 520 verum
2119 476 2226 518 illud

267 559 389 621 quod
424 560 611 602 nascenti
658 560 710 602 ab
759 561 849 617 ipso
889 559 995 601 Jove
1038 557 1203 600 siderea
1245 558 1565 614 nuncupatione
1604 567 1898 614 compactum,
1943 574 1991 601 ac
2021 574 2097 616 per
2138 558 2227 600 sola

262 643 577 700 Aegyptiorum
618 652 861 684 commenta
905 641 1152 697 vulgatum,
1198 640 1329 682 fallax
1368 640 1618 682 mortalium
1658 640 1875 682 curiositas
1917 643 2143 694 asseverat)
2184 641 2228 681 in

261 726 412 781 digitos
443 723 751 781 calculumque
781 723 1004 765 distribuit.

1065 724 1133 765 Ex
1165 738 1253 779 quo
1285 722 1460 764 finalem
1490 722 1695 779 utrinque
1724 723 1892 764 literam
1921 724 2071 776 sumit,
2115 736 2229 779 quae

261 806 432 847 numeri
462 807 654 862 primum
686 806 1014 862 perfectumque
1043 806 1281 848 terminum
1312 803 1482 847 claudit.
1541 804 1711 845 Dehinc
1748 803 1855 846 illud
1887 804 2005 860 quod
2048 805 2090 847 in
2120 805 2229 847 fanis

262 885 462 926 omnibus
492 886 699 927 soliditate
730 887 828 927 cubi
861 902 907 928 ac
937 886 1139 930 dominus
1171 887 1389 930 adoratur.
1438 886 1627 929 Literam
1661 901 1863 943 quoque,
1896 901 2032 943 quam
2061 887 2229 929 bivium

261 1021 335 1065 quia
361 1025 393 1051 et
418 1032 513 1065 supra
537 1019 578 1065 (ξ.
596 1020 657 1065 76)
679 1026 790 1053 nostcr
809 1027 953 1064 pennata
974 1021 1162 1066 scripserat,
1190 1025 1222 1053 et

260 1085 340 1116 infra
364 1082 406 1128 (ἓ.
428 1085 516 1129 579)
542 1084 638 1127 liujus
663 1084 846 1129 scriptionis
870 1085 1026 1117 rationem
1051 1087 1151 1118 affert.

339 1146 484 1193 numero]
519 1148 584 1180 Pro
614 1151 774 1189 numeris,
808 1161 866 1193 per
888 1160 1048 1180 numeros.
1088 1148 1140 1180 De
1162 1149 1224 1179 hoc

261 1210 390 1242 cabalae
421 1223 536 1253 genere
566 1211 713 1255 pluribus
737 1212 812 1244 olim
842 1212 888 1257 (in
913 1212 1140 1257 palaeograph.
1163 1210 1223 1243 ΠΙ.

261 1273 291 1318 ἓ.
312 1275 383 1306 142
410 1286 500 1319 sequ.
526 1276 614 1319 227)
637 1276 696 1318 egi.
729 1275 825 1308 Adde
850 1276 1031 1320 exemplum
1057 1287 1097 1307 ex
1126 1273 1223 1307 Arte-

260 1337 383 1369 midoro
407 1338 602 1382 (oneirocrit.
630 1340 670 1380 2,
703 1341 760 1371 75.
784 1353 815 1384 p.
836 1341 924 1380 1383
953 1341 988 1380 5,
1011 1340 1070 1373 54.
1096 1351 1127 1383 p.
1152 1340 1223 1371 178

261 1399 406 1443 Rigalt).

338 1473 455 1493 nomen
478 1461 584 1507 snum]
613 1460 845 1508 Φιλολυγία,
877 1462 969 1504 eujus
1000 1460 1138 1493 nominis
1165 1473 1222 1493 nu-

261 1536 368 1557 merus
388 1530 439 1557 est
457 1526 634 1558 seeundum
652 1526 760 1558 literas
777 1525 991 1559 Graecanicas
1005 1524 1223 1559 DCCXXIV.

262 1587 367 1620 Gnor.

337 1651 539 1696 Cylleniique
563 1647 767 1693 uocabulum]
794 1649 1000 1682 Vocabulum
1021 1650 1083 1681 hoc
1114 1649 1221 1680 admo-

260 1714 337 1746 dum
366 1713 461 1745 torsit
491 1713 618 1756 ineptos
653 1713 860 1754 glossatores.
899 1712 969 1745 Nos
998 1709 1120 1748 Θωὺθ·
1148 1724 1220 1744 esse

260 1775 457 1816 invenimus,
490 1773 577 1817 quod
603 1774 755 1805 Mercurii
782 1774 866 1818 apud
892 1772 1073 1818 Aegyptios
1102 1786 1221 1806 nomen

260 1850 354 1870 nenio
378 1837 489 1869 nescit.
523 1836 630 1878 Hujus
659 1837 783 1867 numeri
807 1837 900 1878 juxta
925 1837 1069 1869 Graecos
1094 1839 1220 1870 charac-

261 1907 349 1932 teres
364 1898 586 1931 MCCXVIH.
603 1898 757 1930 Gnor.-
771 1898 960 1929 Tenendum
977 1903 1082 1930 autem
1103 1896 1223 1933 Θωύθ-

260 1970 324 1995 tam
349 1962 500 1996 Mercurii
527 1973 620 2005 quam
646 1961 737 2005 primi
766 1961 885 1992 mensis
908 1974 1025 1992 nomen
1049 1962 1134 2005 apud
1156 1961 1221 1992 Ae-

261 2026 388 2070 gyptios
410 2025 509 2056 fuisse
535 2024 619 2067 (Cic.
636 2023 677 2056 N.
694 2023 737 2055 D.
755 2024 788 2054 5.
813 2023 871 2054 22.
906 2023 957 2055 Cf.
983 2023 1052 2054 Pal.
1078 2023 1146 2056 erit.
1173 2024 1222 2056 W

262 2089 292 2134 ἓ.
315 2090 411 2132 604).

339 2148 468 2195 diffitos]
495 2149 583 2182 Satis
614 2153 689 2180 nota
720 2148 798 2179 haee
831 2147 1035 2192 computandi
1058 2148 1140 2180 ratio
1173 2154 1222 2179 est

263 2213 433 2254 (Svoweri
459 2213 577 2256 polym.
607 2224 632 2243 c.
659 2213 692 2243 7.
718 2224 748 2254 p.
773 2212 820 2242 58
853 2223 942 2254 sequ.
980 2211 1120 2244 Fabricii
1143 2212 1220 2244 bibl.

264 2279 337 2311 Lat.
354 2277 393 2308 T.
409 2276 467 2308 HI.
487 2290 516 2320 p.
531 2278 604 2309 585
627 2275 705 2307 Ern.
723 2275 859 2317 Bergler
881 2275 920 2307 ad
936 2274 1082 2320 Alciphr.
1100 2289 1131 2320 p.
1151 2277 1221 2308 108

262 2346 295 2371 et
320 2338 450 2370 inferior
470 2338 507 2369 ad
529 2336 556 2381 ξ.
575 2337 647 2369 745
669 2336 748 2380 not.)
773 2336 913 2368 Maxime
939 2337 1034 2369 etiam
1061 2337 1221 2370 celebrata

263 2409 332 2435 erat
362 2407 466 2434 statua
506 2401 566 2433 viri
601 2400 707 2443 digitis
743 2402 955 2445 computantis
990 2401 1156 2447 exsculpta
1184 2401 1223 2433 ab

265 2466 428 2499 Euholide
459 2464 562 2510 (Plin.
588 2465 653 2505 54,
686 2466 726 2505 8,
758 2464 826 2506 29)
864 2466 983 2509 pariter
1020 2471 1115 2510 atque
1148 2465 1225 2497 Jani

264 2534 369 2560 statua
395 2527 438 2573 (v.
462 2527 532 2559 Pal.
555 2526 623 2558 crit.
646 2525 706 2558 III.
729 2525 759 2570 ἓ.
779 2527 862 2559 250.
881 2527 966 2560 256.
983 2527 1082 2573 454).
1113 2526 1224 2571 Atque

262 2594 344 2624 iufra
370 2591 411 2637 (ἓ.
428 2590 515 2634 729)
531 2589 742 2623 Arithmetica
766 2589 879 2622 eodem
903 2591 1107 2636 computandi
1130 2592 1226 2623 modo

265 2656 374 2687 utitur.
418 2654 512 2687 Adde
544 2652 742 2699 Appulejum
774 2653 826 2698 (de
859 2667 939 2698 mag.
969 2669 1002 2701 p.
1030 2656 1102 2689 579
1124 2654 1225 2698 Oud.)

1272 1020 1342 1054 Nec
1364 1025 1486 1053 tantum
1510 1032 1678 1061 numeros,
1703 1020 1761 1053 sed
1783 1021 1877 1053 etiam
1899 1020 2009 1053 literas
2035 1020 2141 1063 digitis
2168 1020 2228 1062 sig-

1272 1083 1418 1115 nificatas
1442 1095 1525 1123 esse,
1547 1083 1692 1115 Isidorus
1715 1082 1825 1127 (etym.
1844 1084 1877 1124 1,
1897 1083 1946 1115 26
1966 1083 1987 1115 f.
2007 1095 2038 1127 p.
2053 1083 2102 1115 42
2118 1081 2230 1125 Arev.)

1274 1145 1514 1177 demonstravit.

1346 1205 1539 1251 terminum]
1571 1206 1680 1237 Litera
1708 1205 1828 1246 Theta,
1863 1217 1925 1250 qua
1953 1205 2145 1237 novenarius
2172 1216 2229 1236 nu-

1274 1281 1380 1301 merus
1404 1270 1600 1315 exprimitur.
1633 1269 1762 1301 Primus
1787 1269 1871 1301 enim
1895 1281 2100 1301 numerorum
2124 1267 2229 1300 termi-

1274 1345 1336 1366 nus
1362 1346 1482 1366 enncas
1510 1339 1577 1375 est,
1610 1333 1684 1377 qnia
1709 1333 1742 1365 in
1764 1335 1826 1365 hoc
1850 1345 1983 1365 numero
2005 1333 2157 1364 monades
2177 1332 2230 1365 de-

1275 1397 1384 1429 sinunt
1409 1403 1441 1429 et
1469 1398 1509 1429 ab
1538 1409 1577 1429 eo
1599 1396 1736 1429 decades
1767 1397 1933 1440 incipiunt.
1971 1396 2058 1428 Infra
2083 1395 2124 1441 (ξ.
2145 1395 2231 1440 ¹745)

1282 1459 1458 1502 »primus«,
1482 1458 1603 1502 inquit,
1635 1469 1765 1490 »versus
1793 1463 1842 1490 est
1867 1470 1884 1490 a
1903 1457 2039 1490 monade
2062 1469 2165 1502 usque
2192 1457 2232 1489 ad

1275 1523 1480 1554 enneadem.«
1525 1522 1712 1554 Terminum
1739 1527 1844 1554 autem
1868 1523 1997 1553 numeri
2022 1521 2149 1565 scripsit
2173 1532 2232 1565 pro

1273 1597 1502 1624 numerorum,
1536 1589 1571 1615 ut
1596 1595 1692 1627 saepe
1721 1583 1875 1625 singulari
1903 1583 2075 1627 scriptores
2098 1588 2232 1614 utuntur

1272 1658 1332 1690 pro
1356 1646 1472 1689 plurali
1499 1645 1686 1689 (Palaeogr.
1715 1645 1783 1678 crit.
1816 1645 1874 1678 111.
1907 1645 1934 1689 ξ.
1960 1645 2043 1677 252.
2071 1644 2232 1690 Spartian-

1271 1709 1405 1742 Adrian.
1433 1723 1458 1742 c.
1482 1710 1537 1753 7.).

1346 1771 1473 1819 dehinc]
1500 1773 1535 1808 Ω
1561 1778 1611 1805 est
1644 1772 1780 1806 DCCC.
1814 1771 1948 1814 Ogdoas
1978 1777 2083 1804 autem
2110 1772 2230 1816 primns

1272 1836 1384 1867 cubus.
1402 1835 1506 1867 Gne-r.
1527 1854 1574 1858 ——
1608 1833 1676 1867 Sed
1704 1834 1825 1876 ogdoas
1850 1846 1915 1866 non
1942 1840 1991 1866 est
2014 1834 2154 1875 Omega:
2178 1835 2231 1865 de-

1272 1899 1368 1930 bebat
1399 1899 1533 1931 Grotius
1562 1899 1601 1930 ad
1633 1904 1821 1943 sequentem
1848 1899 1994 1942 reynlmn
2022 1900 2232 1929 novenariam

1273 1962 1451 2004 respicere,
1483 1961 1659 1992 secundum
1693 1972 1788 2004 quam
1821 1972 1973 1991 numerus
2001 1959 2056 1991 ille
2090 1961 2164 1992 800
2191 1959 2231 1990 ad

1273 2022 1428 2053 monades
1457 2021 1661 2054 reducendus
1682 2027 1770 2063 erat,
1801 2027 1837 2054 ut
1861 2022 1982 2065 primus
2006 2021 2108 2054 exiret
2131 2021 2231 2053 cubus

1274 2084 1316 2128 (ξ.
1335 2083 1433 2126 ¹740).

1347 2143 1528 2190 soliditate]
1565 2146 1650 2178 Cubi
1686 2152 1798 2178 natura
1833 2148 1891 2178 liae
1928 2158 2006 2178 voce
2033 2146 2230 2190 exprimitur,

1279 2209 1493 2253 »siquidem«,
1516 2215 1551 2241 ut
1570 2210 1727 2242 Macrobii
1749 2211 1795 2254 (in
1819 2222 1920 2241 somn.
1942 2210 2029 2254 Scip.
2050 2212 2087 2250 1,
2110 2211 2146 2253 G)
2162 2222 2229 2242 ver-

1270 2272 1320 2304 bis
1346 2277 1434 2311 utar,
1474 2284 1510 2303 »a
1542 2272 1673 2316 paribus
1704 2272 1753 2302 bis
1778 2272 1861 2311 hini⁷
1891 2272 1945 2315 qui
1973 2278 2048 2304 sunt
2075 2278 2230 2316 quatuor,

1271 2335 1472 2381 superficiem
1497 2335 1630 2367 faciunt:
1658 2335 1708 2366 bis
1733 2334 1809 2366 bina
1838 2336 1903 2376 bis,
1935 2348 2016 2379 quae
2045 2342 2118 2368 sunt
2146 2342 2230 2377 octo,

1272 2411 1390 2446 corpus
1416 2400 1553 2431 solidum
1576 2399 1727 2441 fingunt«

1351 2462 1435 2509 cubi]
1462 2463 1572 2505 Vulgo
1598 2465 1706 2505 cybica
1729 2464 1886 2495 dominus.
1921 2463 2028 2496 Grotii
2053 2464 2155 2496 codex
2175 2466 2228 2496 ha-

1273 2529 1329 2561 het
1354 2529 1426 2561 cubi
1452 2539 1489 2560 ac
1510 2528 1679 2568 dontinus,
1709 2527 1772 2569 legi
1799 2533 1905 2559 autem
1929 2528 1983 2559 ille
2003 2528 2098 2570 jubet
2121 2541 2158 2561 ac
2176 2529 2228 2560 do-

1276 2594 1398 2632 mibus,
1427 2592 1501 2636 quia
1531 2592 1648 2623 »fanis«
1675 2593 1901 2636 praecesserit:
1921 2592 2063 2624 Goezius
2086 2593 2229 2624 domibus

1276 2656 1310 2689 iu
1333 2661 1457 2688 textum
1481 2654 1623 2700 recipere
1652 2666 1748 2686 ausus
1775 2660 1833 2687 est.
1857 2654 1929 2697 Ego
1956 2665 2032 2687 vero
2055 2653 2131 2685 nihil
2160 2666 2228 2686 mu-
