2310 2860
690 150 886 191 Martiani
920 148 1119 206 Capellae
1149 146 1219 190 lib.
1244 146 1321 189 III.
1352 149 1383 201 ς).
1407 147 1510 189 562.
1994 153 2082 194 5ϋ7

126 262 299 314 dixerit3
340 259 534 301 feminini
573 267 612 299 et
650 257 912 307 communis,
956 265 1003 297 ut
1042 257 1176 309 canis,
1218 256 1407 310 juveni3‚
1457 268 1647 311 quorum
1679 255 1901 298 declinatio
1933 257 2079 313 liquet.

125 342 322 386 Secunda
351 342 511 398 species
543 340 625 382 hoc
656 355 679 382 a
710 340 932 395 superiore
966 336 1130 389 differt,
1171 334 1290 392 quod
1321 334 1557 375 ablativum
1590 336 1633 376 in
1667 335 1687 377 I
1717 337 1836 379 litera
1865 338 1976 391 finit,
2009 354 2078 381 ac-

127 424 366 467 cusativum
401 424 439 464 in
479 423 561 473 im,
599 430 646 462 ut
676 420 761 461 duo
793 418 880 459 sola
912 416 1168 467 masculina,
1205 416 1388 471 Ligeris,
1426 415 1618 469 Tiberis3
1675 417 1901 471 feminina,
1937 421 2080 473 clavis,

126 507 280 564 pelvis,
316 506 466 557 turris,
496 504 660 553 classis,
700 501 837 543 cassis,
897 500 1018 542 Hanc
1048 499 1256 541 rationem
1286 497 1525 539 declinandi
1555 500 1822 543 manifestam
1854 503 2079 546 diminutio

124 588 245 639 facit,
289 602 401 643 quae
440 586 459 627 I
498 584 703 642 producta
745 583 789 623 in
828 581 1028 622 omnibus
1067 580 1153 621 istis
1194 580 1516 633 pronunciatur.
1577 581 1728 638 Itaque
1759 585 1922 639 quoties
1952 585 2081 628 dubi-

125 680 267 714 tamus
290 668 344 712 de
366 667 594 711 nominum
624 664 932 716 enunciatione,
963 662 1289 705 diminutionem
1320 661 1413 717 ejus
1443 664 1727 707 consulemus.
1757 666 1939 719 Eorum,
1969 681 2081 723 quae

124 751 290 807 syllaba
321 758 534 801 crescunt,
572 746 730 804 species
761 755 860 787 sunt
887 745 1022 797 duae,
1061 757 1250 801 quarum
1284 741 1415 786 altera
1444 746 1616 802 corripit
1646 747 1666 788 I
1696 747 1886 799 literam,
1916 750 1960 790 in
1992 763 2081 805 qua

125 832 268 874 forma
311 840 408 872 sunt
446 829 704 880 masculina,
751 827 944 883 sanguis,
986 825 1151 882 pulvis,
1196 824 1326 881 lapi-53
1369 824 1596 879 feminina,
1651 830 1814 883 cuspis,
1853 829 1996 881 cassis3
2040 829 2082 870 in

127 913 287 968 quibus
318 910 424 952 nihil
461 910 651 961 interest,
683 908 801 964 quod
833 907 915 949 alia
944 907 985 948 in
1017 907 1295 948 declinatione
1328 905 1349 948 I
1379 917 1650 960 conservant,
1696 907 1777 949 alia
1806 908 1850 948 in
1878 908 1915 950 E
1946 917 2082 950 trans-

126 1004 248 1045 eunt,
290 994 388 1034 item
423 991 540 1047 quod
582 991 662 1032 alia
691 990 787 1031 dis-
828 989 908 1030 alia
939 987 1158 1043 trisyllaba
1188 988 1229 1028 in
1261 988 1444 1043 genitivo
1476 989 1694 1031 finiuntur.
1752 990 1897 1031 Altera
1926 991 2084 1046 species

124 1074 144 1115 Ι
175 1074 339 1115 literam
372 1073 568 1128 producit
597 1072 639 1112 in
671 1070 953 1120 nominativo,
984 1070 1080 1124 glis,
1122 1070 1193 1121 lis,
1232 1084 1368 1125 quam
1403 1080 1443 1112 et
1472 1071 1515 1112 in
1545 1070 1731 1126 obliquis
1761 1071 1952 1113 similiter
1982 1086 2083 1113 con-

125 1162 318 1205 servant3
378 1153 418 1194 in
459 1152 642 1207 genitivo
684 1150 888 1207 pluraliI
928 1159 1021 1191 ante
1065 1163 1141 1190 um
1190 1151 1402 1205 syllabam
1446 1151 1650 1202 dicimus,
1696 1152 1890 1207 glirium,
1932 1152 2085 1204 litium,

128 1250 213 1277 non
252 1245 299 1276 ut
336 1235 583 1291 superiora,
638 1233 856 1290 lapidum,
898 1231 1147 1288 cuspidum,
1193 1232 1419 1273 cassidum.
1487 1232 1516 1273 S
1559 1232 1679 1273 litera
1726 1231 2004 1289 praecedente
2041 1232 2082 1274 Ο

128 1315 451 1355 terminatorum
486 1328 625 1369 quum
649 1313 699 1354 sit
726 1329 910 1369 parvum
940 1314 1189 1364 discrimen,
1217 1326 1306 1353 una
1331 1313 1489 1369 specics
1511 1322 1645 1369 potest
1675 1328 1783 1365 esse3
1814 1327 1917 1355 nam
1948 1326 2087 1368 quum

129 1395 272 1437 omnia
306 1395 349 1435 in
384 1393 567 1448 obliquis
598 1392 763 1448 syllaba
794 1402 1006 1444 crescant,
1047 1393 1130 1434 hoc
1162 1393 1387 1445 differunt,
1427 1393 1544 1449 quod
1579 1394 1795 1449 quaedam
1826 1394 1870 1434 in
1904 1394 2088 1449 genitivo

127 1476 156 1517 S
187 1475 351 1515 literam
383 1475 424 1514 in
456 1474 516 1524 T,
548 1473 763 1529 quaedam
795 1474 836 1514 in
868 1474 931 1525 D,
963 1474 1177 1529 quaedam
1211 1475 1253 1515 in
1284 1473 1323 1514 R
1362 1482 1634 1524 convertunt,
1667 1482 1714 1514 ut
1742 1487 1874 1529 nepos
1907 1473 2086 1529 nepotis,

129 1564 266 1595 custos
313 1553 521 1605 custodis,
595 1553 891 1607 monosyllaba
937 1555 1198 1605 masculina,
1258 1563 1305 1595 ut
1353 1553 1430 1595 flos
1475 1554 1616 1604 floris,
1674 1568 1744 1595 ros
1794 1555 1926 1606 roris;
1985 1554 2087 1595 item

128 1645 355 1686 neutrum,
398 1649 443 1676 os
474 1634 572 1678 oris.
629 1634 678 1676 In
709 1634 872 1675 ossibus
904 1643 1047 1675 autem
1077 1634 1392 1676 nominativum
1424 1633 1686 1674 consuetudo
1716 1632 1821 1674 facit
1848 1648 1914 1685 os,
1945 1642 2088 1675 contra

129 1721 357 1769 rationem,
408 1716 616 1773 quoniam
656 1717 697 1758 in
735 1716 920 1772 genitivo
958 1716 998 1757 R
1036 1730 1122 1758 non
1163 1715 1308 1760 habet.
1376 1712 1460 1755 Sed
1498 1728 1578 1756 nec
1619 1728 1765 1756 ossum
1809 1723 1944 1770 potest
1982 1713 2087 1764 dici,

139 1894 340 1927 »Priscianus
366 1894 415 1938 (7,
438 1906 469 1939 p.
485 1894 573 1938 251)
601 1900 770 1939 utrumque
804 1905 905 1936 genus
936 1893 1084 1935 admittit,

131 1965 162 1990 et
181 1958 357 1991 Martianus
379 1957 515 2002 Capella
533 1958 636 1989 obiter
655 1963 778 1990 tantum
801 1963 892 1990 notat
908 1957 1084 1990 Lucanum.

130 2021 199 2055 Sed
218 2034 289 2054 cnm
307 2022 440 2053 Lucano
460 2020 599 2054 Ovidius
616 2021 705 2066 (met.
720 2023 753 2062 7,
778 2021 865 2065 245)
886 2027 919 2053 et
938 2021 1084 2053 Pruden-

131 2085 194 2116 tius
223 2085 434 2130 (περιστεφ.
463 2085 525 2122 10,
566 2083 690 2127 1011)=
722 2095 854 2129 nnempe
880 2083 941 2116 suh
968 2089 1084 2117 terram

132 2146 238 2179 scrobe
266 2153 364 2178 actm«

203 2210 341 2254 Ligeris,
366 2208 503 2255 Tiberis]
516 2209 573 2243 Sic
589 2222 606 2242 e
621 2210 730 2243 codiee
744 2209 994 2243 Darmstatteusi
1009 2209 1084 2241 scri-

134 2270 185 2314 psi
199 2282 256 2315 pro
273 2274 417 2316 Lt‘quris,
443 2273 579 2315 Tybae-Is
596 2272 680 2317 apud
699 2271 860 2307 Grotium.
883 2272 990 2305 Fluvii
1011 2278 1085 2304 sunt

134 2333 308 2375 notissimi,
336 2335 411 2368 licet
429 2336 509 2367 alter
533 2337 567 2368 in
587 2336 693 2369 Gallia
716 2336 904 2382 plerumque
918 2337 1018 2382 Liqer
1033 2348 1085 2380 ap-

135 2394 335 2438 pelletur.——-
353 2397 431 2428 Mox
452 2396 585 2429 Grotius
609 2398 642 2431 in
663 2399 821 2442 margine:
843 2399 899 2432 »aL
914 2401 998 2439 sitis,
1020 2405 1084 2431 tus·

136 2458 220 2495 sis«,
255 2457 369 2488 melius
398 2458 534 2489 sortasse
566 2471 660 2503 quam
683 2461 780 2504 vulgo
803 2462 934 2502 classis,
975 2463 1086 2502 cassis,

137 2532 269 2563 quarum
296 2520 394 2552 altera
422 2527 506 2555 certe
530 2533 589 2567 per
615 2535 754 2559 errorem
783 2532 905 2560 tantum
926 2528 988 2560 huc
1010 2526 1086 2559 irre-

139 2594 215 2627 pere
240 2585 353 2628 potuit.

1210 1894 1473 1942 diminutionem]
1501 1896 1740 1941 Quinctilianus
1764 1896 1818 1941 (1,
1839 1897 1879 1936 6,
1902 1896 1943 1935 63
1967 1907 1998 1939 p.
2017 1895 2088 1926 140

1132 1955 1275 2001 Spald.):
1297 1958 1503 1990 »Deminutio
1527 1971 1627 2001 genus
1650 1959 1745 1990 modo
1767 1958 1902 2000 detegit,
1934 1962 1966 1989 et
1987 1968 2027 1990 ne
2044 1957 2084 1988 ab

1135 2021 1249 2053 eodem
1273 2022 1421 2066 exemplo
1444 2023 1607 2063 recedam,
1633 2022 1748 2067 semem
1775 2021 1985 2054 masculinum
2015 2032 2085 2052 esse

1132 2083 1299 2128 funiculus
1325 2086 1475 2117 ostendit.
1513 2086 1638 2118 Eadem
1665 2086 1699 2118 in
1722 2086 1828 2117 verbis
1856 2096 1985 2129 quoque
2007 2084 2087 2115 ratio

1134 2149 1408 2194 comparationis.=
1431 2149 1499 2183 Sed
1516 2151 1577 2182 hoc
1593 2151 1655 2182 hue
1671 2162 1736 2182 non
1751 2149 1907 2194 pertinet,
1932 2149 2006 2193 quia
2023 2159 2088 2180 non

1136 2213 1175 2245 de
1196 2225 1327 2255 genere,
1354 2214 1411 2245 sed
1436 2213 1475 2245 de
1494 2215 1632 2246 flexione
1655 2214 1884 2246 vocabulorum
1904 2224 2008 2244 sermo
2029 2216 2086 2243 est.

1136 2277 1249 2322 Neque
1273 2277 1456 2322 producunt
1472 2277 1503 2317 {I
1529 2278 1587 2310 sed
1615 2278 1791 2323 corripiunt
1818 2279 1931 2309 horum
1954 2274 2085 2307 diminu-

1137 2341 1218 2381 tiva,
1247 2346 1282 2372 ut
1305 2341 1478 2382 navicula,
1504 2343 1695 2381 classicula,
1725 2341 1882 2374 turricula
1906 2344 1964 2371 eet.
2002 2336 2086 2370 Vide

1137 2403 1234 2446 igitur
1257 2414 1298 2436 ne
1323 2403 1363 2435 (le
1385 2405 1523 2436 ablativo
1545 2416 1622 2436 casu
1642 2404 1820 2437 Martianus
1841 2403 2006 2444 loquatur,
2031 2398 2088 2442 qui

1137 2464 1153 2497 Ι
1170 2464 1324 2509 producta
1338 2465 1540 2507 terminetur3
1566 2467 1695 2498 fuerunt
1710 2465 1793 2496 enim
1811 2460 2012 2504 grammatici,
2033 2457 2087 2502 qui

1138 2528 1249 2560 cadem
1268 2529 1424 2561 vocabula
1435 2530 1656 2576 gaccusativum
1672 2528 1704 2560 in
1719 2527 1771 2559 HI
1780 2525 1896 2558 hahere
1911 2527 2088 2557 censerent,

1140 2602 1221 2635 quae
1232 2590 1404 2623 ablativum
1414 2591 1447 2624 in
1457 2590 1491 2631 13
1509 2591 1548 2624 cf.
1559 2584 1934 2630 Schneidcrum(form.1‚
1952 2598 1984 2629 p.
1994 2584 2090 2620 206)-

1599 2651 1646 2682 59
1666 2647 1688 2672 *
