<?xml version="1.0" encoding="UTF-8"?>
<!DOCTYPE html PUBLIC "-//W3C//DTD XHTML 1.0 Transitional//EN"
    "http://www.w3.org/TR/xhtml1/DTD/xhtml1-transitional.dtd">
<html xmlns="http://www.w3.org/1999/xhtml" xml:lang="en" lang="en">
 <head>
  <title>
</title>
<meta http-equiv="Content-Type" content="text/html;charset=utf-8" />
  <meta name='ocr-system' content='tesseract 3.04.00' />
  <meta name='ocr-capabilities' content='ocr_page ocr_carea ocr_par ocr_line ocrx_word'/>
</head>
<body>
  <div class='ocr_page' id='page_1' title='image "./denuptiisphilolo00martuoft/denuptiisphilolo00martuoft_0589.png"; bbox 0 0 2310 2860; ppageno 0'>
   <div class='ocr_carea' id='block_1_1' title="bbox 750 119 1570 175">
    <p class='ocr_par' dir='ltr' id='par_1_1' title="bbox 750 119 1570 175">
     <span class='ocr_line' id='line_1_1' title="bbox 750 119 1570 175; baseline -0.001 -14"><span class='ocrx_word' id='word_1_1' title='bbox 750 120 948 162; x_wconf 84' lang='lat' dir='ltr'>Martiani</span> <span class='ocrx_word' id='word_1_2' title='bbox 982 119 1180 175; x_wconf 78' lang='lat' dir='ltr'>Capellae</span> <span class='ocrx_word' id='word_1_3' title='bbox 1219 119 1288 159; x_wconf 89' lang='lat' dir='ltr'>lib.</span> <span class='ocrx_word' id='word_1_4' title='bbox 1310 119 1383 160; x_wconf 69' lang='lat' dir='ltr'>VJ.</span> <span class='ocrx_word' id='word_1_5' title='bbox 1421 122 1451 170; x_wconf 54' lang='grc' dir='ltr'>ᾗ.</span> <span class='ocrx_word' id='word_1_6' title='bbox 1473 120 1570 160; x_wconf 75' lang='grc'>679.</span> 
     </span>
    </p>
   </div>
   <div class='ocr_carea' id='block_1_2' title="bbox 2042 135 2130 164">
    <p class='ocr_par' dir='ltr' id='par_1_2' title="bbox 2042 135 2130 164">
     <span class='ocr_line' id='line_1_2' title="bbox 2042 135 2130 164; baseline 0.011 -4"><span class='ocrx_word' id='word_1_7' title='bbox 2042 135 2130 164; x_wconf 58' lang='grc' dir='ltr'>Οὓς)</span> 
     </span>
    </p>
   </div>
   <div class='ocr_carea' id='block_1_3' title="bbox 176 225 2127 602">
    <p class='ocr_par' dir='ltr' id='par_1_3' title="bbox 176 225 2127 602">
     <span class='ocr_line' id='line_1_3' title="bbox 178 225 2126 281; baseline 0.001 -16"><span class='ocrx_word' id='word_1_8' title='bbox 178 239 344 268; x_wconf 85' lang='lat' dir='ltr'>macam</span> <span class='ocrx_word' id='word_1_9' title='bbox 378 237 416 267; x_wconf 87' lang='lat' dir='ltr'>et</span> <span class='ocrx_word' id='word_1_10' title='bbox 445 228 683 268; x_wconf 78' lang='lat' dir='ltr'>Samariam</span> <span class='ocrx_word' id='word_1_11' title='bbox 723 226 884 268; x_wconf 85' lang='lat' dir='ltr'>Judaea</span> <span class='ocrx_word' id='word_1_12' title='bbox 923 227 1045 280; x_wconf 83' lang='lat' dir='ltr'>longe</span> <span class='ocrx_word' id='word_1_13' title='bbox 1086 225 1256 279; x_wconf 82' lang='lat' dir='ltr'>lateque</span> <span class='ocrx_word' id='word_1_14' title='bbox 1288 225 1492 265; x_wconf 73' lang='lat' dir='ltr'>funditur.</span> <span class='ocrx_word' id='word_1_15' title='bbox 1554 226 1652 266; x_wconf 83' lang='lat' dir='ltr'>Pars</span> <span class='ocrx_word' id='word_1_16' title='bbox 1684 227 1773 279; x_wconf 78' lang='lat' dir='ltr'>eJus</span> <span class='ocrx_word' id='word_1_17' title='bbox 1805 227 1953 281; x_wconf 80' lang='lat' dir='ltr'>Syriae</span> <span class='ocrx_word' id='word_1_18' title='bbox 1984 229 2126 280; x_wconf 79' lang='lat' dir='ltr'>juncta</span> 
     </span>
     <span class='ocr_line' id='line_1_4' title="bbox 177 305 2127 362; baseline 0 -15"><span class='ocrx_word' id='word_1_19' title='bbox 177 307 365 349; x_wconf 80' lang='lat' dir='ltr'>Galilaea</span> <span class='ocrx_word' id='word_1_20' title='bbox 411 319 607 360; x_wconf 85' lang='lat' dir='ltr'>vocatur,</span> <span class='ocrx_word' id='word_1_21' title='bbox 649 324 671 350; x_wconf 89' lang='lat' dir='ltr'>a</span> <span class='ocrx_word' id='word_1_22' title='bbox 703 310 847 350; x_wconf 66' lang='lat' dir='ltr'>cet-eris</span> <span class='ocrx_word' id='word_1_23' title='bbox 888 310 977 361; x_wconf 85' lang='lat' dir='ltr'>ejus</span> <span class='ocrx_word' id='word_1_24' title='bbox 1007 306 1198 362; x_wconf 78' lang='lat' dir='ltr'>partibus</span> <span class='ocrx_word' id='word_1_25' title='bbox 1229 305 1411 346; x_wconf 85' lang='lat' dir='ltr'>Jordane</span> <span class='ocrx_word' id='word_1_26' title='bbox 1453 320 1577 346; x_wconf 83' lang='lat' dir='ltr'>amne</span> <span class='ocrx_word' id='word_1_27' title='bbox 1620 307 1817 356; x_wconf 84' lang='lat' dir='ltr'>discreta,</span> <span class='ocrx_word' id='word_1_28' title='bbox 1863 308 1937 361; x_wconf 88' lang='lat' dir='ltr'>qui</span> <span class='ocrx_word' id='word_1_29' title='bbox 1970 307 2127 348; x_wconf 81' lang='lat' dir='ltr'>fluvius</span> 
     </span>
     <span class='ocr_line' id='line_1_5' title="bbox 177 384 2127 440; baseline -0.001 -13"><span class='ocrx_word' id='word_1_30' title='bbox 177 387 311 428; x_wconf 82' lang='lat' dir='ltr'>oritur</span> <span class='ocrx_word' id='word_1_31' title='bbox 351 388 404 428; x_wconf 81' lang='lat' dir='ltr'>de</span> <span class='ocrx_word' id='word_1_32' title='bbox 444 389 556 429; x_wconf 80' lang='lat' dir='ltr'>sonte</span> <span class='ocrx_word' id='word_1_33' title='bbox 596 389 802 429; x_wconf 78' lang='lat' dir='ltr'>Paneade.</span> <span class='ocrx_word' id='word_1_34' title='bbox 873 387 1068 428; x_wconf 82' lang='lat' dir='ltr'>Secunda</span> <span class='ocrx_word' id='word_1_35' title='bbox 1107 386 1229 426; x_wconf 83' lang='lat' dir='ltr'>elatio</span> <span class='ocrx_word' id='word_1_36' title='bbox 1267 384 1453 425; x_wconf 83' lang='lat' dir='ltr'>Judaeae</span> <span class='ocrx_word' id='word_1_37' title='bbox 1495 385 1546 425; x_wconf 79' lang='lat' dir='ltr'>ab</span> <span class='ocrx_word' id='word_1_38' title='bbox 1594 386 1920 440; x_wconf 71' lang='lat' dir='ltr'>hierosolymis,</span> <span class='ocrx_word' id='word_1_39' title='bbox 1966 388 2006 426; x_wconf 87' lang='lat' dir='ltr'>in</span> <span class='ocrx_word' id='word_1_40' title='bbox 2040 400 2127 440; x_wconf 90' lang='lat' dir='ltr'>quo</span> 
     </span>
     <span class='ocr_line' id='line_1_6' title="bbox 176 466 2126 519; baseline -0.001 -12"><span class='ocrx_word' id='word_1_41' title='bbox 176 466 306 508; x_wconf 86' lang='lat' dir='ltr'>latere</span> <span class='ocrx_word' id='word_1_42' title='bbox 337 479 396 509; x_wconf 84' lang='lat' dir='ltr'>est</span> <span class='ocrx_word' id='word_1_43' title='bbox 426 468 517 508; x_wconf 87' lang='lat' dir='ltr'>fons</span> <span class='ocrx_word' id='word_1_44' title='bbox 550 469 809 519; x_wconf 76' lang='lat' dir='ltr'>Callirrl1003</span> <span class='ocrx_word' id='word_1_45' title='bbox 857 467 911 507; x_wconf 87' lang='lat' dir='ltr'>ab</span> <span class='ocrx_word' id='word_1_46' title='bbox 943 466 1156 507; x_wconf 81' lang='lat' dir='ltr'>occidente</span> <span class='ocrx_word' id='word_1_47' title='bbox 1187 466 1354 515; x_wconf 79' lang='lat' dir='ltr'>Esseni,</span> <span class='ocrx_word' id='word_1_48' title='bbox 1409 466 1482 519; x_wconf 88' lang='lat' dir='ltr'>qui</span> <span class='ocrx_word' id='word_1_49' title='bbox 1527 466 1613 505; x_wconf 81' lang='lat' dir='ltr'>sine</span> <span class='ocrx_word' id='word_1_50' title='bbox 1643 466 1868 506; x_wconf 78' lang='lat' dir='ltr'>concubitu</span> <span class='ocrx_word' id='word_1_51' title='bbox 1901 476 1939 506; x_wconf 84' lang='lat' dir='ltr'>et</span> <span class='ocrx_word' id='word_1_52' title='bbox 1969 466 2126 506; x_wconf 75' lang='lat' dir='ltr'>cunctis</span> 
     </span>
     <span class='ocr_line' id='line_1_7' title="bbox 179 547 2127 602; baseline 0 -16"><span class='ocrx_word' id='word_1_53' title='bbox 179 548 476 602; x_wconf 74' lang='lat' dir='ltr'>cupiditatibus</span> <span class='ocrx_word' id='word_1_54' title='bbox 515 549 678 589; x_wconf 82' lang='lat' dir='ltr'>vivunt.</span> <span class='ocrx_word' id='word_1_55' title='bbox 746 549 854 589; x_wconf 87' lang='lat' dir='ltr'>Hinc</span> <span class='ocrx_word' id='word_1_56' title='bbox 891 547 1108 601; x_wconf 84' lang='lat' dir='ltr'>aliquanto</span> <span class='ocrx_word' id='word_1_57' title='bbox 1152 547 1326 587; x_wconf 85' lang='lat' dir='ltr'>interius</span> <span class='ocrx_word' id='word_1_58' title='bbox 1363 547 1538 587; x_wconf 81' lang='lat' dir='ltr'>Masada</span> <span class='ocrx_word' id='word_1_59' title='bbox 1571 548 1811 598; x_wconf 80' lang='lat' dir='ltr'>castellum,</span> <span class='ocrx_word' id='word_1_60' title='bbox 1852 548 1892 587; x_wconf 89' lang='lat' dir='ltr'>in</span> <span class='ocrx_word' id='word_1_61' title='bbox 1929 562 2016 600; x_wconf 84' lang='lat' dir='ltr'>quo</span> <span class='ocrx_word' id='word_1_62' title='bbox 2051 548 2127 586; x_wconf 84' lang='lat' dir='ltr'>Ju-</span> 
     </span>
    </p>
   </div>
   <div class='ocr_carea' id='block_1_4' title="bbox 178 627 548 673">
    <p class='ocr_par' dir='ltr' id='par_1_4' title="bbox 178 627 548 673">
     <span class='ocr_line' id='line_1_8' title="bbox 178 627 548 673; baseline 0.014 -6"><span class='ocrx_word' id='word_1_63' title='bbox 178 627 308 669; x_wconf 83' lang='lat' dir='ltr'>daeae</span> <span class='ocrx_word' id='word_1_64' title='bbox 347 630 438 670; x_wconf 87' lang='lat' dir='ltr'>linis</span> <span class='ocrx_word' id='word_1_65' title='bbox 478 641 548 673; x_wconf 83' lang='lat' dir='ltr'>est.</span> 
     </span>
    </p>
   </div>
   <div class='ocr_carea' id='block_1_5' title="bbox 607 627 2130 684">
    <p class='ocr_par' dir='ltr' id='par_1_5' title="bbox 607 627 2130 684">
     <span class='ocr_line' id='line_1_9' title="bbox 607 627 2130 684; baseline -0.003 -13"><span class='ocrx_word' id='word_1_66' title='bbox 607 630 805 684; x_wconf 80' lang='lat' dir='ltr'>Jungitnr</span> <span class='ocrx_word' id='word_1_67' title='bbox 836 628 1080 683; x_wconf 84' lang='lat' dir='ltr'>Decapolis,</span> <span class='ocrx_word' id='word_1_68' title='bbox 1133 627 1240 668; x_wconf 85' lang='lat' dir='ltr'>dicta</span> <span class='ocrx_word' id='word_1_69' title='bbox 1275 642 1297 668; x_wconf 85' lang='lat' dir='ltr'>a</span> <span class='ocrx_word' id='word_1_70' title='bbox 1329 643 1511 668; x_wconf 87' lang='lat' dir='ltr'>numero</span> <span class='ocrx_word' id='word_1_71' title='bbox 1543 629 1777 669; x_wconf 74' lang='lat' dir='ltr'>civitatum,</span> <span class='ocrx_word' id='word_1_72' title='bbox 1837 627 2130 668; x_wconf 85' lang='lat' dir='ltr'>Redeuntibus</span> 
     </span>
    </p>
   </div>
   <div class='ocr_carea' id='block_1_6' title="bbox 179 709 2134 1009">
    <p class='ocr_par' dir='ltr' id='par_1_6' title="bbox 179 709 2134 1009">
     <span class='ocr_line' id='line_1_10' title="bbox 179 709 2131 763; baseline -0.001 -14"><span class='ocrx_word' id='word_1_73' title='bbox 179 709 232 749; x_wconf 87' lang='lat' dir='ltr'>ad</span> <span class='ocrx_word' id='word_1_74' title='bbox 263 725 383 751; x_wconf 81' lang='lat' dir='ltr'>oram</span> <span class='ocrx_word' id='word_1_75' title='bbox 419 712 665 752; x_wconf 76' lang='lat' dir='ltr'>phoeniciae</span> <span class='ocrx_word' id='word_1_76' title='bbox 697 711 860 752; x_wconf 83' lang='lat' dir='ltr'>colonia</span> <span class='ocrx_word' id='word_1_77' title='bbox 888 710 1133 761; x_wconf 78' lang='lat' dir='ltr'>Ptolemai53</span> <span class='ocrx_word' id='word_1_78' title='bbox 1167 724 1188 749; x_wconf 91' lang='lat' dir='ltr'>a</span> <span class='ocrx_word' id='word_1_79' title='bbox 1221 718 1336 763; x_wconf 78' lang='lat' dir='ltr'>tergo</span> <span class='ocrx_word' id='word_1_80' title='bbox 1368 710 1557 750; x_wconf 83' lang='lat' dir='ltr'>Libanus</span> <span class='ocrx_word' id='word_1_81' title='bbox 1590 719 1628 749; x_wconf 80' lang='lat' dir='ltr'>ct</span> <span class='ocrx_word' id='word_1_82' title='bbox 1658 710 1924 750; x_wconf 77' lang='lat' dir='ltr'>Antilibanus</span> <span class='ocrx_word' id='word_1_83' title='bbox 1955 718 2131 759; x_wconf 83' lang='lat' dir='ltr'>montes,</span> 
     </span>
     <span class='ocr_line' id='line_1_11' title="bbox 179 789 2133 848; baseline -0.001 -19"><span class='ocrx_word' id='word_1_84' title='bbox 179 799 218 830; x_wconf 88' lang='lat' dir='ltr'>et</span> <span class='ocrx_word' id='word_1_85' title='bbox 237 791 577 844; x_wconf 79' lang='lat' dir='ltr'>interjacentibus</span> <span class='ocrx_word' id='word_1_86' title='bbox 599 794 758 848; x_wconf 85' lang='lat' dir='ltr'>campis</span> <span class='ocrx_word' id='word_1_87' title='bbox 781 793 971 847; x_wconf 75' lang='lat' dir='ltr'>Bargilus</span> <span class='ocrx_word' id='word_1_88' title='bbox 991 793 1090 832; x_wconf 81' lang='lat' dir='ltr'>item</span> <span class='ocrx_word' id='word_1_89' title='bbox 1117 804 1238 830; x_wconf 85' lang='lat' dir='ltr'>mons</span> <span class='ocrx_word' id='word_1_90' title='bbox 1257 789 1383 830; x_wconf 71' lang='lat' dir='ltr'>sodet.</span> <span class='ocrx_word' id='word_1_91' title='bbox 1415 791 1520 830; x_wconf 81' lang='lat' dir='ltr'>Item</span> <span class='ocrx_word' id='word_1_92' title='bbox 1545 791 1668 843; x_wconf 69' lang='lat' dir='ltr'>Syria</span> <span class='ocrx_word' id='word_1_93' title='bbox 1685 790 1897 830; x_wconf 81' lang='lat' dir='ltr'>desinente</span> <span class='ocrx_word' id='word_1_94' title='bbox 1923 789 2029 829; x_wconf 83' lang='lat' dir='ltr'>inter</span> <span class='ocrx_word' id='word_1_95' title='bbox 2055 802 2133 841; x_wconf 76' lang='lat' dir='ltr'>op-</span> 
     </span>
     <span class='ocr_line' id='line_1_12' title="bbox 179 869 2132 928; baseline -0.001 -19"><span class='ocrx_word' id='word_1_96' title='bbox 179 871 277 924; x_wconf 87' lang='lat' dir='ltr'>pida</span> <span class='ocrx_word' id='word_1_97' title='bbox 302 873 797 924; x_wconf 76' lang='lat' dir='ltr'>PhoeniciaeAntiochia,</span> <span class='ocrx_word' id='word_1_98' title='bbox 819 889 930 928; x_wconf 86' lang='lat' dir='ltr'>quae</span> <span class='ocrx_word' id='word_1_99' title='bbox 957 874 1117 914; x_wconf 80' lang='lat' dir='ltr'>Oronte</span> <span class='ocrx_word' id='word_1_100' title='bbox 1143 886 1266 912; x_wconf 85' lang='lat' dir='ltr'>amne</span> <span class='ocrx_word' id='word_1_101' title='bbox 1290 871 1515 923; x_wconf 80' lang='lat' dir='ltr'>dividitur3</span> <span class='ocrx_word' id='word_1_102' title='bbox 1546 886 1675 926; x_wconf 85' lang='lat' dir='ltr'>super</span> <span class='ocrx_word' id='word_1_103' title='bbox 1706 886 1798 912; x_wconf 87' lang='lat' dir='ltr'>eam</span> <span class='ocrx_word' id='word_1_104' title='bbox 1822 886 1942 911; x_wconf 82' lang='lat' dir='ltr'>mons</span> <span class='ocrx_word' id='word_1_105' title='bbox 1965 869 2132 910; x_wconf 81' lang='lat' dir='ltr'>nominc</span> 
     </span>
     <span class='ocr_line' id='line_1_13' title="bbox 184 951 2134 1009; baseline -0.001 -18"><span class='ocrx_word' id='word_1_106' title='bbox 184 952 354 1006; x_wconf 75' lang='lat' dir='ltr'>Casius,</span> <span class='ocrx_word' id='word_1_107' title='bbox 393 955 514 1007; x_wconf 81' lang='lat' dir='ltr'>cujus</span> <span class='ocrx_word' id='word_1_108' title='bbox 540 955 714 995; x_wconf 80' lang='lat' dir='ltr'>altitudo</span> <span class='ocrx_word' id='word_1_109' title='bbox 741 964 893 1009; x_wconf 80' lang='lat' dir='ltr'>quarta</span> <span class='ocrx_word' id='word_1_110' title='bbox 926 954 1065 1008; x_wconf 81' lang='lat' dir='ltr'>vigilia</span> <span class='ocrx_word' id='word_1_111' title='bbox 1097 954 1235 993; x_wconf 82' lang='lat' dir='ltr'>Solem</span> <span class='ocrx_word' id='word_1_112' title='bbox 1265 968 1339 1008; x_wconf 84' lang='lat' dir='ltr'>per</span> <span class='ocrx_word' id='word_1_113' title='bbox 1365 954 1558 993; x_wconf 80' lang='lat' dir='ltr'><strong>tenebras</strong></span> <span class='ocrx_word' id='word_1_114' title='bbox 1583 953 1708 993; x_wconf 83' lang='lat' dir='ltr'>videt.</span> <span class='ocrx_word' id='word_1_115' title='bbox 1753 952 1799 992; x_wconf 79' lang='lat' dir='ltr'>Iu</span> <span class='ocrx_word' id='word_1_116' title='bbox 1827 952 1947 1006; x_wconf 67' lang='lat' dir='ltr'>Syria</span> <span class='ocrx_word' id='word_1_117' title='bbox 1975 951 2134 991; x_wconf 75' lang='lat' dir='ltr'>fluvius</span> 
     </span>
    </p>
   </div>
   <div class='ocr_carea' id='block_1_7' title="bbox 180 1030 2134 1091">
    <p class='ocr_par' dir='ltr' id='par_1_7' title="bbox 180 1030 2134 1091">
     <span class='ocr_line' id='line_1_14' title="bbox 180 1030 2134 1091; baseline -0.002 -19"><span class='ocrx_word' id='word_1_118' title='bbox 180 1032 420 1087; x_wconf 82' lang='lat' dir='ltr'>Euphrates</span> <span class='ocrx_word' id='word_1_119' title='bbox 457 1037 642 1076; x_wconf 80' lang='lat' dir='ltr'>nascitur</span> <span class='ocrx_word' id='word_1_120' title='bbox 678 1050 700 1076; x_wconf 88' lang='lat' dir='ltr'>a</span> <span class='ocrx_word' id='word_1_121' title='bbox 736 1045 878 1075; x_wconf 82' lang='lat' dir='ltr'>monte</span> <span class='ocrx_word' id='word_1_122' title='bbox 916 1035 991 1090; x_wconf 85' lang='lat' dir='ltr'>qui</span> <span class='ocrx_word' id='word_1_123' title='bbox 1030 1044 1206 1075; x_wconf 83' lang='lat' dir='ltr'>vocatur</span> <span class='ocrx_word' id='word_1_124' title='bbox 1241 1034 1442 1091; x_wconf 80' lang='lat' dir='ltr'>Capotes3</span> <span class='ocrx_word' id='word_1_125' title='bbox 1484 1033 1542 1074; x_wconf 91' lang='lat' dir='ltr'>ibi</span> <span class='ocrx_word' id='word_1_126' title='bbox 1590 1047 1765 1089; x_wconf 83' lang='lat' dir='ltr'>quoque</span> <span class='ocrx_word' id='word_1_127' title='bbox 1803 1033 1996 1087; x_wconf 69' lang='lat' dir='ltr'>Marsyas</span> <span class='ocrx_word' id='word_1_128' title='bbox 2030 1030 2134 1070; x_wconf 84' lang='lat' dir='ltr'>alius</span> 
     </span>
    </p>
   </div>
   <div class='ocr_carea' id='block_1_8' title="bbox 178 1172 1144 2526">
    <p class='ocr_par' dir='ltr' id='par_1_8' title="bbox 178 1172 1139 1517">
     <span class='ocr_line' id='line_1_15' title="bbox 178 1172 1135 1213; baseline 0.004 -11"><span class='ocrx_word' id='word_1_129' title='bbox 178 1172 256 1203; x_wconf 82' lang='lat' dir='ltr'>haee</span> <span class='ocrx_word' id='word_1_130' title='bbox 274 1172 401 1204; x_wconf 84' lang='lat' dir='ltr'>minima</span> <span class='ocrx_word' id='word_1_131' title='bbox 422 1173 606 1213; x_wconf 65' lang='lat' dir='ltr'>difficulta53</span> <span class='ocrx_word' id='word_1_132' title='bbox 635 1180 721 1205; x_wconf 81' lang='lat' dir='ltr'>totus</span> <span class='ocrx_word' id='word_1_133' title='bbox 745 1175 836 1206; x_wconf 83' lang='lat' dir='ltr'>loeus</span> <span class='ocrx_word' id='word_1_134' title='bbox 857 1174 970 1206; x_wconf 86' lang='lat' dir='ltr'>misere</span> <span class='ocrx_word' id='word_1_135' title='bbox 993 1175 1135 1207; x_wconf 85' lang='lat' dir='ltr'>mutilus.</span> 
     </span>
     <span class='ocr_line' id='line_1_16' title="bbox 178 1233 1134 1280; baseline 0.003 -16"><span class='ocrx_word' id='word_1_136' title='bbox 178 1233 304 1264; x_wconf 84' lang='lat' dir='ltr'>Plinius</span> <span class='ocrx_word' id='word_1_137' title='bbox 321 1235 369 1277; x_wconf 74' lang='lat'>(5,</span> <span class='ocrx_word' id='word_1_138' title='bbox 390 1236 446 1274; x_wconf 71' lang='lat'>14,</span> <span class='ocrx_word' id='word_1_139' title='bbox 470 1236 543 1277; x_wconf 87' lang='lat'>15):</span> <span class='ocrx_word' id='word_1_140' title='bbox 561 1236 658 1267; x_wconf 65' lang='lat' dir='ltr'>„lude</span> <span class='ocrx_word' id='word_1_141' title='bbox 676 1236 863 1280; x_wconf 74' lang='lat' dir='ltr'>Apollonia,</span> <span class='ocrx_word' id='word_1_142' title='bbox 888 1236 1049 1267; x_wconf 77' lang='lat' dir='ltr'>Stratonis</span> <span class='ocrx_word' id='word_1_143' title='bbox 1071 1242 1134 1267; x_wconf 88' lang='lat' dir='ltr'>tur-</span> 
     </span>
     <span class='ocr_line' id='line_1_17' title="bbox 179 1294 1137 1334; baseline 0.004 -9"><span class='ocrx_word' id='word_1_144' title='bbox 179 1294 234 1334; x_wconf 84' lang='lat' dir='ltr'>ris,</span> <span class='ocrx_word' id='word_1_145' title='bbox 257 1296 367 1326; x_wconf 82' lang='lat' dir='ltr'>eadem</span> <span class='ocrx_word' id='word_1_146' title='bbox 391 1296 550 1327; x_wconf 86' lang='lat' dir='ltr'>Caesarea</span> <span class='ocrx_word' id='word_1_147' title='bbox 563 1321 569 1327; x_wconf 93' lang='lat'><em>.</em></span> <span class='ocrx_word' id='word_1_148' title='bbox 583 1321 590 1329; x_wconf 90' lang='lat'><em>.</em></span> <span class='ocrx_word' id='word_1_149' title='bbox 604 1321 611 1327; x_wconf 87' lang='lat'><strong>.</strong></span> <span class='ocrx_word' id='word_1_150' title='bbox 626 1298 696 1328; x_wconf 89' lang='lat' dir='ltr'>linis</span> <span class='ocrx_word' id='word_1_151' title='bbox 717 1298 918 1328; x_wconf 76' lang='lat' dir='ltr'>Palaestines</span> <span class='ocrx_word' id='word_1_152' title='bbox 936 1299 1137 1329; x_wconf 68' lang='lat' dir='ltr'>CLXXXIX</span> 
     </span>
     <span class='ocr_line' id='line_1_18' title="bbox 181 1358 1139 1402; baseline 0.003 -14"><span class='ocrx_word' id='word_1_153' title='bbox 181 1358 257 1389; x_wconf 87' lang='lat' dir='ltr'>mill.</span> <span class='ocrx_word' id='word_1_154' title='bbox 273 1371 358 1402; x_wconf 86' lang='lat' dir='ltr'>pass.</span> <span class='ocrx_word' id='word_1_155' title='bbox 379 1372 395 1390; x_wconf 90' lang='lat' dir='ltr'>a</span> <span class='ocrx_word' id='word_1_156' title='bbox 419 1360 558 1390; x_wconf 78' lang='lat' dir='ltr'>confinio</span> <span class='ocrx_word' id='word_1_157' title='bbox 576 1360 727 1399; x_wconf 69' lang='lat' dir='ltr'>Arabiae,</span> <span class='ocrx_word' id='word_1_158' title='bbox 752 1361 866 1391; x_wconf 78' lang='lat' dir='ltr'>deinde</span> <span class='ocrx_word' id='word_1_159' title='bbox 883 1361 1063 1391; x_wconf 73' lang='lat' dir='ltr'>Phoenicen</span> <span class='ocrx_word' id='word_1_160' title='bbox 1079 1367 1139 1392; x_wconf 88' lang='lat' dir='ltr'>etc.</span> 
     </span>
     <span class='ocr_line' id='line_1_19' title="bbox 182 1421 1138 1466; baseline 0.002 -13"><span class='ocrx_word' id='word_1_161' title='bbox 182 1421 408 1465; x_wconf 79' lang='lat' dir='ltr'>Coi-ruptionis</span> <span class='ocrx_word' id='word_1_162' title='bbox 431 1423 556 1466; x_wconf 87' lang='lat' dir='ltr'>culpam</span> <span class='ocrx_word' id='word_1_163' title='bbox 577 1423 648 1466; x_wconf 83' lang='lat' dir='ltr'>quis</span> <span class='ocrx_word' id='word_1_164' title='bbox 671 1424 842 1463; x_wconf 81' lang='lat' dir='ltr'>sustineat,</span> <span class='ocrx_word' id='word_1_165' title='bbox 867 1424 951 1455; x_wconf 87' lang='lat' dir='ltr'>haud</span> <span class='ocrx_word' id='word_1_166' title='bbox 968 1424 1060 1456; x_wconf 79' lang='lat' dir='ltr'>facile</span> <span class='ocrx_word' id='word_1_167' title='bbox 1085 1424 1138 1455; x_wconf 85' lang='lat' dir='ltr'>de-</span> 
     </span>
     <span class='ocr_line' id='line_1_20' title="bbox 182 1497 303 1517; baseline 0 -1"><span class='ocrx_word' id='word_1_168' title='bbox 182 1497 303 1517; x_wconf 82' lang='lat' dir='ltr'>cernas.</span> 
     </span>
    </p>

    <p class='ocr_par' dir='ltr' id='par_1_9' title="bbox 181 1549 1139 1657">
     <span class='ocr_line' id='line_1_21' title="bbox 254 1549 1139 1594; baseline 0.001 -14"><span class='ocrx_word' id='word_1_169' title='bbox 254 1549 427 1594; x_wconf 79' lang='lat' dir='ltr'>Paneade]</span> <span class='ocrx_word' id='word_1_170' title='bbox 464 1550 628 1593; x_wconf 77' lang='lat' dir='ltr'>Josephus</span> <span class='ocrx_word' id='word_1_171' title='bbox 661 1551 826 1581; x_wconf 74' lang='lat' dir='ltr'>Fannium</span> <span class='ocrx_word' id='word_1_172' title='bbox 865 1550 1014 1593; x_wconf 88' lang='lat' dir='ltr'>appellat.</span> <span class='ocrx_word' id='word_1_173' title='bbox 1054 1549 1139 1581; x_wconf 82' lang='lat' dir='ltr'>Aliis</span> 
     </span>
     <span class='ocr_line' id='line_1_22' title="bbox 181 1611 1114 1657; baseline 0.001 -14"><span class='ocrx_word' id='word_1_174' title='bbox 181 1611 337 1644; x_wconf 76' lang='lat' dir='ltr'>Pcmmms</span> <span class='ocrx_word' id='word_1_175' title='bbox 361 1613 485 1644; x_wconf 82' lang='lat' dir='ltr'>dieitur.</span> <span class='ocrx_word' id='word_1_176' title='bbox 513 1614 596 1645; x_wconf 90' lang='lat' dir='ltr'>Cum</span> <span class='ocrx_word' id='word_1_177' title='bbox 622 1614 756 1657; x_wconf 82' lang='lat' dir='ltr'>Capella</span> <span class='ocrx_word' id='word_1_178' title='bbox 783 1620 832 1644; x_wconf 83' lang='lat' dir='ltr'>est</span> <span class='ocrx_word' id='word_1_179' title='bbox 857 1614 992 1644; x_wconf 89' lang='lat' dir='ltr'>Plinius.</span> <span class='ocrx_word' id='word_1_180' title='bbox 1010 1613 1114 1645; x_wconf 71' lang='lat' dir='ltr'>Guor.</span> 
     </span>
    </p>

    <p class='ocr_par' dir='ltr' id='par_1_10' title="bbox 257 1674 995 1719">
     <span class='ocr_line' id='line_1_23' title="bbox 257 1674 995 1719; baseline 0 -14"><span class='ocrx_word' id='word_1_181' title='bbox 257 1674 447 1719; x_wconf 75' lang='lat' dir='ltr'>Callirrhoe]</span> <span class='ocrx_word' id='word_1_182' title='bbox 476 1675 622 1707; x_wconf 85' lang='lat' dir='ltr'>Meminit</span> <span class='ocrx_word' id='word_1_183' title='bbox 648 1681 679 1707; x_wconf 82' lang='lat' dir='ltr'>et</span> <span class='ocrx_word' id='word_1_184' title='bbox 701 1674 995 1718; x_wconf 74' lang='lat' dir='ltr'>Josephus.Gnor.</span> 
     </span>
    </p>

    <p class='ocr_par' dir='ltr' id='par_1_11' title="bbox 184 1735 1141 1967">
     <span class='ocr_line' id='line_1_24' title="bbox 255 1735 1141 1781; baseline -0.002 -14"><span class='ocrx_word' id='word_1_185' title='bbox 255 1735 386 1781; x_wconf 80' lang='lat' dir='ltr'>Esseni]</span> <span class='ocrx_word' id='word_1_186' title='bbox 419 1737 519 1768; x_wconf 81' lang='lat' dir='ltr'>Iidem</span> <span class='ocrx_word' id='word_1_187' title='bbox 551 1737 606 1780; x_wconf 88' lang='lat' dir='ltr'>qui</span> <span class='ocrx_word' id='word_1_188' title='bbox 634 1737 672 1768; x_wconf 88' lang='lat' dir='ltr'>ab</span> <span class='ocrx_word' id='word_1_189' title='bbox 698 1737 767 1767; x_wconf 86' lang='lat' dir='ltr'>aliis</span> <span class='ocrx_word' id='word_1_190' title='bbox 795 1738 911 1768; x_wconf 78' lang='lat' dir='ltr'>Essaei</span> <span class='ocrx_word' id='word_1_191' title='bbox 941 1736 1141 1780; x_wconf 70' lang='lat' dir='ltr'>appellantur</span> 
     </span>
     <span class='ocr_line' id='line_1_25' title="bbox 184 1798 1140 1842; baseline 0.001 -12"><span class='ocrx_word' id='word_1_192' title='bbox 184 1798 280 1840; x_wconf 79' lang='lat' dir='ltr'>(Plin.</span> <span class='ocrx_word' id='word_1_193' title='bbox 304 1802 342 1839; x_wconf 73' lang='grc' dir='ltr'>ὅ,</span> <span class='ocrx_word' id='word_1_194' title='bbox 369 1802 425 1839; x_wconf 87' lang='grc'>17,</span> <span class='ocrx_word' id='word_1_195' title='bbox 454 1802 511 1834; x_wconf 77' lang='grc'>15.</span> <span class='ocrx_word' id='word_1_196' title='bbox 549 1800 652 1832; x_wconf 90' lang='lat' dir='ltr'>Solin.</span> <span class='ocrx_word' id='word_1_197' title='bbox 668 1802 727 1832; x_wconf 80' lang='lat'>55.</span> <span class='ocrx_word' id='word_1_198' title='bbox 766 1801 862 1832; x_wconf 89' lang='lat' dir='ltr'>Philo</span> <span class='ocrx_word' id='word_1_199' title='bbox 884 1801 916 1831; x_wconf 90' lang='lat' dir='ltr'>in</span> <span class='ocrx_word' id='word_1_200' title='bbox 941 1812 993 1842; x_wconf 89' lang='lat' dir='ltr'>op.</span> <span class='ocrx_word' id='word_1_201' title='bbox 1018 1812 1048 1842; x_wconf 87' lang='lat' dir='ltr'>p.</span> <span class='ocrx_word' id='word_1_202' title='bbox 1067 1800 1140 1831; x_wconf 84' lang='grc'>876</span> 
     </span>
     <span class='ocr_line' id='line_1_26' title="bbox 185 1862 1141 1906; baseline -0.002 -12"><span class='ocrx_word' id='word_1_203' title='bbox 185 1869 216 1894; x_wconf 83' lang='lat' dir='ltr'>et</span> <span class='ocrx_word' id='word_1_204' title='bbox 236 1874 284 1906; x_wconf 87' lang='lat' dir='ltr'>ap.</span> <span class='ocrx_word' id='word_1_205' title='bbox 304 1863 425 1895; x_wconf 79' lang='lat' dir='ltr'>Euseb.</span> <span class='ocrx_word' id='word_1_206' title='bbox 452 1864 485 1894; x_wconf 91' lang='lat' dir='ltr'>in</span> <span class='ocrx_word' id='word_1_207' title='bbox 512 1876 619 1906; x_wconf 86' lang='lat' dir='ltr'>praep.</span> <span class='ocrx_word' id='word_1_208' title='bbox 635 1876 682 1895; x_wconf 86' lang='lat' dir='ltr'>ev.</span> <span class='ocrx_word' id='word_1_209' title='bbox 700 1866 740 1903; x_wconf 85' lang='grc'>8,</span> <span class='ocrx_word' id='word_1_210' title='bbox 768 1865 804 1897; x_wconf 82' lang='grc'>4.</span> <span class='ocrx_word' id='word_1_211' title='bbox 829 1865 883 1895; x_wconf 80' lang='lat'>11.</span> <span class='ocrx_word' id='word_1_212' title='bbox 920 1864 1076 1906; x_wconf 63' lang='lat' dir='ltr'>Porphyr.</span> <span class='ocrx_word' id='word_1_213' title='bbox 1101 1862 1141 1893; x_wconf 83' lang='lat' dir='ltr'>de</span> 
     </span>
     <span class='ocr_line' id='line_1_27' title="bbox 185 1914 869 1967; baseline -0.003 -10"><span class='ocrx_word' id='word_1_214' title='bbox 185 1923 298 1957; x_wconf 73' lang='lat' dir='ltr'>abstiu.</span> <span class='ocrx_word' id='word_1_215' title='bbox 317 1925 356 1963; x_wconf 73' lang='lat'>4,</span> <span class='ocrx_word' id='word_1_216' title='bbox 382 1914 445 1963; x_wconf 62' lang='lat' dir='ltr'>il,</span> <span class='ocrx_word' id='word_1_217' title='bbox 472 1937 503 1967; x_wconf 87' lang='lat' dir='ltr'>p.</span> <span class='ocrx_word' id='word_1_218' title='bbox 517 1926 591 1956; x_wconf 89' lang='lat'>555</span> <span class='ocrx_word' id='word_1_219' title='bbox 612 1926 730 1956; x_wconf 80' lang='lat' dir='ltr'>Rhoer.</span> <span class='ocrx_word' id='word_1_220' title='bbox 759 1924 869 1967; x_wconf 91' lang='lat' dir='ltr'>sequ.).</span> 
     </span>
    </p>

    <p class='ocr_par' dir='ltr' id='par_1_12' title="bbox 185 1984 1142 2278">
     <span class='ocr_line' id='line_1_28' title="bbox 260 1984 1139 2030; baseline -0.002 -13"><span class='ocrx_word' id='word_1_221' title='bbox 260 1984 417 2030; x_wconf 74' lang='lat' dir='ltr'>Masada]</span> <span class='ocrx_word' id='word_1_222' title='bbox 446 1985 503 2017; x_wconf 89' lang='lat' dir='ltr'>Sie</span> <span class='ocrx_word' id='word_1_223' title='bbox 526 1991 558 2016; x_wconf 86' lang='lat' dir='ltr'>et</span> <span class='ocrx_word' id='word_1_224' title='bbox 580 1985 714 2017; x_wconf 89' lang='lat' dir='ltr'>Solinus</span> <span class='ocrx_word' id='word_1_225' title='bbox 736 1986 797 2029; x_wconf 76' lang='lat'>(15</span> <span class='ocrx_word' id='word_1_226' title='bbox 815 1986 865 2027; x_wconf 76' lang='lat' dir='ltr'><strong>f.)=</strong></span> <span class='ocrx_word' id='word_1_227' title='bbox 890 1985 1050 2016; x_wconf 69' lang='lat' dir='ltr'>»Judaeae</span> <span class='ocrx_word' id='word_1_228' title='bbox 1079 1990 1139 2015; x_wconf 84' lang='lat' dir='ltr'>ter-</span> 
     </span>
     <span class='ocr_line' id='line_1_29' title="bbox 185 2049 1140 2093; baseline -0.001 -13"><span class='ocrx_word' id='word_1_229' title='bbox 185 2049 288 2080; x_wconf 84' lang='lat' dir='ltr'>minus</span> <span class='ocrx_word' id='word_1_230' title='bbox 314 2050 463 2080; x_wconf 72' lang='lat' dir='ltr'>massada</span> <span class='ocrx_word' id='word_1_231' title='bbox 491 2050 694 2089; x_wconf 71' lang='lat' dir='ltr'>castellum«,</span> <span class='ocrx_word' id='word_1_232' title='bbox 722 2050 808 2093; x_wconf 82' lang='lat' dir='ltr'>quod</span> <span class='ocrx_word' id='word_1_233' title='bbox 835 2054 940 2080; x_wconf 80' lang='lat' dir='ltr'>tamen</span> <span class='ocrx_word' id='word_1_234' title='bbox 964 2054 1050 2080; x_wconf 84' lang='lat' dir='ltr'>recte</span> <span class='ocrx_word' id='word_1_235' title='bbox 1074 2059 1140 2079; x_wconf 88' lang='lat' dir='ltr'>mo·</span> 
     </span>
     <span class='ocr_line' id='line_1_30' title="bbox 185 2109 1140 2154; baseline -0.002 -12"><span class='ocrx_word' id='word_1_236' title='bbox 185 2117 238 2142; x_wconf 82' lang='lat' dir='ltr'>net</span> <span class='ocrx_word' id='word_1_237' title='bbox 255 2111 432 2142; x_wconf 82' lang='lat' dir='ltr'>Salmasius</span> <span class='ocrx_word' id='word_1_238' title='bbox 451 2111 494 2154; x_wconf 87' lang='lat' dir='ltr'>(p.</span> <span class='ocrx_word' id='word_1_239' title='bbox 511 2113 597 2153; x_wconf 74' lang='grc'>616)</span> <span class='ocrx_word' id='word_1_240' title='bbox 617 2123 656 2142; x_wconf 86' lang='lat' dir='ltr'>ex</span> <span class='ocrx_word' id='word_1_241' title='bbox 672 2111 770 2142; x_wconf 84' lang='lat' dir='ltr'>Plinii</span> <span class='ocrx_word' id='word_1_242' title='bbox 787 2111 891 2142; x_wconf 73' lang='lat' dir='ltr'>verbis</span> <span class='ocrx_word' id='word_1_243' title='bbox 913 2111 966 2154; x_wconf 78' lang='lat'>(5,</span> <span class='ocrx_word' id='word_1_244' title='bbox 992 2111 1055 2149; x_wconf 87' lang='lat'>17,</span> <span class='ocrx_word' id='word_1_245' title='bbox 1082 2109 1140 2150; x_wconf 77' lang='lat'>15)</span> 
     </span>
     <span class='ocr_line' id='line_1_31' title="bbox 189 2171 1142 2216; baseline -0.001 -14"><span class='ocrx_word' id='word_1_246' title='bbox 189 2184 252 2203; x_wconf 86' lang='lat' dir='ltr'>non</span> <span class='ocrx_word' id='word_1_247' title='bbox 270 2172 377 2216; x_wconf 80' lang='lat' dir='ltr'>sequi:</span> <span class='ocrx_word' id='word_1_248' title='bbox 400 2173 491 2204; x_wconf 63' lang='lat' dir='ltr'>”inde</span> <span class='ocrx_word' id='word_1_249' title='bbox 507 2173 639 2204; x_wconf 78' lang='lat' dir='ltr'>Masada</span> <span class='ocrx_word' id='word_1_250' title='bbox 658 2173 824 2204; x_wconf 85' lang='lat' dir='ltr'>castellum</span> <span class='ocrx_word' id='word_1_251' title='bbox 844 2172 877 2204; x_wconf 91' lang='lat' dir='ltr'>in</span> <span class='ocrx_word' id='word_1_252' title='bbox 891 2183 970 2215; x_wconf 87' lang='lat' dir='ltr'>rupe</span> <span class='ocrx_word' id='word_1_253' title='bbox 985 2177 1017 2203; x_wconf 91' lang='lat' dir='ltr'>et</span> <span class='ocrx_word' id='word_1_254' title='bbox 1037 2171 1142 2214; x_wconf 86' lang='lat' dir='ltr'>ipsum</span> 
     </span>
     <span class='ocr_line' id='line_1_32' title="bbox 187 2233 1135 2278; baseline -0.002 -13"><span class='ocrx_word' id='word_1_255' title='bbox 187 2233 272 2265; x_wconf 85' lang='lat' dir='ltr'>haud</span> <span class='ocrx_word' id='word_1_256' title='bbox 292 2234 403 2276; x_wconf 82' lang='lat' dir='ltr'>procul</span> <span class='ocrx_word' id='word_1_257' title='bbox 434 2234 636 2278; x_wconf 72' lang='lat' dir='ltr'>Asphaltite,</span> <span class='ocrx_word' id='word_1_258' title='bbox 671 2240 703 2266; x_wconf 88' lang='lat' dir='ltr'>et</span> <span class='ocrx_word' id='word_1_259' title='bbox 732 2236 885 2266; x_wconf 82' lang='lat' dir='ltr'>haetenus</span> <span class='ocrx_word' id='word_1_260' title='bbox 909 2234 1035 2265; x_wconf 77' lang='lat' dir='ltr'>Judaea</span> <span class='ocrx_word' id='word_1_261' title='bbox 1059 2239 1135 2264; x_wconf 67' lang='lat' dir='ltr'>est«</span> 
     </span>
    </p>

    <p class='ocr_par' dir='ltr' id='par_1_13' title="bbox 189 2296 1144 2452">
     <span class='ocr_line' id='line_1_33' title="bbox 262 2296 1144 2341; baseline 0.001 -16"><span class='ocrx_word' id='word_1_262' title='bbox 262 2307 353 2326; x_wconf 67' lang='lat' dir='ltr'>mmm</span> <span class='ocrx_word' id='word_1_263' title='bbox 372 2296 472 2341; x_wconf 72' lang='lat' dir='ltr'>sedet]</span> <span class='ocrx_word' id='word_1_264' title='bbox 500 2299 597 2329; x_wconf 85' lang='lat' dir='ltr'>Forte</span> <span class='ocrx_word' id='word_1_265' title='bbox 628 2311 719 2330; x_wconf 80' lang='lat' dir='ltr'>mons</span> <span class='ocrx_word' id='word_1_266' title='bbox 742 2310 776 2330; x_wconf 84' lang='lat' dir='ltr'>se</span> <span class='ocrx_word' id='word_1_267' title='bbox 797 2296 1144 2330; x_wconf 64' lang='lat' dir='ltr'>edit.GnoT.—Nihil</span> 
     </span>
     <span class='ocr_line' id='line_1_34' title="bbox 189 2357 1143 2406; baseline -0.002 -14"><span class='ocrx_word' id='word_1_268' title='bbox 189 2358 429 2400; x_wconf 72' lang='lat' dir='ltr'>corrigendum,</span> <span class='ocrx_word' id='word_1_269' title='bbox 459 2357 502 2391; x_wconf 82' lang='lat' dir='ltr'>ita</span> <span class='ocrx_word' id='word_1_270' title='bbox 531 2359 631 2392; x_wconf 83' lang='lat' dir='ltr'>Silius</span> <span class='ocrx_word' id='word_1_271' title='bbox 662 2362 745 2405; x_wconf 76' lang='lat'>(12,</span> <span class='ocrx_word' id='word_1_272' title='bbox 776 2362 859 2404; x_wconf 78' lang='lat'>62)=</span> <span class='ocrx_word' id='word_1_273' title='bbox 889 2361 1032 2406; x_wconf 85' lang='lat' dir='ltr'>»Campo</span> <span class='ocrx_word' id='word_1_274' title='bbox 1059 2360 1143 2393; x_wconf 80' lang='lat' dir='ltr'>Nola</span> 
     </span>
     <span class='ocr_line' id='line_1_35' title="bbox 191 2420 307 2452; baseline -0.026 0"><span class='ocrx_word' id='word_1_275' title='bbox 191 2420 307 2452; x_wconf 63' lang='lat' dir='ltr'>sedet«</span> 
     </span>
    </p>

    <p class='ocr_par' dir='ltr' id='par_1_14' title="bbox 264 2480 1144 2526">
     <span class='ocr_line' id='line_1_36' title="bbox 264 2480 1144 2526; baseline 0.002 -12"><span class='ocrx_word' id='word_1_276' title='bbox 264 2480 400 2526; x_wconf 73' lang='lat' dir='ltr'>Casius]</span> <span class='ocrx_word' id='word_1_277' title='bbox 438 2480 509 2514; x_wconf 84' lang='lat' dir='ltr'>MS.</span> <span class='ocrx_word' id='word_1_278' title='bbox 537 2487 570 2513; x_wconf 79' lang='lat' dir='ltr'>et</span> <span class='ocrx_word' id='word_1_279' title='bbox 597 2482 724 2514; x_wconf 88' lang='lat' dir='ltr'>Plinius</span> <span class='ocrx_word' id='word_1_280' title='bbox 749 2484 882 2516; x_wconf 76' lang='lat' dir='ltr'>Cassius</span> <span class='ocrx_word' id='word_1_281' title='bbox 909 2490 942 2516; x_wconf 84' lang='lat' dir='ltr'>et</span> <span class='ocrx_word' id='word_1_282' title='bbox 967 2484 1010 2516; x_wconf 85' lang='lat' dir='ltr'>ita</span> <span class='ocrx_word' id='word_1_283' title='bbox 1033 2495 1144 2516; x_wconf 84' lang='lat' dir='ltr'>omnes</span> 
     </span>
    </p>
   </div>
   <div class='ocr_carea' id='block_1_9' title="bbox 192 2545 1145 2591">
    <p class='ocr_par' dir='ltr' id='par_1_15' title="bbox 192 2545 1145 2591">
     <span class='ocr_line' id='line_1_37' title="bbox 192 2545 1145 2591; baseline 0.004 -15"><span class='ocrx_word' id='word_1_284' title='bbox 192 2551 348 2578; x_wconf 62' lang='lat' dir='ltr'>auctores.</span> <span class='ocrx_word' id='word_1_285' title='bbox 367 2545 471 2579; x_wconf 75' lang='lat' dir='ltr'>Gnor.</span> <span class='ocrx_word' id='word_1_286' title='bbox 490 2564 538 2570; x_wconf 96' lang='lat'><strong>—</strong></span> <span class='ocrx_word' id='word_1_287' title='bbox 567 2545 687 2579; x_wconf 74' lang='lat' dir='ltr'>Nescio</span> <span class='ocrx_word' id='word_1_288' title='bbox 719 2559 801 2591; x_wconf 82' lang='lat' dir='ltr'>quos</span> <span class='ocrx_word' id='word_1_289' title='bbox 830 2548 931 2590; x_wconf 82' lang='lat' dir='ltr'>dieat,</span> <span class='ocrx_word' id='word_1_290' title='bbox 970 2548 1033 2580; x_wconf 89' lang='lat' dir='ltr'>nisi</span> <span class='ocrx_word' id='word_1_291' title='bbox 1064 2548 1145 2580; x_wconf 81' lang='lat' dir='ltr'>sorte</span> 
     </span>
    </p>
   </div>
   <div class='ocr_carea' id='block_1_10' title="bbox 1186 1172 2145 2526">
    <p class='ocr_par' dir='ltr' id='par_1_16' title="bbox 1186 1172 2144 2088">
     <span class='ocr_line' id='line_1_38' title="bbox 1186 1172 2135 1220; baseline -0.004 -14"><span class='ocrx_word' id='word_1_292' title='bbox 1186 1176 1362 1208; x_wconf 83' lang='lat' dir='ltr'>Eusebium</span> <span class='ocrx_word' id='word_1_293' title='bbox 1387 1176 1507 1220; x_wconf 87' lang='lat' dir='ltr'>(praep.</span> <span class='ocrx_word' id='word_1_294' title='bbox 1533 1185 1642 1215; x_wconf 78' lang='lat' dir='ltr'>evang.</span> <span class='ocrx_word' id='word_1_295' title='bbox 1665 1175 1704 1211; x_wconf 71' lang='lat'>2,</span> <span class='ocrx_word' id='word_1_296' title='bbox 1731 1174 1770 1212; x_wconf 74' lang='lat'>23</span> <span class='ocrx_word' id='word_1_297' title='bbox 1804 1186 1832 1217; x_wconf 89' lang='lat' dir='ltr'>p.</span> <span class='ocrx_word' id='word_1_298' title='bbox 1848 1174 1927 1216; x_wconf 79' lang='lat' dir='ltr'>GO):,</span> <span class='ocrx_word' id='word_1_299' title='bbox 1955 1172 2038 1216; x_wconf 84' lang='lat' dir='ltr'>apud</span> <span class='ocrx_word' id='word_1_300' title='bbox 2065 1172 2135 1202; x_wconf 86' lang='lat' dir='ltr'>reli-</span> 
     </span>
     <span class='ocr_line' id='line_1_39' title="bbox 1188 1234 2137 1282; baseline -0.004 -14"><span class='ocrx_word' id='word_1_301' title='bbox 1188 1250 1269 1282; x_wconf 87' lang='lat' dir='ltr'>quos</span> <span class='ocrx_word' id='word_1_302' title='bbox 1299 1237 1398 1275; x_wconf 84' lang='lat' dir='ltr'>enim,</span> <span class='ocrx_word' id='word_1_303' title='bbox 1433 1236 1650 1275; x_wconf 79' lang='lat' dir='ltr'>Herodotum,</span> <span class='ocrx_word' id='word_1_304' title='bbox 1684 1235 1891 1273; x_wconf 76' lang='lat' dir='ltr'>Strabonem,</span> <span class='ocrx_word' id='word_1_305' title='bbox 1919 1234 2075 1273; x_wconf 85' lang='lat' dir='ltr'>Plinium,</span> <span class='ocrx_word' id='word_1_306' title='bbox 2107 1239 2137 1263; x_wconf 75' lang='lat' dir='ltr'>et</span> 
     </span>
     <span class='ocr_line' id='line_1_40' title="bbox 1188 1295 2139 1340; baseline -0.005 -11"><span class='ocrx_word' id='word_1_307' title='bbox 1188 1299 1283 1339; x_wconf 87' lang='lat' dir='ltr'>hujus</span> <span class='ocrx_word' id='word_1_308' title='bbox 1307 1304 1338 1329; x_wconf 85' lang='lat' dir='ltr'>et</span> <span class='ocrx_word' id='word_1_309' title='bbox 1362 1298 1558 1339; x_wconf 83' lang='lat' dir='ltr'>cognominis</span> <span class='ocrx_word' id='word_1_310' title='bbox 1581 1298 1611 1327; x_wconf 91' lang='lat' dir='ltr'>iu</span> <span class='ocrx_word' id='word_1_311' title='bbox 1636 1297 1776 1340; x_wconf 66' lang='lat' dir='ltr'>Aegypti</span> <span class='ocrx_word' id='word_1_312' title='bbox 1795 1297 1908 1327; x_wconf 86' lang='lat' dir='ltr'>linibus</span> <span class='ocrx_word' id='word_1_313' title='bbox 1934 1295 2029 1338; x_wconf 85' lang='lat' dir='ltr'>positi</span> <span class='ocrx_word' id='word_1_314' title='bbox 2052 1306 2139 1326; x_wconf 79' lang='lat' dir='ltr'>mon·</span> 
     </span>
     <span class='ocr_line' id='line_1_41' title="bbox 1188 1355 2139 1391; baseline -0.006 0"><span class='ocrx_word' id='word_1_315' title='bbox 1188 1361 1230 1391; x_wconf 83' lang='lat' dir='ltr'>tis</span> <span class='ocrx_word' id='word_1_316' title='bbox 1261 1372 1377 1391; x_wconf 91' lang='lat' dir='ltr'>nomen</span> <span class='ocrx_word' id='word_1_317' title='bbox 1401 1360 1445 1391; x_wconf 85' lang='lat' dir='ltr'>ita</span> <span class='ocrx_word' id='word_1_318' title='bbox 1471 1359 1618 1391; x_wconf 76' lang='lat' dir='ltr'>scribitur</span> <span class='ocrx_word' id='word_1_319' title='bbox 1644 1364 1678 1389; x_wconf 90' lang='lat' dir='ltr'>ut</span> <span class='ocrx_word' id='word_1_320' title='bbox 1702 1371 1761 1390; x_wconf 80' lang='lat' dir='ltr'>nos</span> <span class='ocrx_word' id='word_1_321' title='bbox 1785 1358 1997 1389; x_wconf 82' lang='lat' dir='ltr'>exhibuimus,</span> <span class='ocrx_word' id='word_1_322' title='bbox 2024 1355 2139 1388; x_wconf 70' lang='lat' dir='ltr'>Confe-</span> 
     </span>
     <span class='ocr_line' id='line_1_42' title="bbox 1190 1416 2138 1464; baseline -0.006 -12"><span class='ocrx_word' id='word_1_323' title='bbox 1190 1422 1307 1452; x_wconf 63' lang='lat' dir='ltr'>rennlns</span> <span class='ocrx_word' id='word_1_324' title='bbox 1338 1421 1480 1464; x_wconf 81' lang='lat' dir='ltr'>inprimis</span> <span class='ocrx_word' id='word_1_325' title='bbox 1507 1420 1696 1451; x_wconf 71' lang='lat' dir='ltr'>Ammianus</span> <span class='ocrx_word' id='word_1_326' title='bbox 1721 1419 1926 1449; x_wconf 78' lang='lat' dir='ltr'>Marcellinus</span> <span class='ocrx_word' id='word_1_327' title='bbox 1958 1418 2035 1459; x_wconf 73' lang='lat'>(22,</span> <span class='ocrx_word' id='word_1_328' title='bbox 2065 1416 2138 1457; x_wconf 71' lang='grc' dir='ltr'>14)ε</span> 
     </span>
     <span class='ocr_line' id='line_1_43' title="bbox 1197 1477 2139 1515; baseline -0.01 0"><span class='ocrx_word' id='word_1_329' title='bbox 1197 1483 1347 1515; x_wconf 73' lang='lat' dir='ltr'>»Casium</span> <span class='ocrx_word' id='word_1_330' title='bbox 1379 1487 1517 1513; x_wconf 78' lang='lat' dir='ltr'>montem</span> <span class='ocrx_word' id='word_1_331' title='bbox 1550 1480 1715 1512; x_wconf 85' lang='lat' dir='ltr'>adscendit</span> <span class='ocrx_word' id='word_1_332' title='bbox 1750 1491 1952 1513; x_wconf 84' lang='lat' dir='ltr'>nemorosum</span> <span class='ocrx_word' id='word_1_333' title='bbox 1985 1484 2016 1510; x_wconf 84' lang='lat' dir='ltr'>et</span> <span class='ocrx_word' id='word_1_334' title='bbox 2049 1477 2139 1508; x_wconf 80' lang='lat' dir='ltr'>tereti</span> 
     </span>
     <span class='ocr_line' id='line_1_44' title="bbox 1191 1538 2141 1586; baseline -0.008 -10"><span class='ocrx_word' id='word_1_335' title='bbox 1191 1546 1309 1576; x_wconf 83' lang='lat' dir='ltr'>ambitu</span> <span class='ocrx_word' id='word_1_336' title='bbox 1335 1544 1367 1575; x_wconf 92' lang='lat' dir='ltr'>in</span> <span class='ocrx_word' id='word_1_337' title='bbox 1391 1544 1525 1575; x_wconf 84' lang='lat' dir='ltr'>sublime</span> <span class='ocrx_word' id='word_1_338' title='bbox 1550 1548 1746 1586; x_wconf 85' lang='lat' dir='ltr'>porrectum,</span> <span class='ocrx_word' id='word_1_339' title='bbox 1772 1542 1854 1572; x_wconf 88' lang='lat' dir='ltr'>unde</span> <span class='ocrx_word' id='word_1_340' title='bbox 1883 1540 2032 1572; x_wconf 78' lang='lat' dir='ltr'>secundis</span> <span class='ocrx_word' id='word_1_341' title='bbox 2053 1538 2141 1579; x_wconf 74' lang='lat' dir='ltr'>gatli-</span> 
     </span>
     <span class='ocr_line' id='line_1_45' title="bbox 1191 1602 2141 1649; baseline -0.006 -11"><span class='ocrx_word' id='word_1_342' title='bbox 1191 1608 1282 1640; x_wconf 85' lang='lat' dir='ltr'>einiis</span> <span class='ocrx_word' id='word_1_343' title='bbox 1307 1607 1431 1638; x_wconf 69' lang='lat' dir='ltr'>videtur</span> <span class='ocrx_word' id='word_1_344' title='bbox 1458 1607 1557 1649; x_wconf 88' lang='lat' dir='ltr'>primo</span> <span class='ocrx_word' id='word_1_345' title='bbox 1584 1605 1671 1637; x_wconf 90' lang='lat' dir='ltr'>Solis</span> <span class='ocrx_word' id='word_1_346' title='bbox 1695 1611 1862 1643; x_wconf 68' lang='lat' dir='ltr'>exortusu,</span> <span class='ocrx_word' id='word_1_347' title='bbox 1890 1604 1944 1634; x_wconf 91' lang='lat' dir='ltr'>ubi</span> <span class='ocrx_word' id='word_1_348' title='bbox 1966 1603 2055 1646; x_wconf 87' lang='lat' dir='ltr'>plura</span> <span class='ocrx_word' id='word_1_349' title='bbox 2077 1602 2141 1632; x_wconf 67' lang='lat' dir='ltr'>Va·</span> 
     </span>
     <span class='ocr_line' id='line_1_46' title="bbox 1192 1665 2142 1714; baseline -0.009 -11"><span class='ocrx_word' id='word_1_350' title='bbox 1192 1672 1291 1703; x_wconf 84' lang='lat' dir='ltr'>lesius</span> <span class='ocrx_word' id='word_1_351' title='bbox 1315 1672 1363 1714; x_wconf 87' lang='lat' dir='ltr'>(p.</span> <span class='ocrx_word' id='word_1_352' title='bbox 1380 1671 1453 1702; x_wconf 77' lang='lat'>559</span> <span class='ocrx_word' id='word_1_353' title='bbox 1478 1670 1526 1700; x_wconf 88' lang='lat' dir='ltr'>ed.</span> <span class='ocrx_word' id='word_1_354' title='bbox 1552 1669 1724 1711; x_wconf 57' lang='lat' dir='ltr'>Gronov),</span> <span class='ocrx_word' id='word_1_355' title='bbox 1760 1674 1792 1699; x_wconf 88' lang='lat' dir='ltr'>et</span> <span class='ocrx_word' id='word_1_356' title='bbox 1811 1667 1944 1699; x_wconf 90' lang='lat' dir='ltr'>Solinus</span> <span class='ocrx_word' id='word_1_357' title='bbox 1972 1666 2061 1708; x_wconf 72' lang='lat'>(5(=);</span> <span class='ocrx_word' id='word_1_358' title='bbox 2087 1665 2142 1694; x_wconf 78' lang='lat' dir='ltr'>»ln</span> 
     </span>
     <span class='ocr_line' id='line_1_47' title="bbox 1193 1730 2142 1772; baseline -0.009 -5"><span class='ocrx_word' id='word_1_359' title='bbox 1193 1735 1341 1767; x_wconf 84' lang='lat' dir='ltr'>Seleucia</span> <span class='ocrx_word' id='word_1_360' title='bbox 1374 1734 1454 1765; x_wconf 83' lang='lat' dir='ltr'>alter</span> <span class='ocrx_word' id='word_1_361' title='bbox 1481 1733 1598 1764; x_wconf 85' lang='lat' dir='ltr'>Casius</span> <span class='ocrx_word' id='word_1_362' title='bbox 1631 1744 1722 1763; x_wconf 86' lang='lat' dir='ltr'>mons</span> <span class='ocrx_word' id='word_1_363' title='bbox 1757 1737 1821 1771; x_wconf 84' lang='lat' dir='ltr'>est,</span> <span class='ocrx_word' id='word_1_364' title='bbox 1851 1730 2041 1762; x_wconf 71' lang='lat' dir='ltr'>Antiochiae</span> <span class='ocrx_word' id='word_1_365' title='bbox 2071 1739 2142 1772; x_wconf 81' lang='lat' dir='ltr'>pro-</span> 
     </span>
     <span class='ocr_line' id='line_1_48' title="bbox 1193 1793 2142 1841; baseline -0.008 -14"><span class='ocrx_word' id='word_1_366' title='bbox 1193 1798 1349 1841; x_wconf 83' lang='lat' dir='ltr'>pinquus,</span> <span class='ocrx_word' id='word_1_367' title='bbox 1373 1794 1465 1835; x_wconf 83' lang='lat' dir='ltr'>cujus</span> <span class='ocrx_word' id='word_1_368' title='bbox 1490 1807 1507 1825; x_wconf 89' lang='lat' dir='ltr'>e</span> <span class='ocrx_word' id='word_1_369' title='bbox 1531 1794 1647 1825; x_wconf 82' lang='lat' dir='ltr'>vertice</span> <span class='ocrx_word' id='word_1_370' title='bbox 1673 1793 1779 1834; x_wconf 70' lang='lat' dir='ltr'>vigilia</span> <span class='ocrx_word' id='word_1_371' title='bbox 1805 1793 1908 1824; x_wconf 82' lang='lat' dir='ltr'>adhue</span> <span class='ocrx_word' id='word_1_372' title='bbox 1932 1796 2044 1834; x_wconf 85' lang='lat' dir='ltr'>quarta</span> <span class='ocrx_word' id='word_1_373' title='bbox 2069 1800 2142 1820; x_wconf 80' lang='lat' dir='ltr'>con-</span> 
     </span>
     <span class='ocr_line' id='line_1_49' title="bbox 1194 1854 2144 1904; baseline -0.009 -14"><span class='ocrx_word' id='word_1_374' title='bbox 1194 1860 1327 1904; x_wconf 78' lang='lat' dir='ltr'>spicitur</span> <span class='ocrx_word' id='word_1_375' title='bbox 1346 1858 1460 1899; x_wconf 81' lang='lat' dir='ltr'>globus</span> <span class='ocrx_word' id='word_1_376' title='bbox 1482 1857 1586 1895; x_wconf 79' lang='lat' dir='ltr'>Solis,</span> <span class='ocrx_word' id='word_1_377' title='bbox 1615 1862 1646 1887; x_wconf 82' lang='lat' dir='ltr'>et</span> <span class='ocrx_word' id='word_1_378' title='bbox 1670 1856 1758 1888; x_wconf 84' lang='lat' dir='ltr'>brevi</span> <span class='ocrx_word' id='word_1_379' title='bbox 1781 1855 1922 1898; x_wconf 82' lang='lat' dir='ltr'>corporis</span> <span class='ocrx_word' id='word_1_380' title='bbox 1942 1854 2144 1890; x_wconf 75' lang='lat' dir='ltr'>circumactu,</span> 
     </span>
     <span class='ocr_line' id='line_1_50' title="bbox 1193 1911 2142 1961; baseline -0.007 -9"><span class='ocrx_word' id='word_1_381' title='bbox 1193 1921 1289 1952; x_wconf 80' lang='lat' dir='ltr'>radiis</span> <span class='ocrx_word' id='word_1_382' title='bbox 1319 1919 1484 1960; x_wconf 83' lang='lat' dir='ltr'>caliginem</span> <span class='ocrx_word' id='word_1_383' title='bbox 1510 1918 1755 1961; x_wconf 80' lang='lat' dir='ltr'>dissipantibus,</span> <span class='ocrx_word' id='word_1_384' title='bbox 1779 1917 1866 1948; x_wconf 91' lang='lat' dir='ltr'>illine</span> <span class='ocrx_word' id='word_1_385' title='bbox 1891 1928 1973 1953; x_wconf 86' lang='lat' dir='ltr'>nox,</span> <span class='ocrx_word' id='word_1_386' title='bbox 2000 1913 2051 1943; x_wconf 83' lang='lat' dir='ltr'>hie</span> <span class='ocrx_word' id='word_1_387' title='bbox 2075 1911 2142 1942; x_wconf 74' lang='lat' dir='ltr'>(lies</span> 
     </span>
     <span class='ocr_line' id='line_1_51' title="bbox 1192 1973 2142 2022; baseline -0.011 -9"><span class='ocrx_word' id='word_1_388' title='bbox 1192 1982 1347 2020; x_wconf 68' lang='lat' dir='ltr'>cernitur,</span> <span class='ocrx_word' id='word_1_389' title='bbox 1380 1980 1451 2011; x_wconf 81' lang='lat' dir='ltr'>talis</span> <span class='ocrx_word' id='word_1_390' title='bbox 1473 1992 1490 2011; x_wconf 91' lang='lat' dir='ltr'>e</span> <span class='ocrx_word' id='word_1_391' title='bbox 1511 1979 1609 2011; x_wconf 86' lang='lat' dir='ltr'>Casio</span> <span class='ocrx_word' id='word_1_392' title='bbox 1633 1979 1762 2022; x_wconf 83' lang='lat' dir='ltr'>specula</span> <span class='ocrx_word' id='word_1_393' title='bbox 1785 1983 1849 2017; x_wconf 87' lang='lat' dir='ltr'>est,</span> <span class='ocrx_word' id='word_1_394' title='bbox 1881 1982 1915 2007; x_wconf 83' lang='lat' dir='ltr'>ut</span> <span class='ocrx_word' id='word_1_395' title='bbox 1934 1976 2038 2008; x_wconf 84' lang='lat' dir='ltr'>lucem</span> <span class='ocrx_word' id='word_1_396' title='bbox 2055 1973 2142 2018; x_wconf 84' lang='lat' dir='ltr'>prius</span> 
     </span>
     <span class='ocr_line' id='line_1_52' title="bbox 1192 2043 1765 2088; baseline -0.009 -11"><span class='ocrx_word' id='word_1_397' title='bbox 1192 2046 1317 2084; x_wconf 82' lang='lat' dir='ltr'>videas,</span> <span class='ocrx_word' id='word_1_398' title='bbox 1343 2056 1438 2088; x_wconf 82' lang='lat' dir='ltr'>quam</span> <span class='ocrx_word' id='word_1_399' title='bbox 1461 2045 1642 2088; x_wconf 80' lang='lat' dir='ltr'>auspicetur</span> <span class='ocrx_word' id='word_1_400' title='bbox 1668 2043 1765 2074; x_wconf 67' lang='lat' dir='ltr'>dies.-</span> 
     </span>
    </p>

    <p class='ocr_par' dir='ltr' id='par_1_17' title="bbox 1194 2099 2145 2526">
     <span class='ocr_line' id='line_1_53' title="bbox 1267 2099 2144 2150; baseline -0.01 -11"><span class='ocrx_word' id='word_1_401' title='bbox 1267 2105 1463 2150; x_wconf 76' lang='lat' dir='ltr'>Euphrates]</span> <span class='ocrx_word' id='word_1_402' title='bbox 1491 2107 1541 2137; x_wconf 90' lang='lat' dir='ltr'>De</span> <span class='ocrx_word' id='word_1_403' title='bbox 1568 2106 1638 2147; x_wconf 88' lang='lat' dir='ltr'>ejus</span> <span class='ocrx_word' id='word_1_404' title='bbox 1667 2116 1763 2136; x_wconf 86' lang='lat' dir='ltr'>cursu</span> <span class='ocrx_word' id='word_1_405' title='bbox 1787 2103 1857 2135; x_wconf 77' lang='lat' dir='ltr'>vide</span> <span class='ocrx_word' id='word_1_406' title='bbox 1881 2102 2072 2135; x_wconf 82' lang='lat' dir='ltr'>Strabonem</span> <span class='ocrx_word' id='word_1_407' title='bbox 2095 2099 2144 2142; x_wconf 74' lang='grc'>(9.,</span> 
     </span>
     <span class='ocr_line' id='line_1_54' title="bbox 1194 2162 2141 2216; baseline -0.012 -13"><span class='ocrx_word' id='word_1_408' title='bbox 1194 2185 1227 2216; x_wconf 92' lang='lat' dir='ltr'>p.</span> <span class='ocrx_word' id='word_1_409' title='bbox 1244 2173 1293 2203; x_wconf 80' lang='grc'>89</span> <span class='ocrx_word' id='word_1_410' title='bbox 1317 2171 1486 2211; x_wconf 50' lang='lat' dir='ltr'>casaub),</span> <span class='ocrx_word' id='word_1_411' title='bbox 1513 2169 1685 2212; x_wconf 76' lang='lat' dir='ltr'>Polybium</span> <span class='ocrx_word' id='word_1_412' title='bbox 1708 2169 1762 2211; x_wconf 78' lang='grc'>(9,</span> <span class='ocrx_word' id='word_1_413' title='bbox 1786 2169 1851 2206; x_wconf 72' lang='lat'>553</span> <span class='ocrx_word' id='word_1_414' title='bbox 1881 2179 1913 2209; x_wconf 87' lang='lat' dir='ltr'>p.</span> <span class='ocrx_word' id='word_1_415' title='bbox 1933 2167 2003 2197; x_wconf 80' lang='lat'>797</span> <span class='ocrx_word' id='word_1_416' title='bbox 2030 2162 2141 2205; x_wconf 82' lang='lat' dir='ltr'>scqu.)‚</span> 
     </span>
     <span class='ocr_line' id='line_1_55' title="bbox 1195 2225 2142 2276; baseline -0.013 -10"><span class='ocrx_word' id='word_1_417' title='bbox 1195 2235 1336 2267; x_wconf 89' lang='lat' dir='ltr'>Plinium</span> <span class='ocrx_word' id='word_1_418' title='bbox 1361 2235 1408 2276; x_wconf 79' lang='lat'>(5,</span> <span class='ocrx_word' id='word_1_419' title='bbox 1427 2233 1501 2275; x_wconf 69' lang='lat'>54),</span> <span class='ocrx_word' id='word_1_420' title='bbox 1525 2238 1557 2263; x_wconf 85' lang='lat' dir='ltr'>et</span> <span class='ocrx_word' id='word_1_421' title='bbox 1576 2231 1789 2275; x_wconf 86' lang='lat' dir='ltr'>Pomponium</span> <span class='ocrx_word' id='word_1_422' title='bbox 1811 2230 1929 2262; x_wconf 83' lang='lat' dir='ltr'>Melam</span> <span class='ocrx_word' id='word_1_423' title='bbox 1949 2229 1995 2269; x_wconf 80' lang='grc'>(5,</span> <span class='ocrx_word' id='word_1_424' title='bbox 2013 2226 2058 2268; x_wconf 89' lang='grc'>8).</span> <span class='ocrx_word' id='word_1_425' title='bbox 2081 2225 2142 2256; x_wconf 85' lang='lat' dir='ltr'>Ce-</span> 
     </span>
     <span class='ocr_line' id='line_1_56' title="bbox 1195 2289 2142 2339; baseline -0.014 -10"><span class='ocrx_word' id='word_1_426' title='bbox 1195 2303 1296 2329; x_wconf 82' lang='lat' dir='ltr'>terum</span> <span class='ocrx_word' id='word_1_427' title='bbox 1326 2296 1429 2327; x_wconf 68' lang='lat' dir='ltr'>delevi</span> <span class='ocrx_word' id='word_1_428' title='bbox 1460 2295 1715 2339; x_wconf 80' lang='lat' dir='ltr'>inscriptionem,</span> <span class='ocrx_word' id='word_1_429' title='bbox 1752 2303 1833 2335; x_wconf 83' lang='lat' dir='ltr'>quae</span> <span class='ocrx_word' id='word_1_430' title='bbox 1867 2291 1900 2321; x_wconf 87' lang='lat' dir='ltr'>in</span> <span class='ocrx_word' id='word_1_431' title='bbox 1933 2289 2025 2320; x_wconf 83' lang='lat' dir='ltr'>editis</span> <span class='ocrx_word' id='word_1_432' title='bbox 2061 2292 2142 2318; x_wconf 82' lang='lat' dir='ltr'>erat:</span> 
     </span>
     <span class='ocr_line' id='line_1_57' title="bbox 1203 2351 2144 2401; baseline -0.013 -11"><span class='ocrx_word' id='word_1_433' title='bbox 1203 2359 1260 2390; x_wconf 76' lang='lat' dir='ltr'>nde</span> <span class='ocrx_word' id='word_1_434' title='bbox 1289 2358 1454 2401; x_wconf 81' lang='lat' dir='ltr'>Euphrate</span> <span class='ocrx_word' id='word_1_435' title='bbox 1489 2368 1603 2398; x_wconf 83' lang='lat' dir='ltr'>magno</span> <span class='ocrx_word' id='word_1_436' title='bbox 1635 2355 1768 2394; x_wconf 71' lang='lat' dir='ltr'>fluvio«,</span> <span class='ocrx_word' id='word_1_437' title='bbox 1803 2352 1876 2396; x_wconf 86' lang='lat' dir='ltr'>quia</span> <span class='ocrx_word' id='word_1_438' title='bbox 1903 2351 1936 2382; x_wconf 89' lang='lat' dir='ltr'>in</span> <span class='ocrx_word' id='word_1_439' title='bbox 1960 2357 2144 2381; x_wconf 79' lang='lat' dir='ltr'>transcursu</span> 
     </span>
     <span class='ocr_line' id='line_1_58' title="bbox 1195 2411 2145 2460; baseline -0.012 -9"><span class='ocrx_word' id='word_1_440' title='bbox 1195 2425 1318 2452; x_wconf 76' lang='lat' dir='ltr'>tantum</span> <span class='ocrx_word' id='word_1_441' title='bbox 1342 2418 1426 2450; x_wconf 76' lang='lat' dir='ltr'>inter</span> <span class='ocrx_word' id='word_1_442' title='bbox 1450 2423 1555 2449; x_wconf 80' lang='lat' dir='ltr'>cetera</span> <span class='ocrx_word' id='word_1_443' title='bbox 1579 2419 1663 2449; x_wconf 87' lang='lat' dir='ltr'>hune</span> <span class='ocrx_word' id='word_1_444' title='bbox 1686 2426 1813 2460; x_wconf 86' lang='lat' dir='ltr'>quoque</span> <span class='ocrx_word' id='word_1_445' title='bbox 1835 2412 2011 2445; x_wconf 81' lang='lat' dir='ltr'>Martianus</span> <span class='ocrx_word' id='word_1_446' title='bbox 2034 2411 2145 2452; x_wconf 68' lang='lat' dir='ltr'>tangit,</span> 
     </span>
     <span class='ocr_line' id='line_1_59' title="bbox 1196 2475 2145 2526; baseline -0.011 -10"><span class='ocrx_word' id='word_1_447' title='bbox 1196 2484 1359 2526; x_wconf 84' lang='lat' dir='ltr'>multaque</span> <span class='ocrx_word' id='word_1_448' title='bbox 1382 2487 1576 2526; x_wconf 84' lang='lat' dir='ltr'>sequuntur,</span> <span class='ocrx_word' id='word_1_449' title='bbox 1607 2492 1688 2524; x_wconf 88' lang='lat' dir='ltr'>quae</span> <span class='ocrx_word' id='word_1_450' title='bbox 1711 2478 1750 2509; x_wconf 83' lang='lat' dir='ltr'>ad</span> <span class='ocrx_word' id='word_1_451' title='bbox 1774 2489 1845 2509; x_wconf 89' lang='lat' dir='ltr'>eum</span> <span class='ocrx_word' id='word_1_452' title='bbox 1870 2487 1934 2507; x_wconf 88' lang='lat' dir='ltr'>non</span> <span class='ocrx_word' id='word_1_453' title='bbox 1957 2475 2145 2518; x_wconf 85' lang='lat' dir='ltr'>pertineant.</span> 
     </span>
    </p>
   </div>
   <div class='ocr_carea' id='block_1_11' title="bbox 1274 2536 2146 2589">
    <p class='ocr_par' dir='ltr' id='par_1_18' title="bbox 1274 2536 2146 2589">
     <span class='ocr_line' id='line_1_60' title="bbox 1274 2536 2146 2589; baseline -0.017 -8"><span class='ocrx_word' id='word_1_454' title='bbox 1274 2542 1426 2589; x_wconf 68' lang='lat' dir='ltr'>Capotes]</span> <span class='ocrx_word' id='word_1_455' title='bbox 1452 2544 1502 2578; x_wconf 79' lang='lat' dir='ltr'>lta</span> <span class='ocrx_word' id='word_1_456' title='bbox 1524 2543 1650 2577; x_wconf 83' lang='lat' dir='ltr'>codices</span> <span class='ocrx_word' id='word_1_457' title='bbox 1666 2536 1950 2578; x_wconf 84' lang='lat' dir='ltr'>Reichenauensis,</span> <span class='ocrx_word' id='word_1_458' title='bbox 1975 2537 2146 2568; x_wconf 79' lang='lat' dir='ltr'>Darmstnt-</span> 
     </span>
    </p>
   </div>
   <div class='ocr_carea' id='block_1_12' title="bbox 1700 2601 1748 2632">
    <p class='ocr_par' dir='ltr' id='par_1_19' title="bbox 1700 2601 1748 2632">
     <span class='ocr_line' id='line_1_61' title="bbox 1700 2601 1748 2632; baseline 0 0"><span class='ocrx_word' id='word_1_459' title='bbox 1700 2601 1748 2632; x_wconf 80' lang='lat'>70</span> 
     </span>
    </p>
   </div>
   <div class='ocr_carea' id='block_1_13' title="bbox 2163 626 2251 667">
    <p class='ocr_par' dir='ltr' id='par_1_20' title="bbox 2163 626 2251 667">
     <span class='ocr_line' id='line_1_62' title="bbox 2163 626 2251 667; baseline -0.011 0"><span class='ocrx_word' id='word_1_460' title='bbox 2163 626 2251 667; x_wconf 78' lang='lat'>680</span> 
     </span>
    </p>
   </div>
   <div class='ocr_carea' id='block_1_14' title="bbox 2167 945 2249 985">
    <p class='ocr_par' dir='ltr' id='par_1_21' title="bbox 2167 945 2249 985">
     <span class='ocr_line' id='line_1_63' title="bbox 2167 945 2249 985; baseline 0 0"><span class='ocrx_word' id='word_1_461' title='bbox 2167 946 2225 985; x_wconf 71' lang='lat' dir='ltr'>Gs</span> <span class='ocrx_word' id='word_1_462' title='bbox 2235 945 2249 985; x_wconf 89' lang='lat' dir='ltr'>l</span> 
     </span>
    </p>
   </div>
  </div>
 </body>
</html>
