2310 2860
651 142 849 184 Martiani
881 142 1080 199 Capellae
1111 142 1182 185 lib.
1208 141 1305 184 VII.
1335 144 1366 194 ᾗ.
1390 142 1486 182 751.
1959 141 2051 181 585

98 249 280 292 ardores.
347 249 469 290 Hanc
499 262 673 305 quoque
705 249 774 289 alii
811 248 1103 299 concordiam,
1148 247 1260 289 hanc
1301 248 1496 303 pietatem
1532 246 1849 301 amicitiamque
1881 244 2048 296 dixere,

96 330 213 387 quod
246 331 303 372 ita
332 340 537 381 nectatur,
567 340 613 370 ut
638 345 722 370 non
752 340 915 370 secetur
946 332 989 370 in
1019 337 1180 385 partes,
1210 337 1353 370 tamen
1385 327 1538 368 rectius
1567 327 1730 382 Jupiter
1759 335 2048 383 nuncupatur,

96 412 215 467 quod
243 413 295 453 sit
322 411 436 454 idem
468 421 595 468 caput
626 426 673 452 ac
704 421 822 467 pater
855 411 1052 453 deorum.

902 568 981 609 DE
1025 567 1246 609 DYADE.

266 673 466 728 Denique
498 687 636 728 quum
667 687 802 714 unum
846 672 953 713 facta
1001 673 1043 712 in
1077 673 1370 727 quodcunque
1401 671 1647 723 defluxerit,
1692 672 1787 712 licet
1818 673 1908 725 ejus
1939 672 2049 711 linea
2081 669 2170 713 759.

96 753 332 795 insecabilis
377 770 426 795 ac
471 756 558 795 siue
607 755 836 795 latitudinis
885 753 1185 809 significatione
1232 754 1457 804 fundatur,
1517 753 1702 808 dyadem
1752 762 1894 793 tamen
1940 750 2049 791 facit.

98 833 223 884 Quae
253 834 377 889 dyas,
410 835 526 890 quod
558 836 607 876 sit
638 837 776 890 prima
808 835 1064 890 procreatio,
1103 848 1125 874 a
1152 835 1365 875 nonnullis
1396 835 1556 889 genesis
1587 834 1720 886 dicta3
1760 832 1877 888 quod
1909 841 2050 872 autem

97 915 205 956 inter
239 931 334 956 eam
374 931 422 956 ac
460 916 689 956 monadem
732 916 871 971 prima
905 916 1143 969 conjunctio
1175 925 1235 956 est
1265 915 1613 969 consortiumque
1651 913 1892 963 consimile,
1941 911 2052 951 Juno

98 996 348 1051 perhibetur
379 997 447 1037 vel
479 998 665 1050 conjunx
698 997 765 1037 vel
795 1011 998 1050 germana
1021 996 1321 1050 praecedentis
1367 996 1441 1036 Est
1465 1005 1606 1035 autem
1634 994 1865 1034 medietatis
1897 1007 2054 1047 capax3

97 1092 199 1118 nam
246 1077 359 1117 bona
398 1077 600 1130 malaque
638 1077 877 1131 participat:
925 1077 1073 1116 eadem
1119 1075 1350 1124 discordia,
1399 1090 1451 1115 ex
1491 1090 1576 1129 qua
1619 1074 1798 1114 adversa
1842 1074 2056 1123 oriantur,

97 1166 241 1212 utpote
262 1171 374 1211 quae
399 1157 536 1212 prima
561 1157 710 1211 poterit
735 1157 788 1196 ab
813 1157 1067 1197 adhaerente
1099 1157 1309 1211 separari3
1352 1156 1392 1195 in
1426 1155 1545 1194 bonis
1575 1170 1676 1195 vero
1708 1154 1856 1194 eadem
1888 1153 2056 1206 justitia,

100 1237 217 1291 quod
262 1237 432 1278 duobus
488 1238 631 1291 aequis
676 1237 858 1292 gaudeat
899 1236 1056 1292 pariter
1101 1235 1361 1290 ponderati33
1413 1235 1652 1288 eademque
1695 1235 1891 1285 societas,
1941 1232 2058 1287 quod

102 1318 347 1369 vinculum,
402 1333 489 1372 quo
533 1318 674 1359 media
718 1327 1040 1366 connectantur,
1083 1315 1293 1355 habeatur
1333 1314 1535 1368 utrinque
1575 1328 1819 1353 commune.
1879 1313 1946 1354 Ab
1978 1312 2056 1352 hae

101 1412 309 1438 numerus
334 1398 597 1452 auspicatur3
630 1407 668 1437 et
691 1406 749 1438 est
780 1396 1001 1452 opinabilis
1027 1395 1263 1450 corporatio
1299 1402 1527 1446 motusque
1551 1395 1677 1446 primi
1701 1393 2057 1447 probamentum,

102 1476 413 1518 elementorum
445 1477 569 1517 etiam
602 1485 758 1526 mater,
789 1491 889 1516 nam
922 1475 975 1516 (le
1005 1475 1144 1530 dyade
1177 1482 1356 1530 quartus
1383 1473 1694 1514 elementorum
1725 1486 1932 1513 numerus
1957 1486 2058 1527 pro-

103 1567 292 1610 creatur;
340 1559 569 1614 primaque
603 1558 744 1599 forma
774 1558 960 1613 paritatis
991 1567 1062 1598 est.

588 1723 607 1730 ⁴
910 1713 989 1754 DE
1028 1711 1265 1754 TRIADE.

275 1819 400 1860 Trias
431 1834 533 1860 vero
564 1819 759 1874 princeps
794 1818 1026 1873 imparium
1064 1833 1296 1868 numerus,
1334 1817 1635 1872 perfectusque
1667 1815 1922 1868 censendus3
1960 1828 2059 1856 nam
2092 1809 2180 1851 755

107 1898 223 1954 prior
252 1899 418 1939 initium
459 1899 652 1939 medium
695 1898 914 1953 finemque
957 1899 1149 1948 sortitur,
1205 1907 1244 1937 et
1285 1907 1479 1938 centrum
1526 1897 1758 1938 medietatis
1805 1896 1858 1937 ad
1894 1894 2062 1935 initium

185 2009 292 2034 tamen
312 1999 451 2045 rectius]
478 2001 676 2033 Macrobius:
703 2001 811 2032 »Ilaec
838 2012 947 2031 monas
973 2000 1057 2044 priu-
1177 1999 1320 2045 justitia]
1344 2000 1605 2042 Theologumena
1625 2000 1855 2032 Arithmetieae
1871 1998 1914 2042 (p.
1932 1998 1989 2038 12,
2009 1997 2063 2039 lq:

108 2066 224 2109 cipium
242 2066 379 2108 finisque
401 2065 556 2104 omnium,
581 2077 645 2095 nou
663 2064 730 2107 ipsa
748 2064 895 2108 principii
914 2069 967 2095 aut
987 2063 1058 2095 finis
1110 2058 1189 2095 ἀπὸ
1216 2059 1255 2096 δὲ
1276 2060 1348 2107 τῆς
1375 2061 1427 2100 εἷς
1451 2057 1521 2096 δύο
1547 2060 1670 2107 τομῆς
1693 2060 1792 2107 Δίκη
1820 2057 1936 2096 Οἱονεὶ
1954 2058 2060 2103 δίχη-

109 2130 231 2169 sciens,
266 2129 305 2160 ad
337 2140 493 2159 summum
521 2129 658 2159 refertur
685 2128 807 2158 deum«
840 2128 884 2158 Et
901 2127 1059 2170 Synesius
1110 2125 1243 2157 Justitia
1264 2131 1370 2156 autem
1388 2125 1601 2168 Pythagoreis
1621 2131 1687 2157 erat
1705 2123 1749 2159 τὸ
1772 2119 2064 2160 ἀντιπεπονθὸς

110 2191 279 2235 episeopus
301 2190 490 2222 Platonicus
508 2202 604 2234 saepe
624 2190 718 2221 deum
735 2186 868 2232 μονάδ’
889 2185 1060 2236 ἀρρήτην
1113 2186 1264 2231 (Aristot.
1287 2187 1395 2228 Magn.
1418 2187 1499 2219 Mor.
1522 2188 1559 2227 1,
1586 2186 1658 2229 54).

110 2254 376 2286 nominat.Gu0T.
1187 2246 1431 2293 elementorum]
1471 2247 1619 2291 Ineptum
1656 2252 1706 2278 est
1735 2247 1821 2290 quod
1852 2246 1931 2278 alios
1958 2244 2064 2286 legere

187 2314 378 2360 defluxerit]
412 2315 468 2348 Sic
501 2321 587 2348 recte
623 2316 815 2356 anteriores3
857 2316 896 2347 de
929 2314 1065 2346 monade
1115 2311 1250 2345 Grotius
1270 2311 1404 2353 margini
1428 2311 1597 2355 adscripsit
1620 2312 1765 2342 aliorum.

113 2379 212 2418 enim,
252 2389 332 2421 quae
355 2389 456 2408 unum
478 2377 561 2408 saeta
589 2383 654 2417 est,
689 2389 792 2409 sermo
820 2382 886 2418 est5
931 2376 1065 2409 Grotius
1190 2373 1369 2419 perfectus]
1396 2375 1510 2406 Theon
1527 2375 1663 2418 (arithm.
1679 2373 1745 2412 52,
1771 2384 1801 2415 p.
1818 2371 1865 2401 72
1885 2369 1992 2412 extr.):
2009 2368 2066 2403 λε’-

113 2442 222 2475 neseio
245 2441 330 2472 unde
348 2440 552 2484 defluxerint.
1114 2448 1223 2484 γεται
1243 2435 1284 2471 ὃὲ
1314 2434 1379 2470 καὶ,
1407 2433 1428 2470 ὁ
1450 2435 1537 2482 τρία
1561 2435 1725 2478 τέλειος,
1754 2430 1884 2477 ἐπειδὴ
1911 2431 2070 2477 πρῶτος

188 2515 270 2550 quae
291 2500 413 2546 prima]
447 2501 487 2533 In
514 2501 623 2533 codice
648 2502 897 2534 Darmstauensi
926 2514 989 2549 qua
1016 2506 1065 2533 est
1117 2495 1251 2545 ἀρχὴν
1270 2495 1335 2532 καὶ
1356 2496 1453 2541 μέσα
1470 2495 1534 2531 καὶ,
1560 2496 1684 2542 πέρας
1702 2497 1796 2540 ἔχει.
1824 2493 1920 2525 Adde
1936 2493 2070 2524 cundem

118 2577 176 2609 pro
205 2576 303 2611 quae3
321 2563 413 2594 male.
740 2606 750 2614 ι
1118 2563 1156 2594 de
1185 2561 1305 2594 musica
1329 2561 1408 2604 (40,
1437 2573 1469 2604 p.
1487 2560 1587 2603 157),
1614 2559 1820 2590 Plutarchum
1846 2557 1911 2601 (qu.
1932 2568 2070 2600 sympos

1629 2621 1673 2651 71
