2310 2860
734 159 931 201 Martiani
970 158 1170 215 Capellae
1204 157 1275 199 lib.
1304 158 1378 200 ΙΙΙ.
1417 160 1449 210 ᾗ.
1472 158 1573 201 262.
2054 160 2137 200 281

597 268 687 309 Hoc
721 268 845 322 igitur
875 265 1059 307 subdens
1090 263 1345 305 nectendum
1376 265 1556 320 concipit
1589 264 1707 315 ordo,

695 348 736 387 S1
771 355 977 395 vestrum,
1009 345 1167 400 superi,
1199 345 1449 400 comprobat
1478 345 1715 386 arbitrium.

184 427 300 469 Hace
335 442 470 483 quum
517 427 806 468 Grammatico
840 426 1016 475 diceret,
1068 439 1252 479 eamque
1291 424 1487 480 progredi
1526 426 1690 480 Jupiter
1727 426 1964 482 Deliusque
2011 440 2137 483 prae-
2166 427 2256 471 265

184 510 390 564 ciperem,
427 508 494 548 hic
524 508 679 548 Pallas:
712 508 763 547 dc
792 507 989 561 junctura
1021 506 1307 560 syllabarum,
1337 507 1494 561 inquit,
1525 506 1629 548 dum
1656 507 1761 548 haec
1791 510 2030 550 Litcratura
2061 508 2135 550 de-

186 598 406 645 properat,
458 597 621 644 partem
673 587 912 627 historicam
959 588 1249 640 praetermisit.
1325 586 1423 636 Quo
1469 587 1640 641 virginis
1686 589 1852 640 objectu
1895 591 2134 644 perterrita:

183 672 291 722 scio,
322 672 477 725 inquit,
508 670 614 710 mihi
639 669 825 725 plurima
848 669 1127 722 transeunda,
1157 684 1210 710 ne
1234 668 1462 710 minutiora
1486 668 1688 708 nectendo
1713 669 1928 710 fastidium
1951 685 2132 725 superae

185 752 388 793 beatitatis
418 752 658 802 incurram3
717 750 932 806 proposito
964 750 1088 804 igitur
1112 764 1188 804 per
1219 748 1538 803 compendiosos
1564 749 1688 788 calles
1718 749 1864 790 festina
1889 749 2131 805 perfungar,

182 848 234 874 ne
276 833 413 875 densis
460 832 714 874 obumbrata
763 830 996 874 ramalibus
1042 829 1160 873 velut
1203 829 1430 871 senticosae
1476 829 1622 887 copiae
1660 828 1860 870 densitate
1897 829 2132 875 silvescam.

714 990 789 1030 DE
834 976 1148 1032 JUNCTURA
1195 987 1600 1029 SYLLABARUM.

348 1095 518 1149 Syllaba
554 1097 679 1151 igitur
709 1096 818 1137 dicta
850 1106 930 1146 est,
965 1095 1080 1150 quod
1114 1095 1266 1149 junctis
1294 1095 1423 1134 literis
1455 1095 1637 1134 sonitum
1669 1092 1796 1133 simul
1829 1090 2127 1147 accipientibus
2161 1082 2247 1124 234

178 1176 445 1218 informetur.
510 1177 667 1231 Cujus,
712 1187 757 1217 ut
794 1177 903 1228 dixi,
945 1186 1025 1217 tres
1061 1185 1202 1231 partes
1237 1189 1323 1214 csse
1364 1189 1446 1214 non
1487 1173 1667 1214 dubium
1702 1182 1784 1222 cst,
1827 1171 1879 1212 de
1912 1172 2132 1226 junctura,

179 1254 232 1295 de
262 1256 446 1310 fastigio,
481 1265 552 1296 aut
580 1255 632 1295 de
662 1255 1008 1309 longitudinibus.
1066 1253 1297 1294 Juncturac
1327 1263 1424 1293 sunt
1453 1267 1607 1309 genera
1639 1262 1844 1307 quatuor,
1887 1251 1972 1291 duo
2006 1259 2130 1290 natu—
2159 1245 2247 1287 265

178 1333 296 1383 ralia,
325 1333 411 1373 duo
437 1333 648 1376 historica.
682 1334 905 1373 Naturalia
935 1343 1032 1373 sunt
1054 1349 1191 1388 quum
1217 1335 1450 1389 quaeritur,
1481 1349 1772 1390 unaquaeque
1796 1333 1960 1388 syllaba
1984 1341 2130 1372 utrum

181 1428 231 1453 cx
267 1428 366 1464 una,
399 1429 450 1454 an
481 1413 669 1468 gemina,
699 1428 749 1453 an
784 1422 935 1453 neutra
964 1423 1081 1468 parte
1111 1415 1330 1469 jungatur,
1372 1424 1410 1455 ct
1438 1423 1584 1454 utrum
1609 1415 1775 1465 literae,
1808 1428 1919 1468 quae
1950 1414 2056 1453 inter
2086 1425 2130 1451 se

177 1494 368 1549 copulari
406 1509 490 1534 non
531 1502 722 1549 possunt,
773 1493 933 1547 adjecta
971 1494 1051 1534 alia
1093 1494 1211 1536 litera
1254 1495 1486 1546 socientur3
1534 1504 1579 1534 ut
1621 1495 1668 1534 M
1703 1504 1741 1535 et
1784 1496 1847 1545 N,
1904 1493 2009 1534 dum
2043 1507 2128 1532 non

177 1577 344 1624 coeant,
395 1574 536 1613 vocali
577 1573 798 1613 accedente
837 1574 1070 1624 sociantur,
1113 1585 1161 1615 ut
1196 1575 1237 1613 in
1271 1574 1384 1613 amni
1416 1583 1454 1613 ct
1483 1587 1654 1623 somno,
1686 1587 1798 1627 quae
1827 1572 2125 1626 juncturarum

175 1669 327 1708 genera
362 1669 412 1694 ex
444 1653 547 1703 hoc,
587 1653 703 1708 quod
738 1654 780 1693 in
810 1653 937 1693 literis
973 1662 1209 1693 memorata
1240 1661 1358 1701 sunt,
1397 1660 1621 1694 transcant.
1688 1650 1894 1690 Historica
1926 1663 2028 1690 vero
2057 1648 2129 1688 illa
2157 1644 2246 1688 266

175 1734 412 1786 conjunctio
437 1743 509 1784 est,
542 1747 678 1788 quum
714 1749 765 1773 ex
788 1733 929 1783 literis,
961 1746 1073 1787 quae
1095 1732 1202 1772 inter
1233 1746 1276 1771 se
1308 1739 1508 1786 poterunt
1533 1729 1736 1784 copulari,
1767 1729 1984 1770 diversitas
2015 1727 2130 1769 fandi

175 1827 258 1852 non
278 1812 447 1853 casdem
470 1827 548 1853 nec
572 1827 693 1867 pares
720 1813 763 1852 in
786 1827 969 1853 numero
996 1811 1176 1851 sociarit.
1206 1810 1440 1851 Scribimus
1462 1824 1537 1850 nos
1560 1810 1671 1850 enim
1697 1809 1922 1850 Musarum
1942 1809 2127 1865 primam

177 1892 386 1945 syllabam
415 1892 582 1932 duabus
617 1892 766 1942 literis,
806 1891 959 1932 Graeci
989 1892 1135 1932 tribus.
1194 1891 1383 1933 Lucilius
1418 1890 1461 1931 in
1502 1890 1644 1932 dativo
1684 1905 1784 1931 casu
1814 1891 1850 1930 A
1883 1900 1921 1930 et
1949 1889 1985 1930 E
2026 1903 2127 1929 con-

177 2011 260 2041 tibus
287 2011 353 2042 sive
375 2011 517 2054 apicibus
536 2011 778 2053 intelligendum
803 2023 875 2045 esse
898 2011 1059 2043 docebunt
1076 2023 1124 2043 se·
1176 2010 1295 2056 pariter
1319 2010 1461 2049 Ionnaen,
1481 2012 1618 2050 Ioneem,
1644 2017 1792 2049 contrata,
1807 2012 1943 2055 joussit,
1959 2009 2126 2055 joudieare

175 2073 303 2116 quentia
328 2072 369 2116 (§.
388 2074 461 2105 268
483 2073 596 2116 sequ.).
1178 2072 1373 2116 scripserunt
1396 2072 1542 2117 (Sciopp.
1558 2085 1603 2114 gr.
1626 2073 1743 2117 philos.
1761 2086 1792 2116 p.
1811 2072 1906 2115 210).

247 2132 420 2178 ὺθαῑῖἶαῑῖὃ]
436 2134 672 2176 ῐρῦἷῐῑθῑὶιῖθῐῑῑῑέ
687 2133 735 2176 (8,
747 2135 781 2174 5,
795 2134 891 2178 52-1).
900 2135 973 2167 256
990 2134 1125 2180 Spald.)=
1251 2134 1408 2180 Lucilius]
1431 2136 1515 2169 Male
1538 2137 1671 2169 Grotius
1692 2138 1858 2169 Lucillius.
1884 2135 2020 2167 Correxi
2039 2133 2122 2165 codi-

183 2197 284 2239 „apud
304 2196 371 2228 Cic.
390 2198 525 2229 beatitas
549 2203 581 2228 et
600 2198 774 2236 beatitudo,
795 2209 875 2241 quae
899 2199 977 2229 dura
1000 2199 1127 2242 quidem
1179 2210 1250 2229 eum
1268 2198 1472 2231 Monacensis
1494 2199 1550 2242 (C)
1571 2205 1602 2230 ct
1621 2198 1814 2230 Dresdensis
1837 2197 2032 2230 auctoritate.
2064 2195 2121 2226 Sa-

177 2257 271 2288 sentit
295 2269 382 2299 esse,
407 2264 624 2290 verumtamen
656 2270 717 2289 usu
738 2264 830 2302 putat
860 2271 956 2303 posse
977 2259 1119 2290 molliri«
1176 2261 1306 2292 tii-arum
1320 2268 1479 2294 auctorem
1500 2262 1740 2304 intelligendum
1757 2275 1828 2294 esse
1845 2268 2003 2305 apparete
2019 2257 2120 2300 Quin-

251 2319 444 2364 rmnalae'bus]
478 2320 589 2351 Ramis
621 2321 669 2363 (v.
694 2320 820 2352 Erasm.
853 2327 885 2352 ct
917 2321 1055 2353 Casauh.
1087 2321 1127 2352 ad
1177 2322 1305 2354 ctiliano
1330 2323 1378 2366 (1,
1403 2325 1436 2364 7,
1459 2325 1503 2355 18
1523 2329 1555 2355 ct
1579 2325 1642 2365 193
1669 2337 1697 2367 p.
1719 2326 1788 2356 185
1812 2322 1951 2367 Spald.):
1971 2321 2036 2355 »Ab
2058 2318 2120 2362 Syl·

179 2382 269 2413 Pers.
292 2384 330 2422 1,
356 2384 414 2413 87.
442 2382 594 2426 Stephan.
617 2384 656 2414 ad
676 2383 796 2416 Saxon.
818 2396 848 2427 p.
864 2384 936 2427 47).
1176 2384 1295 2424 labam,
1326 2385 1415 2426 cujus
1441 2386 1612 2417 secundam
1639 2398 1724 2418 nunc
1752 2386 1786 2420 Ε
1815 2386 1936 2417 literam
1962 2381 2120 2425 ponimus,

253 2446 288 2474 in
313 2443 463 2489 numero]
496 2445 546 2476 Ita
578 2447 842 2479 Darmstattensis
878 2447 978 2480 multo
1012 2447 1126 2480 melius
1178 2447 1263 2478 varie
1290 2459 1348 2490 per
1379 2447 1412 2479 A
1437 2453 1468 2479 et
1497 2448 1514 2480 I
1543 2449 1732 2487 efferebant3
1775 2447 1901 2490 quidam
1935 2453 2059 2486 semper
2087 2448 2121 2472 ut

180 2517 272 2549 quam
292 2505 378 2548 quod
397 2505 430 2536 in
453 2505 545 2537 editis
565 2505 682 2548 legitur
703 2520 897 2541 »numeros.u
1180 2508 1312 2548 Graeci,
1345 2508 1473 2552 quidam
1498 2509 1700 2551 singulariter
1725 2514 1862 2545 tantum,
1895 2516 1992 2548 quium
2014 2503 2048 2542 in
2068 2503 2120 2534 da-

257 2569 375 2602 Graeci
399 2567 514 2615 tribus]
540 2569 661 2615 Nempe
680 2570 764 2615 μοῦ.
790 2572 859 2606 Sed
878 2578 1001 2605 veteres
1021 2571 1128 2605 Latini
1179 2570 1278 2604 tivum
1300 2571 1349 2605 'uel
1370 2571 1542 2612 genitivum
1563 2582 1670 2604 casum
1696 2568 1898 2608 incidissent,
1924 2565 2007 2598 unde
2023 2566 2143 2610 pictai„

1673 2630 1721 2662 56
