<?xml version="1.0" encoding="UTF-8"?>
<!DOCTYPE html PUBLIC "-//W3C//DTD XHTML 1.0 Transitional//EN"
    "http://www.w3.org/TR/xhtml1/DTD/xhtml1-transitional.dtd">
<html xmlns="http://www.w3.org/1999/xhtml" xml:lang="en" lang="en">
 <head>
  <title>
</title>
<meta http-equiv="Content-Type" content="text/html;charset=utf-8" />
  <meta name='ocr-system' content='tesseract 3.04.00' />
  <meta name='ocr-capabilities' content='ocr_page ocr_carea ocr_par ocr_line ocrx_word'/>
</head>
<body>
  <div class='ocr_page' id='page_1' title='image "./denuptiisphilolo00martuoft/denuptiisphilolo00martuoft_0468.png"; bbox 0 0 2310 2860; ppageno 0'>
   <div class='ocr_carea' id='block_1_1' title="bbox 226 161 314 202">
    <p class='ocr_par' dir='ltr' id='par_1_1' title="bbox 226 161 314 202">
     <span class='ocr_line' id='line_1_1' title="bbox 226 161 314 202; baseline -0.011 0"><span class='ocrx_word' id='word_1_1' title='bbox 226 161 314 202; x_wconf 70' lang='lat'>458</span> 
     </span>
    </p>
   </div>
   <div class='ocr_carea' id='block_1_2' title="bbox 798 139 1622 213">
    <p class='ocr_par' dir='ltr' id='par_1_2' title="bbox 798 139 1622 213">
     <span class='ocr_line' id='line_1_2' title="bbox 798 139 1622 213; baseline 0 -15"><span class='ocrx_word' id='word_1_2' title='bbox 798 157 996 198; x_wconf 61' lang='lat' dir='ltr'>Martiam</span> <span class='ocrx_word' id='word_1_3' title='bbox 1036 139 1235 213; x_wconf 63' lang='lat' dir='ltr'>Capellae</span> <span class='ocrx_word' id='word_1_4' title='bbox 1274 157 1346 198; x_wconf 82' lang='lat' dir='ltr'>lib.</span> <span class='ocrx_word' id='word_1_5' title='bbox 1376 156 1428 198; x_wconf 88' lang='lat' dir='ltr'>v.</span> <span class='ocrx_word' id='word_1_6' title='bbox 1467 158 1498 208; x_wconf 84' lang='lat'>§-</span> <span class='ocrx_word' id='word_1_7' title='bbox 1521 158 1622 199; x_wconf 79' lang='lat'>509.</span> 
     </span>
    </p>
   </div>
   <div class='ocr_carea' id='block_1_3' title="bbox 225 263 2171 320">
    <p class='ocr_par' dir='ltr' id='par_1_3' title="bbox 225 263 2171 320">
     <span class='ocr_line' id='line_1_3' title="bbox 225 263 2171 320; baseline 0.002 -14"><span class='ocrx_word' id='word_1_8' title='bbox 225 268 372 320; x_wconf 76' lang='lat' dir='ltr'>Itaque</span> <span class='ocrx_word' id='word_1_9' title='bbox 406 264 606 304; x_wconf 81' lang='lat' dir='ltr'>aluciuari</span> <span class='ocrx_word' id='word_1_10' title='bbox 639 273 677 309; x_wconf 77' lang='lat' dir='ltr'>et</span> <span class='ocrx_word' id='word_1_11' title='bbox 708 264 906 304; x_wconf 80' lang='lat' dir='ltr'>cerritum</span> <span class='ocrx_word' id='word_1_12' title='bbox 942 273 980 303; x_wconf 83' lang='lat' dir='ltr'>et</span> <span class='ocrx_word' id='word_1_13' title='bbox 1005 273 1251 318; x_wconf 80' lang='lat' dir='ltr'>caperatuin</span> <span class='ocrx_word' id='word_1_14' title='bbox 1279 263 1520 318; x_wconf 86' lang='lat' dir='ltr'>similiaque</span> <span class='ocrx_word' id='word_1_15' title='bbox 1545 272 1859 318; x_wconf 85' lang='lat' dir='ltr'>praetereuntes</span> <span class='ocrx_word' id='word_1_16' title='bbox 1889 276 2062 308; x_wconf 81' lang='lat' dir='ltr'>utemur</span> <span class='ocrx_word' id='word_1_17' title='bbox 2093 267 2171 319; x_wconf 84' lang='lat' dir='ltr'>his,</span> 
     </span>
    </p>
   </div>
   <div class='ocr_carea' id='block_1_4' title="bbox 225 344 2174 404">
    <p class='ocr_par' dir='ltr' id='par_1_4' title="bbox 225 344 2174 404">
     <span class='ocr_line' id='line_1_4' title="bbox 225 344 2174 404; baseline 0.002 -17"><span class='ocrx_word' id='word_1_18' title='bbox 225 361 335 400; x_wconf 76' lang='lat' dir='ltr'>quae</span> <span class='ocrx_word' id='word_1_19' title='bbox 371 344 631 384; x_wconf 85' lang='lat' dir='ltr'>consuetudo</span> <span class='ocrx_word' id='word_1_20' title='bbox 670 346 862 400; x_wconf 86' lang='lat' dir='ltr'>recipiet;</span> <span class='ocrx_word' id='word_1_21' title='bbox 908 359 984 385; x_wconf 84' lang='lat' dir='ltr'>nee</span> <span class='ocrx_word' id='word_1_22' title='bbox 1020 354 1163 385; x_wconf 84' lang='lat' dir='ltr'>tamen</span> <span class='ocrx_word' id='word_1_23' title='bbox 1209 345 1407 396; x_wconf 82' lang='lat' dir='ltr'>sordidis,</span> <span class='ocrx_word' id='word_1_24' title='bbox 1461 346 1538 386; x_wconf 90' lang='lat' dir='ltr'>nisi</span> <span class='ocrx_word' id='word_1_25' title='bbox 1581 360 1719 400; x_wconf 86' lang='lat' dir='ltr'>quum</span> <span class='ocrx_word' id='word_1_26' title='bbox 1757 347 1820 387; x_wconf 89' lang='lat' dir='ltr'>rei</span> <span class='ocrx_word' id='word_1_27' title='bbox 1861 351 2174 404; x_wconf 79' lang='lat' dir='ltr'>sententiaeque</span> 
     </span>
    </p>
   </div>
   <div class='ocr_carea' id='block_1_5' title="bbox 225 426 2175 485">
    <p class='ocr_par' dir='ltr' id='par_1_5' title="bbox 225 426 2175 485">
     <span class='ocr_line' id='line_1_5' title="bbox 225 426 2175 485; baseline 0.004 -19"><span class='ocrx_word' id='word_1_28' title='bbox 225 427 285 466; x_wconf 80' lang='lat' dir='ltr'>vis</span> <span class='ocrx_word' id='word_1_29' title='bbox 317 426 463 481; x_wconf 78' lang='lat' dir='ltr'>exigit,</span> <span class='ocrx_word' id='word_1_30' title='bbox 508 436 555 467; x_wconf 87' lang='lat' dir='ltr'>ut</span> <span class='ocrx_word' id='word_1_31' title='bbox 592 441 730 481; x_wconf 88' lang='lat' dir='ltr'>quum</span> <span class='ocrx_word' id='word_1_32' title='bbox 765 426 914 468; x_wconf 84' lang='lat' dir='ltr'>Cicero</span> <span class='ocrx_word' id='word_1_33' title='bbox 946 427 1093 468; x_wconf 84' lang='lat' dir='ltr'>volens</span> <span class='ocrx_word' id='word_1_34' title='bbox 1126 427 1383 468; x_wconf 79' lang='lat' dir='ltr'>crudelitatis</span> <span class='ocrx_word' id='word_1_35' title='bbox 1414 427 1620 468; x_wconf 84' lang='lat' dir='ltr'>invidiam</span> <span class='ocrx_word' id='word_1_36' title='bbox 1650 427 1789 468; x_wconf 87' lang='lat' dir='ltr'>facere</span> <span class='ocrx_word' id='word_1_37' title='bbox 1821 428 1894 468; x_wconf 81' lang='lat' dir='ltr'>ait:</span> <span class='ocrx_word' id='word_1_38' title='bbox 1929 432 2175 485; x_wconf 78' lang='lat' dir='ltr'>„gurgulio-</span> 
     </span>
    </p>
   </div>
   <div class='ocr_carea' id='block_1_6' title="bbox 221 507 2175 564">
    <p class='ocr_par' dir='ltr' id='par_1_6' title="bbox 221 507 2175 564">
     <span class='ocr_line' id='line_1_6' title="bbox 221 507 2175 564; baseline 0.003 -16"><span class='ocrx_word' id='word_1_39' title='bbox 221 507 346 548; x_wconf 90' lang='lat' dir='ltr'>nibus</span> <span class='ocrx_word' id='word_1_40' title='bbox 377 507 551 547; x_wconf 85' lang='lat' dir='ltr'>exsectis</span> <span class='ocrx_word' id='word_1_41' title='bbox 587 507 898 562; x_wconf 65' lang='lat' dir='ltr'>reliquerunU‘,</span> <span class='ocrx_word' id='word_1_42' title='bbox 931 517 988 548; x_wconf 84' lang='lat' dir='ltr'>et:</span> <span class='ocrx_word' id='word_1_43' title='bbox 1025 508 1181 563; x_wconf 81' lang='lat' dir='ltr'>„virgis</span> <span class='ocrx_word' id='word_1_44' title='bbox 1217 509 1385 563; x_wconf 87' lang='lat' dir='ltr'>plebem</span> <span class='ocrx_word' id='word_1_45' title='bbox 1418 510 1659 550; x_wconf 77' lang='lat' dir='ltr'>Romanam</span> <span class='ocrx_word' id='word_1_46' title='bbox 1693 510 1964 564; x_wconf 87' lang='lat' dir='ltr'>concidere“;</span> <span class='ocrx_word' id='word_1_47' title='bbox 2008 526 2083 552; x_wconf 89' lang='lat' dir='ltr'>nec</span> <span class='ocrx_word' id='word_1_48' title='bbox 2111 513 2175 553; x_wconf 87' lang='lat' dir='ltr'>in-</span> 
     </span>
    </p>
   </div>
   <div class='ocr_carea' id='block_1_7' title="bbox 223 587 2176 648">
    <p class='ocr_par' dir='ltr' id='par_1_7' title="bbox 223 587 2176 648">
     <span class='ocr_line' id='line_1_7' title="bbox 223 587 2176 648; baseline 0.004 -20"><span class='ocrx_word' id='word_1_49' title='bbox 223 587 376 628; x_wconf 80' lang='lat' dir='ltr'>decore</span> <span class='ocrx_word' id='word_1_50' title='bbox 409 587 610 641; x_wconf 79' lang='lat' dir='ltr'>Virgilius</span> <span class='ocrx_word' id='word_1_51' title='bbox 651 587 847 628; x_wconf 83' lang='lat' dir='ltr'>vitandae</span> <span class='ocrx_word' id='word_1_52' title='bbox 887 587 1137 629; x_wconf 86' lang='lat' dir='ltr'>humilitatis</span> <span class='ocrx_word' id='word_1_53' title='bbox 1169 590 1353 645; x_wconf 82' lang='lat' dir='ltr'>aucupio</span> <span class='ocrx_word' id='word_1_54' title='bbox 1388 591 1566 646; x_wconf 83' lang='lat' dir='ltr'>lychnos</span> <span class='ocrx_word' id='word_1_55' title='bbox 1597 607 1675 648; x_wconf 89' lang='lat' dir='ltr'>pro</span> <span class='ocrx_word' id='word_1_56' title='bbox 1706 592 1890 634; x_wconf 88' lang='lat' dir='ltr'>lucernis</span> <span class='ocrx_word' id='word_1_57' title='bbox 1924 593 1990 633; x_wconf 82' lang='lat' dir='ltr'>ait.</span> <span class='ocrx_word' id='word_1_58' title='bbox 2050 593 2176 642; x_wconf 89' lang='lat' dir='ltr'>Quod</span> 
     </span>
    </p>
   </div>
   <div class='ocr_carea' id='block_1_8' title="bbox 225 669 2176 724">
    <p class='ocr_par' dir='ltr' id='par_1_8' title="bbox 225 669 2176 724">
     <span class='ocr_line' id='line_1_8' title="bbox 225 669 2176 724; baseline 0.003 -14"><span class='ocrx_word' id='word_1_59' title='bbox 225 670 259 710; x_wconf 91' lang='lat' dir='ltr'>si</span> <span class='ocrx_word' id='word_1_60' title='bbox 282 684 348 710; x_wconf 90' lang='lat' dir='ltr'>res</span> <span class='ocrx_word' id='word_1_61' title='bbox 374 669 506 709; x_wconf 84' lang='lat' dir='ltr'>verba</span> <span class='ocrx_word' id='word_1_62' title='bbox 538 671 708 724; x_wconf 84' lang='lat' dir='ltr'>propria</span> <span class='ocrx_word' id='word_1_63' title='bbox 738 685 821 710; x_wconf 91' lang='lat' dir='ltr'>non</span> <span class='ocrx_word' id='word_1_64' title='bbox 855 669 1028 720; x_wconf 84' lang='lat' dir='ltr'>habeat,</span> <span class='ocrx_word' id='word_1_65' title='bbox 1059 669 1261 711; x_wconf 83' lang='lat' dir='ltr'>novanda</span> <span class='ocrx_word' id='word_1_66' title='bbox 1290 681 1388 712; x_wconf 86' lang='lat' dir='ltr'>sunt</span> <span class='ocrx_word' id='word_1_67' title='bbox 1416 681 1490 712; x_wconf 83' lang='lat' dir='ltr'>aut</span> <span class='ocrx_word' id='word_1_68' title='bbox 1515 672 1658 713; x_wconf 87' lang='lat' dir='ltr'>alienis</span> <span class='ocrx_word' id='word_1_69' title='bbox 1685 672 1909 714; x_wconf 85' lang='lat' dir='ltr'>utendum.</span> <span class='ocrx_word' id='word_1_70' title='bbox 1951 673 2176 715; x_wconf 78' lang='lat' dir='ltr'>Novantur</span> 
     </span>
    </p>
   </div>
   <div class='ocr_carea' id='block_1_9' title="bbox 227 751 2178 810">
    <p class='ocr_par' dir='ltr' id='par_1_9' title="bbox 227 751 2178 810">
     <span class='ocr_line' id='line_1_9' title="bbox 227 751 2178 810; baseline 0.001 -17"><span class='ocrx_word' id='word_1_71' title='bbox 227 761 367 793; x_wconf 79' lang='lat' dir='ltr'>autem</span> <span class='ocrx_word' id='word_1_72' title='bbox 400 751 568 792; x_wconf 88' lang='lat' dir='ltr'>duobus</span> <span class='ocrx_word' id='word_1_73' title='bbox 599 751 735 792; x_wconf 86' lang='lat' dir='ltr'>modis</span> <span class='ocrx_word' id='word_1_74' title='bbox 768 753 919 803; x_wconf 88' lang='lat' dir='ltr'>verba,</span> <span class='ocrx_word' id='word_1_75' title='bbox 965 762 1036 793; x_wconf 81' lang='lat' dir='ltr'>aut</span> <span class='ocrx_word' id='word_1_76' title='bbox 1070 751 1258 807; x_wconf 83' lang='lat' dir='ltr'>quadam</span> <span class='ocrx_word' id='word_1_77' title='bbox 1292 752 1480 805; x_wconf 77' lang='lat' dir='ltr'>fictione,</span> <span class='ocrx_word' id='word_1_78' title='bbox 1511 763 1584 794; x_wconf 83' lang='lat' dir='ltr'>aut</span> <span class='ocrx_word' id='word_1_79' title='bbox 1614 753 1891 795; x_wconf 75' lang='lat' dir='ltr'>declinatione</span> <span class='ocrx_word' id='word_1_80' title='bbox 1921 763 2178 810; x_wconf 79' lang='lat' dir='ltr'>praesumta,</span> 
     </span>
    </p>
   </div>
   <div class='ocr_carea' id='block_1_10' title="bbox 225 893 1182 2502">
    <p class='ocr_par' dir='ltr' id='par_1_10' title="bbox 225 893 1179 1125">
     <span class='ocr_line' id='line_1_10' title="bbox 301 893 1177 940; baseline 0.001 -13"><span class='ocrx_word' id='word_1_81' title='bbox 301 893 481 940; x_wconf 70' lang='lat' dir='ltr'>alueinmi]</span> <span class='ocrx_word' id='word_1_82' title='bbox 513 895 646 927; x_wconf 79' lang='lat' dir='ltr'>Rectius</span> <span class='ocrx_word' id='word_1_83' title='bbox 675 896 721 929; x_wconf 90' lang='lat' dir='ltr'>sic</span> <span class='ocrx_word' id='word_1_84' title='bbox 749 896 782 928; x_wconf 86' lang='lat' dir='ltr'>in</span> <span class='ocrx_word' id='word_1_85' title='bbox 811 897 973 929; x_wconf 86' lang='lat' dir='ltr'>codicibus</span> <span class='ocrx_word' id='word_1_86' title='bbox 1000 897 1177 930; x_wconf 76' lang='lat' dir='ltr'>Dal-instat-</span> 
     </span>
     <span class='ocr_line' id='line_1_11' title="bbox 225 957 1178 1002; baseline 0.002 -14"><span class='ocrx_word' id='word_1_87' title='bbox 225 958 309 989; x_wconf 83' lang='lat' dir='ltr'>tensi</span> <span class='ocrx_word' id='word_1_88' title='bbox 332 963 363 988; x_wconf 91' lang='lat' dir='ltr'>ct</span> <span class='ocrx_word' id='word_1_89' title='bbox 386 957 657 998; x_wconf 79' lang='lat' dir='ltr'>Rcicbcnauensi‚</span> <span class='ocrx_word' id='word_1_90' title='bbox 692 971 786 1002; x_wconf 89' lang='lat' dir='ltr'>quam</span> <span class='ocrx_word' id='word_1_91' title='bbox 812 960 1007 992; x_wconf 74' lang='lat' dir='ltr'>hallucinari</span> <span class='ocrx_word' id='word_1_92' title='bbox 1026 960 1058 991; x_wconf 84' lang='lat' dir='ltr'>in</span> <span class='ocrx_word' id='word_1_93' title='bbox 1086 959 1178 990; x_wconf 82' lang='lat' dir='ltr'>editis</span> 
     </span>
     <span class='ocr_line' id='line_1_12' title="bbox 225 1019 1178 1062; baseline 0 -11"><span class='ocrx_word' id='word_1_94' title='bbox 225 1019 330 1062; x_wconf 76' lang='lat' dir='ltr'>(Geli.</span> <span class='ocrx_word' id='word_1_95' title='bbox 356 1020 418 1059; x_wconf 73' lang='grc'>16,</span> <span class='ocrx_word' id='word_1_96' title='bbox 449 1019 528 1061; x_wconf 73' lang='grc'>12),</span> <span class='ocrx_word' id='word_1_97' title='bbox 555 1022 698 1062; x_wconf 70' lang='lat' dir='ltr'>quamvis</span> <span class='ocrx_word' id='word_1_98' title='bbox 728 1033 745 1051; x_wconf 83' lang='lat' dir='ltr'>a</span> <span class='ocrx_word' id='word_1_99' title='bbox 769 1022 928 1052; x_wconf 70' lang='lat' dir='ltr'>veteribus</span> <span class='ocrx_word' id='word_1_100' title='bbox 959 1027 991 1053; x_wconf 85' lang='lat' dir='ltr'>et</span> <span class='ocrx_word' id='word_1_101' title='bbox 1021 1021 1178 1053; x_wconf 76' lang='lat' dir='ltr'>Cicerone</span> 
     </span>
     <span class='ocr_line' id='line_1_13' title="bbox 227 1081 1179 1125; baseline 0.001 -14"><span class='ocrx_word' id='word_1_102' title='bbox 227 1081 297 1125; x_wconf 85' lang='lat' dir='ltr'>ipso</span> <span class='ocrx_word' id='word_1_103' title='bbox 327 1081 496 1124; x_wconf 78' lang='lat' dir='ltr'>aliquando</span> <span class='ocrx_word' id='word_1_104' title='bbox 525 1081 570 1112; x_wconf 88' lang='lat' dir='ltr'>sic</span> <span class='ocrx_word' id='word_1_105' title='bbox 595 1082 746 1125; x_wconf 84' lang='lat' dir='ltr'>scriptum</span> <span class='ocrx_word' id='word_1_106' title='bbox 773 1094 843 1113; x_wconf 84' lang='lat' dir='ltr'>esse</span> <span class='ocrx_word' id='word_1_107' title='bbox 874 1095 939 1113; x_wconf 89' lang='lat' dir='ltr'>non</span> <span class='ocrx_word' id='word_1_108' title='bbox 965 1083 1006 1114; x_wconf 85' lang='lat' dir='ltr'>sit</span> <span class='ocrx_word' id='word_1_109' title='bbox 1026 1083 1179 1124; x_wconf 83' lang='lat' dir='ltr'>ignotum.</span> 
     </span>
    </p>

    <p class='ocr_par' dir='ltr' id='par_1_11' title="bbox 226 1143 1180 1374">
     <span class='ocr_line' id='line_1_14' title="bbox 301 1143 1179 1190; baseline 0.002 -15"><span class='ocrx_word' id='word_1_110' title='bbox 301 1143 465 1188; x_wconf 75' lang='lat' dir='ltr'>cerritum]</span> <span class='ocrx_word' id='word_1_111' title='bbox 489 1145 672 1175; x_wconf 80' lang='lat' dir='ltr'>Plautinum</span> <span class='ocrx_word' id='word_1_112' title='bbox 694 1146 880 1176; x_wconf 76' lang='lat' dir='ltr'>vocabulum</span> <span class='ocrx_word' id='word_1_113' title='bbox 903 1152 966 1185; x_wconf 82' lang='lat' dir='ltr'>est,</span> <span class='ocrx_word' id='word_1_114' title='bbox 990 1158 1053 1190; x_wconf 87' lang='lat' dir='ltr'>quo</span> <span class='ocrx_word' id='word_1_115' title='bbox 1075 1152 1179 1177; x_wconf 88' lang='lat' dir='ltr'>tamen</span> 
     </span>
     <span class='ocr_line' id='line_1_15' title="bbox 227 1205 1178 1251; baseline 0.003 -16"><span class='ocrx_word' id='word_1_116' title='bbox 227 1211 260 1236; x_wconf 84' lang='lat' dir='ltr'>et</span> <span class='ocrx_word' id='word_1_117' title='bbox 285 1206 398 1237; x_wconf 87' lang='lat' dir='ltr'>Cicero</span> <span class='ocrx_word' id='word_1_118' title='bbox 434 1206 494 1249; x_wconf 85' lang='lat' dir='ltr'>(ad</span> <span class='ocrx_word' id='word_1_119' title='bbox 522 1205 592 1238; x_wconf 77' lang='lat' dir='ltr'>Att.</span> <span class='ocrx_word' id='word_1_120' title='bbox 616 1207 655 1245; x_wconf 81' lang='lat'>8,</span> <span class='ocrx_word' id='word_1_121' title='bbox 686 1206 726 1248; x_wconf 90' lang='lat'>7)</span> <span class='ocrx_word' id='word_1_122' title='bbox 750 1212 781 1237; x_wconf 90' lang='lat' dir='ltr'>et</span> <span class='ocrx_word' id='word_1_123' title='bbox 807 1207 961 1238; x_wconf 74' lang='lat' dir='ltr'>Horatius</span> <span class='ocrx_word' id='word_1_124' title='bbox 986 1208 1062 1251; x_wconf 86' lang='lat' dir='ltr'>(sat.</span> <span class='ocrx_word' id='word_1_125' title='bbox 1081 1208 1121 1248; x_wconf 62' lang='grc' dir='ltr'>Ξ,</span> <span class='ocrx_word' id='word_1_126' title='bbox 1143 1209 1178 1245; x_wconf 80' lang='grc'>5,</span> 
     </span>
     <span class='ocr_line' id='line_1_16' title="bbox 226 1268 1180 1314; baseline 0.001 -15"><span class='ocrx_word' id='word_1_127' title='bbox 226 1268 313 1311; x_wconf 75' lang='lat'>277)</span> <span class='ocrx_word' id='word_1_128' title='bbox 340 1269 509 1312; x_wconf 81' lang='lat' dir='ltr'>aliquando</span> <span class='ocrx_word' id='word_1_129' title='bbox 537 1269 585 1299; x_wconf 89' lang='lat' dir='ltr'>usi</span> <span class='ocrx_word' id='word_1_130' title='bbox 607 1281 677 1301; x_wconf 83' lang='lat' dir='ltr'>csse</span> <span class='ocrx_word' id='word_1_131' title='bbox 700 1270 862 1311; x_wconf 76' lang='lat' dir='ltr'>videntur,</span> <span class='ocrx_word' id='word_1_132' title='bbox 895 1283 953 1302; x_wconf 87' lang='lat' dir='ltr'>nec</span> <span class='ocrx_word' id='word_1_133' title='bbox 972 1271 1040 1314; x_wconf 85' lang='lat' dir='ltr'>ipse</span> <span class='ocrx_word' id='word_1_134' title='bbox 1069 1276 1180 1302; x_wconf 86' lang='lat' dir='ltr'>noster</span> 
     </span>
     <span class='ocr_line' id='line_1_17' title="bbox 227 1330 961 1374; baseline 0.003 -13"><span class='ocrx_word' id='word_1_135' title='bbox 227 1331 309 1362; x_wconf 76' lang='lat' dir='ltr'>infra</span> <span class='ocrx_word' id='word_1_136' title='bbox 336 1330 378 1374; x_wconf 49' lang='grc' dir='ltr'>(ξ).</span> <span class='ocrx_word' id='word_1_137' title='bbox 394 1331 480 1372; x_wconf 70' lang='grc'>896)</span> <span class='ocrx_word' id='word_1_138' title='bbox 505 1331 550 1361; x_wconf 89' lang='lat' dir='ltr'>uti</span> <span class='ocrx_word' id='word_1_139' title='bbox 575 1331 732 1362; x_wconf 70' lang='lat' dir='ltr'>recusavit</span> <span class='ocrx_word' id='word_1_140' title='bbox 756 1343 813 1374; x_wconf 89' lang='lat' dir='ltr'>pro</span> <span class='ocrx_word' id='word_1_141' title='bbox 839 1334 961 1364; x_wconf 76' lang='lat' dir='ltr'>insano.</span> 
     </span>
    </p>

    <p class='ocr_par' dir='ltr' id='par_1_12' title="bbox 226 1392 1180 1565">
     <span class='ocr_line' id='line_1_18' title="bbox 300 1392 1179 1438; baseline -0.001 -13"><span class='ocrx_word' id='word_1_142' title='bbox 300 1392 505 1438; x_wconf 71' lang='lat' dir='ltr'>mperatum]</span> <span class='ocrx_word' id='word_1_143' title='bbox 533 1393 561 1424; x_wconf 87' lang='lat' dir='ltr'>E</span> <span class='ocrx_word' id='word_1_144' title='bbox 586 1394 718 1426; x_wconf 67' lang='lat' dir='ltr'>Pacuvii</span> <span class='ocrx_word' id='word_1_145' title='bbox 746 1395 919 1426; x_wconf 75' lang='lat' dir='ltr'>Duloreste</span> <span class='ocrx_word' id='word_1_146' title='bbox 948 1395 1052 1426; x_wconf 80' lang='lat' dir='ltr'>attulit</span> <span class='ocrx_word' id='word_1_147' title='bbox 1075 1394 1179 1426; x_wconf 68' lang='lat' dir='ltr'>Varro</span> 
     </span>
     <span class='ocr_line' id='line_1_19' title="bbox 226 1456 1180 1502; baseline 0.004 -15"><span class='ocrx_word' id='word_1_148' title='bbox 226 1456 283 1500; x_wconf 83' lang='lat' dir='ltr'>(L.</span> <span class='ocrx_word' id='word_1_149' title='bbox 308 1457 347 1488; x_wconf 92' lang='lat' dir='ltr'>L.</span> <span class='ocrx_word' id='word_1_150' title='bbox 371 1458 409 1496; x_wconf 79' lang='lat' dir='ltr'>G,</span> <span class='ocrx_word' id='word_1_151' title='bbox 435 1456 476 1499; x_wconf 84' lang='lat' dir='ltr'>G)</span> <span class='ocrx_word' id='word_1_152' title='bbox 507 1463 675 1500; x_wconf 79' lang='lat' dir='ltr'>»caperata</span> <span class='ocrx_word' id='word_1_153' title='bbox 705 1457 815 1501; x_wconf 77' lang='lat' dir='ltr'>fronte</span> <span class='ocrx_word' id='word_1_154' title='bbox 849 1471 866 1490; x_wconf 83' lang='lat' dir='ltr'>a</span> <span class='ocrx_word' id='word_1_155' title='bbox 895 1472 1008 1502; x_wconf 75' lang='lat' dir='ltr'>caprae</span> <span class='ocrx_word' id='word_1_156' title='bbox 1038 1459 1180 1498; x_wconf 72' lang='lat' dir='ltr'>r1·onte«;</span> 
     </span>
     <span class='ocr_line' id='line_1_20' title="bbox 228 1520 1090 1565; baseline 0.002 -14"><span class='ocrx_word' id='word_1_157' title='bbox 228 1532 302 1552; x_wconf 82' lang='lat' dir='ltr'>mox</span> <span class='ocrx_word' id='word_1_158' title='bbox 327 1520 507 1551; x_wconf 86' lang='lat' dir='ltr'>obsoletum</span> <span class='ocrx_word' id='word_1_159' title='bbox 532 1520 716 1564; x_wconf 80' lang='lat' dir='ltr'>Appulejus</span> <span class='ocrx_word' id='word_1_160' title='bbox 739 1522 934 1565; x_wconf 76' lang='lat' dir='ltr'>postliminio</span> <span class='ocrx_word' id='word_1_161' title='bbox 955 1523 1090 1554; x_wconf 84' lang='lat' dir='ltr'>reduxit.</span> 
     </span>
    </p>

    <p class='ocr_par' dir='ltr' id='par_1_13' title="bbox 227 1583 1182 2502">
     <span class='ocr_line' id='line_1_21' title="bbox 302 1583 1179 1630; baseline 0 -15"><span class='ocrx_word' id='word_1_162' title='bbox 302 1596 401 1630; x_wconf 80' lang='lat' dir='ltr'>quum</span> <span class='ocrx_word' id='word_1_163' title='bbox 428 1583 551 1629; x_wconf 73' lang='lat' dir='ltr'>Cicero]</span> <span class='ocrx_word' id='word_1_164' title='bbox 579 1585 690 1627; x_wconf 76' lang='lat' dir='ltr'>Nuper</span> <span class='ocrx_word' id='word_1_165' title='bbox 716 1585 842 1616; x_wconf 88' lang='lat' dir='ltr'>demum</span> <span class='ocrx_word' id='word_1_166' title='bbox 863 1585 983 1626; x_wconf 81' lang='lat' dir='ltr'>Angeli</span> <span class='ocrx_word' id='word_1_167' title='bbox 1007 1585 1086 1627; x_wconf 82' lang='lat' dir='ltr'>Maji</span> <span class='ocrx_word' id='word_1_168' title='bbox 1115 1596 1179 1615; x_wconf 91' lang='lat' dir='ltr'>me-</span> 
     </span>
     <span class='ocr_line' id='line_1_22' title="bbox 227 1645 1179 1689; baseline 0.001 -14"><span class='ocrx_word' id='word_1_169' title='bbox 227 1645 288 1676; x_wconf 89' lang='lat' dir='ltr'>rito</span> <span class='ocrx_word' id='word_1_170' title='bbox 314 1646 365 1688; x_wconf 90' lang='lat' dir='ltr'>(in</span> <span class='ocrx_word' id='word_1_171' title='bbox 394 1646 440 1679; x_wconf 85' lang='lat' dir='ltr'>M.</span> <span class='ocrx_word' id='word_1_172' title='bbox 472 1646 511 1677; x_wconf 91' lang='grc' dir='ltr'>Τ.</span> <span class='ocrx_word' id='word_1_173' title='bbox 541 1646 707 1677; x_wconf 82' lang='lat' dir='ltr'>Ciceronis</span> <span class='ocrx_word' id='word_1_174' title='bbox 737 1657 795 1677; x_wconf 80' lang='lat' dir='ltr'>sex</span> <span class='ocrx_word' id='word_1_175' title='bbox 829 1647 1008 1677; x_wconf 87' lang='lat' dir='ltr'>orationum</span> <span class='ocrx_word' id='word_1_176' title='bbox 1035 1646 1179 1689; x_wconf 85' lang='lat' dir='ltr'>partibus</span> 
     </span>
     <span class='ocr_line' id='line_1_23' title="bbox 230 1709 1181 1752; baseline 0.001 -13"><span class='ocrx_word' id='word_1_177' title='bbox 230 1714 302 1739; x_wconf 81' lang='lat' dir='ltr'>ante</span> <span class='ocrx_word' id='word_1_178' title='bbox 327 1715 467 1739; x_wconf 85' lang='lat' dir='ltr'>nostram</span> <span class='ocrx_word' id='word_1_179' title='bbox 488 1714 620 1740; x_wconf 79' lang='lat' dir='ltr'>aetatem</span> <span class='ocrx_word' id='word_1_180' title='bbox 644 1709 787 1750; x_wconf 73' lang='lat' dir='ltr'>ineditis,</span> <span class='ocrx_word' id='word_1_181' title='bbox 817 1710 990 1742; x_wconf 77' lang='lat' dir='ltr'>mediolan.</span> <span class='ocrx_word' id='word_1_182' title='bbox 1006 1710 1114 1752; x_wconf 82' lang='lat'>1817)</span> <span class='ocrx_word' id='word_1_183' title='bbox 1134 1721 1181 1740; x_wconf 88' lang='lat' dir='ltr'>re-</span> 
     </span>
     <span class='ocr_line' id='line_1_24' title="bbox 231 1771 1180 1815; baseline 0.002 -15"><span class='ocrx_word' id='word_1_184' title='bbox 231 1776 319 1813; x_wconf 84' lang='lat' dir='ltr'>perta</span> <span class='ocrx_word' id='word_1_185' title='bbox 341 1776 389 1801; x_wconf 81' lang='lat' dir='ltr'>cst</span> <span class='ocrx_word' id='word_1_186' title='bbox 410 1771 509 1802; x_wconf 76' lang='lat' dir='ltr'>oratio</span> <span class='ocrx_word' id='word_1_187' title='bbox 537 1771 568 1801; x_wconf 87' lang='lat' dir='ltr'>iu</span> <span class='ocrx_word' id='word_1_188' title='bbox 591 1783 651 1813; x_wconf 83' lang='lat' dir='ltr'>qua</span> <span class='ocrx_word' id='word_1_189' title='bbox 677 1773 737 1803; x_wconf 85' lang='lat' dir='ltr'>hoc</span> <span class='ocrx_word' id='word_1_190' title='bbox 757 1772 967 1813; x_wconf 76' lang='lat' dir='ltr'>fragmentum</span> <span class='ocrx_word' id='word_1_191' title='bbox 985 1777 1088 1803; x_wconf 77' lang='lat' dir='ltr'>exstat</span> <span class='ocrx_word' id='word_1_192' title='bbox 1111 1772 1180 1815; x_wconf 83' lang='lat' dir='ltr'>(pro</span> 
     </span>
     <span class='ocr_line' id='line_1_25' title="bbox 230 1831 1180 1876; baseline 0.003 -15"><span class='ocrx_word' id='word_1_193' title='bbox 230 1831 336 1862; x_wconf 75' lang='lat' dir='ltr'>Tullio</span> <span class='ocrx_word' id='word_1_194' title='bbox 359 1833 421 1870; x_wconf 72' lang='lat'>10,</span> <span class='ocrx_word' id='word_1_195' title='bbox 454 1845 477 1863; x_wconf 66' lang='lat' dir='ltr'>S.</span> <span class='ocrx_word' id='word_1_196' title='bbox 504 1832 580 1875; x_wconf 75' lang='lat'>21):</span> <span class='ocrx_word' id='word_1_197' title='bbox 607 1838 808 1876; x_wconf 58' lang='lat' dir='ltr'>”tantumque</span> <span class='ocrx_word' id='word_1_198' title='bbox 834 1834 898 1864; x_wconf 87' lang='lat' dir='ltr'>odii</span> <span class='ocrx_word' id='word_1_199' title='bbox 922 1833 1180 1876; x_wconf 77' lang='lat' dir='ltr'>crudelitatisque</span> 
     </span>
     <span class='ocr_line' id='line_1_26' title="bbox 229 1893 1181 1938; baseline 0.002 -15"><span class='ocrx_word' id='word_1_200' title='bbox 229 1893 424 1931; x_wconf 70' lang='lat' dir='ltr'>habuerunt⁷</span> <span class='ocrx_word' id='word_1_201' title='bbox 454 1899 487 1924; x_wconf 84' lang='lat' dir='ltr'>ut</span> <span class='ocrx_word' id='word_1_202' title='bbox 511 1906 565 1924; x_wconf 88' lang='lat' dir='ltr'>cos</span> <span class='ocrx_word' id='word_1_203' title='bbox 587 1906 696 1925; x_wconf 84' lang='lat' dir='ltr'>omnes</span> <span class='ocrx_word' id='word_1_204' title='bbox 716 1896 961 1938; x_wconf 66' lang='lat' dir='ltr'>glus-yrtliovzib1es</span> <span class='ocrx_word' id='word_1_205' title='bbox 983 1898 1112 1927; x_wconf 76' lang='lat' dir='ltr'>insectis</span> <span class='ocrx_word' id='word_1_206' title='bbox 1133 1907 1181 1926; x_wconf 86' lang='lat' dir='ltr'>re-</span> 
     </span>
     <span class='ocr_line' id='line_1_27' title="bbox 232 1957 1182 2004; baseline 0.004 -18"><span class='ocrx_word' id='word_1_207' title='bbox 232 1957 432 2003; x_wconf 75' lang='lat' dir='ltr'>linquerent,</span> <span class='ocrx_word' id='word_1_208' title='bbox 469 1969 508 1988; x_wconf 85' lang='lat' dir='ltr'>ne</span> <span class='ocrx_word' id='word_1_209' title='bbox 540 1958 566 1988; x_wconf 84' lang='lat' dir='ltr'>si</span> <span class='ocrx_word' id='word_1_210' title='bbox 591 1971 684 2001; x_wconf 88' lang='lat' dir='ltr'>quem</span> <span class='ocrx_word' id='word_1_211' title='bbox 720 1959 906 1991; x_wconf 76' lang='lat' dir='ltr'>semivivum</span> <span class='ocrx_word' id='word_1_212' title='bbox 940 1972 977 1991; x_wconf 84' lang='lat' dir='ltr'>ae</span> <span class='ocrx_word' id='word_1_213' title='bbox 1009 1960 1182 2004; x_wconf 79' lang='lat' dir='ltr'>spirantem</span> 
     </span>
     <span class='ocr_line' id='line_1_28' title="bbox 233 2021 1180 2067; baseline 0.005 -17"><span class='ocrx_word' id='word_1_214' title='bbox 233 2021 450 2064; x_wconf 71' lang='lat' dir='ltr'>reliquissent,</span> <span class='ocrx_word' id='word_1_215' title='bbox 486 2022 588 2053; x_wconf 85' lang='lat' dir='ltr'>minor</span> <span class='ocrx_word' id='word_1_216' title='bbox 619 2022 667 2053; x_wconf 87' lang='lat' dir='ltr'>bis</span> <span class='ocrx_word' id='word_1_217' title='bbox 703 2023 805 2054; x_wconf 90' lang='lat' dir='ltr'>honor</span> <span class='ocrx_word' id='word_1_218' title='bbox 831 2025 1027 2055; x_wconf 58' lang='lat' dir='ltr'>habacum«</span> <span class='ocrx_word' id='word_1_219' title='bbox 1068 2024 1180 2067; x_wconf 73' lang='lat' dir='ltr'>Neque</span> 
     </span>
     <span class='ocr_line' id='line_1_29' title="bbox 233 2082 1181 2124; baseline 0.004 -12"><span class='ocrx_word' id='word_1_220' title='bbox 233 2088 337 2113; x_wconf 79' lang='lat' dir='ltr'>tamen</span> <span class='ocrx_word' id='word_1_221' title='bbox 358 2082 525 2113; x_wconf 82' lang='lat' dir='ltr'>lectionem</span> <span class='ocrx_word' id='word_1_222' title='bbox 549 2085 677 2115; x_wconf 77' lang='lat' dir='ltr'>insectis</span> <span class='ocrx_word' id='word_1_223' title='bbox 703 2085 859 2116; x_wconf 74' lang='lat' dir='ltr'>Martiano</span> <span class='ocrx_word' id='word_1_224' title='bbox 888 2086 1059 2116; x_wconf 82' lang='lat' dir='ltr'>obtrudere</span> <span class='ocrx_word' id='word_1_225' title='bbox 1083 2085 1181 2124; x_wconf 65' lang='lat' dir='ltr'>volui,</span> 
     </span>
     <span class='ocr_line' id='line_1_30' title="bbox 233 2143 1180 2192; baseline 0.002 -17"><span class='ocrx_word' id='word_1_226' title='bbox 233 2143 309 2175; x_wconf 86' lang='lat' dir='ltr'>lieet</span> <span class='ocrx_word' id='word_1_227' title='bbox 335 2156 393 2174; x_wconf 88' lang='lat' dir='ltr'>nec</span> <span class='ocrx_word' id='word_1_228' title='bbox 422 2145 579 2185; x_wconf 78' lang='lat' dir='ltr'>vulgatam</span> <span class='ocrx_word' id='word_1_229' title='bbox 610 2146 734 2189; x_wconf 75' lang='lat' dir='ltr'>ejectis,</span> <span class='ocrx_word' id='word_1_230' title='bbox 767 2159 825 2178; x_wconf 89' lang='lat' dir='ltr'>nec</span> <span class='ocrx_word' id='word_1_231' title='bbox 850 2159 944 2192; x_wconf 84' lang='lat' dir='ltr'>quam</span> <span class='ocrx_word' id='word_1_232' title='bbox 976 2147 1008 2179; x_wconf 87' lang='lat' dir='ltr'>in</span> <span class='ocrx_word' id='word_1_233' title='bbox 1040 2147 1180 2188; x_wconf 74' lang='lat' dir='ltr'>margine</span> 
     </span>
     <span class='ocr_line' id='line_1_31' title="bbox 234 2206 1181 2252; baseline 0.002 -14"><span class='ocrx_word' id='word_1_234' title='bbox 234 2206 368 2238; x_wconf 86' lang='lat' dir='ltr'>Grotius</span> <span class='ocrx_word' id='word_1_235' title='bbox 401 2206 507 2248; x_wconf 76' lang='lat' dir='ltr'>posuit</span> <span class='ocrx_word' id='word_1_236' title='bbox 539 2208 661 2237; x_wconf 68' lang='lat' dir='ltr'>erariis</span> <span class='ocrx_word' id='word_1_237' title='bbox 690 2208 872 2250; x_wconf 67' lang='lat' dir='ltr'>probarcmj,</span> <span class='ocrx_word' id='word_1_238' title='bbox 906 2209 962 2241; x_wconf 85' lang='lat' dir='ltr'>scd</span> <span class='ocrx_word' id='word_1_239' title='bbox 998 2210 1084 2252; x_wconf 87' lang='lat' dir='ltr'>quod</span> <span class='ocrx_word' id='word_1_240' title='bbox 1113 2209 1181 2250; x_wconf 84' lang='lat' dir='ltr'>jam</span> 
     </span>
     <span class='ocr_line' id='line_1_32' title="bbox 235 2270 1182 2317; baseline 0.001 -15"><span class='ocrx_word' id='word_1_241' title='bbox 235 2270 369 2302; x_wconf 85' lang='lat' dir='ltr'>Grotius</span> <span class='ocrx_word' id='word_1_242' title='bbox 392 2270 575 2311; x_wconf 84' lang='lat' dir='ltr'>conjectura</span> <span class='ocrx_word' id='word_1_243' title='bbox 599 2277 763 2302; x_wconf 81' lang='lat' dir='ltr'>assecutus</span> <span class='ocrx_word' id='word_1_244' title='bbox 781 2279 848 2303; x_wconf 86' lang='lat' dir='ltr'>erat</span> <span class='ocrx_word' id='word_1_245' title='bbox 867 2274 1060 2317; x_wconf 79' lang='lat' dir='ltr'>praebetque</span> <span class='ocrx_word' id='word_1_246' title='bbox 1080 2274 1182 2305; x_wconf 81' lang='lat' dir='ltr'>codex</span> 
     </span>
     <span class='ocr_line' id='line_1_33' title="bbox 233 2331 1181 2378; baseline 0.003 -15"><span class='ocrx_word' id='word_1_247' title='bbox 233 2331 523 2371; x_wconf 78' lang='lat' dir='ltr'>Reichenauensis,</span> <span class='ocrx_word' id='word_1_248' title='bbox 564 2334 699 2364; x_wconf 68' lang='lat' dir='ltr'>exsectis</span> <span class='ocrx_word' id='word_1_249' title='bbox 733 2334 870 2377; x_wconf 82' lang='lat' dir='ltr'>reposui.</span> <span class='ocrx_word' id='word_1_250' title='bbox 908 2335 1079 2378; x_wconf 78' lang='lat' dir='ltr'>Praeterea</span> <span class='ocrx_word' id='word_1_251' title='bbox 1109 2340 1181 2366; x_wconf 86' lang='lat' dir='ltr'>ante</span> 
     </span>
     <span class='ocr_line' id='line_1_34' title="bbox 235 2395 1182 2443; baseline 0.001 -15"><span class='ocrx_word' id='word_1_252' title='bbox 235 2396 346 2428; x_wconf 84' lang='lat' dir='ltr'>Cicero</span> <span class='ocrx_word' id='word_1_253' title='bbox 383 2395 502 2427; x_wconf 84' lang='lat' dir='ltr'>inserui</span> <span class='ocrx_word' id='word_1_254' title='bbox 534 2408 632 2443; x_wconf 79' lang='lat' dir='ltr'>quum</span> <span class='ocrx_word' id='word_1_255' title='bbox 668 2408 684 2426; x_wconf 92' lang='lat' dir='ltr'>c</span> <span class='ocrx_word' id='word_1_256' title='bbox 717 2398 878 2429; x_wconf 80' lang='lat' dir='ltr'>codicibus</span> <span class='ocrx_word' id='word_1_257' title='bbox 910 2398 1182 2443; x_wconf 78' lang='lat' dir='ltr'>Reichenauensi‚</span> 
     </span>
     <span class='ocr_line' id='line_1_35' title="bbox 236 2457 850 2502; baseline 0.005 -13"><span class='ocrx_word' id='word_1_258' title='bbox 236 2458 496 2498; x_wconf 75' lang='lat' dir='ltr'>Bai-mstauensi,</span> <span class='ocrx_word' id='word_1_259' title='bbox 522 2463 554 2488; x_wconf 87' lang='lat' dir='ltr'>et</span> <span class='ocrx_word' id='word_1_260' title='bbox 578 2457 765 2490; x_wconf 83' lang='lat' dir='ltr'>Monaccnsi</span> <span class='ocrx_word' id='word_1_261' title='bbox 787 2460 850 2502; x_wconf 83' lang='lat' dir='ltr'>(C).</span> 
     </span>
    </p>
   </div>
   <div class='ocr_carea' id='block_1_11' title="bbox 236 2519 1180 2621">
    <p class='ocr_par' dir='ltr' id='par_1_14' title="bbox 236 2519 1180 2621">
     <span class='ocr_line' id='line_1_36' title="bbox 308 2519 1180 2567; baseline 0.005 -15"><span class='ocrx_word' id='word_1_262' title='bbox 308 2519 571 2567; x_wconf 57' lang='lat' dir='ltr'>qiu-quelionilms]</span> <span class='ocrx_word' id='word_1_263' title='bbox 606 2521 779 2554; x_wconf 72' lang='lat' dir='ltr'>obscoeno</span> <span class='ocrx_word' id='word_1_264' title='bbox 816 2535 912 2555; x_wconf 85' lang='lat' dir='ltr'>sensu</span> <span class='ocrx_word' id='word_1_265' title='bbox 941 2525 1019 2557; x_wconf 81' lang='lat' dir='ltr'>dixit</span> <span class='ocrx_word' id='word_1_266' title='bbox 1048 2524 1180 2558; x_wconf 77' lang='lat' dir='ltr'>Persius</span> 
     </span>
     <span class='ocr_line' id='line_1_37' title="bbox 236 2585 387 2621; baseline 0 -7"><span class='ocrx_word' id='word_1_267' title='bbox 236 2585 287 2618; x_wconf 67' lang='grc'>(4.</span> <span class='ocrx_word' id='word_1_268' title='bbox 313 2586 387 2621; x_wconf 69' lang='grc'>58);</span> 
     </span>
    </p>
   </div>
   <div class='ocr_carea' id='block_1_12' title="bbox 1227 899 2181 2571">
    <p class='ocr_par' dir='ltr' id='par_1_15' title="bbox 1227 899 2178 1244">
     <span class='ocr_line' id='line_1_38' title="bbox 1285 899 2108 948; baseline -0.001 -17"><span class='ocrx_word' id='word_1_269' title='bbox 1285 900 1492 942; x_wconf 65' lang='lat' dir='ltr'>«Inguinibus</span> <span class='ocrx_word' id='word_1_270' title='bbox 1516 912 1616 948; x_wconf 78' lang='lat' dir='ltr'>quare</span> <span class='ocrx_word' id='word_1_271' title='bbox 1638 901 1789 932; x_wconf 79' lang='lat' dir='ltr'>detonsus</span> <span class='ocrx_word' id='word_1_272' title='bbox 1813 899 1958 942; x_wconf 79' lang='lat' dir='ltr'>gurgulio</span> <span class='ocrx_word' id='word_1_273' title='bbox 1983 905 2108 931; x_wconf 74' lang='lat' dir='ltr'>exstat·</span> 
     </span>
     <span class='ocr_line' id='line_1_39' title="bbox 1229 961 2178 1008; baseline -0.003 -12"><span class='ocrx_word' id='word_1_274' title='bbox 1229 976 1333 1008; x_wconf 89' lang='lat' dir='ltr'>neque</span> <span class='ocrx_word' id='word_1_275' title='bbox 1358 964 1468 995; x_wconf 88' lang='lat' dir='ltr'>dubito</span> <span class='ocrx_word' id='word_1_276' title='bbox 1489 964 1567 1007; x_wconf 88' lang='lat' dir='ltr'>quin</span> <span class='ocrx_word' id='word_1_277' title='bbox 1589 964 1632 995; x_wconf 88' lang='lat' dir='ltr'>ita</span> <span class='ocrx_word' id='word_1_278' title='bbox 1658 965 1834 997; x_wconf 75' lang='lat' dir='ltr'>Martianus</span> <span class='ocrx_word' id='word_1_279' title='bbox 1863 976 1990 1008; x_wconf 89' lang='lat' dir='ltr'>quoque</span> <span class='ocrx_word' id='word_1_280' title='bbox 2013 961 2178 1006; x_wconf 74' lang='lat' dir='ltr'>acceperit,</span> 
     </span>
     <span class='ocr_line' id='line_1_40' title="bbox 1227 1027 2175 1073; baseline -0.004 -12"><span class='ocrx_word' id='word_1_281' title='bbox 1227 1029 1371 1073; x_wconf 83' lang='lat' dir='ltr'>inprimis</span> <span class='ocrx_word' id='word_1_282' title='bbox 1391 1028 1417 1059; x_wconf 90' lang='lat' dir='ltr'>si</span> <span class='ocrx_word' id='word_1_283' title='bbox 1433 1040 1542 1059; x_wconf 82' lang='lat' dir='ltr'>revera</span> <span class='ocrx_word' id='word_1_284' title='bbox 1565 1031 1701 1060; x_wconf 75' lang='lat' dir='ltr'>exsectis</span> <span class='ocrx_word' id='word_1_285' title='bbox 1717 1029 1771 1059; x_wconf 88' lang='lat' dir='ltr'>ille</span> <span class='ocrx_word' id='word_1_286' title='bbox 1788 1028 1967 1071; x_wconf 79' lang='lat' dir='ltr'>scripserit,</span> <span class='ocrx_word' id='word_1_287' title='bbox 1996 1027 2082 1071; x_wconf 85' lang='lat' dir='ltr'>quod</span> <span class='ocrx_word' id='word_1_288' title='bbox 2104 1038 2175 1070; x_wconf 88' lang='lat' dir='ltr'>pro-</span> 
     </span>
     <span class='ocr_line' id='line_1_41' title="bbox 1229 1088 2177 1134; baseline -0.002 -13"><span class='ocrx_word' id='word_1_289' title='bbox 1229 1091 1332 1134; x_wconf 87' lang='lat' dir='ltr'>prium</span> <span class='ocrx_word' id='word_1_290' title='bbox 1363 1090 1552 1121; x_wconf 76' lang='lat' dir='ltr'>vocabulum</span> <span class='ocrx_word' id='word_1_291' title='bbox 1581 1094 1631 1121; x_wconf 82' lang='lat' dir='ltr'>est</span> <span class='ocrx_word' id='word_1_292' title='bbox 1664 1090 1703 1120; x_wconf 89' lang='lat' dir='ltr'>de</span> <span class='ocrx_word' id='word_1_293' title='bbox 1729 1089 1919 1121; x_wconf 78' lang='lat' dir='ltr'>castratione</span> <span class='ocrx_word' id='word_1_294' title='bbox 1949 1088 2120 1132; x_wconf 75' lang='lat' dir='ltr'>(Quinctil.</span> <span class='ocrx_word' id='word_1_295' title='bbox 2145 1089 2177 1120; x_wconf 77' lang='lat'>7.</span> 
     </span>
     <span class='ocr_line' id='line_1_42' title="bbox 1229 1150 2177 1195; baseline -0.003 -12"><span class='ocrx_word' id='word_1_296' title='bbox 1229 1153 1271 1190; x_wconf 76' lang='lat'>4,</span> <span class='ocrx_word' id='word_1_297' title='bbox 1306 1151 1363 1193; x_wconf 70' lang='lat' dir='ltr'>S)3</span> <span class='ocrx_word' id='word_1_298' title='bbox 1395 1151 1584 1183; x_wconf 84' lang='lat' dir='ltr'>Ciceronem</span> <span class='ocrx_word' id='word_1_299' title='bbox 1618 1155 1724 1182; x_wconf 82' lang='lat' dir='ltr'>tamen</span> <span class='ocrx_word' id='word_1_300' title='bbox 1752 1151 1792 1182; x_wconf 85' lang='lat' dir='ltr'>de</span> <span class='ocrx_word' id='word_1_301' title='bbox 1820 1157 1952 1195; x_wconf 66' lang='lat' dir='ltr'>gutture</span> <span class='ocrx_word' id='word_1_302' title='bbox 1981 1150 2177 1181; x_wconf 75' lang='lat' dir='ltr'>intellexisse</span> 
     </span>
     <span class='ocr_line' id='line_1_43' title="bbox 1229 1213 1512 1244; baseline -0.004 0"><span class='ocrx_word' id='word_1_303' title='bbox 1229 1213 1431 1244; x_wconf 74' lang='lat' dir='ltr'>manifestum</span> <span class='ocrx_word' id='word_1_304' title='bbox 1454 1218 1512 1243; x_wconf 89' lang='lat' dir='ltr'>cst.</span> 
     </span>
    </p>

    <p class='ocr_par' dir='ltr' id='par_1_16' title="bbox 1303 1272 2097 1318">
     <span class='ocr_line' id='line_1_44' title="bbox 1303 1272 2097 1318; baseline -0.001 -13"><span class='ocrx_word' id='word_1_305' title='bbox 1303 1273 1417 1318; x_wconf 73' lang='lat' dir='ltr'>vit-qis]</span> <span class='ocrx_word' id='word_1_306' title='bbox 1445 1274 1497 1306; x_wconf 84' lang='lat' dir='ltr'>Ex</span> <span class='ocrx_word' id='word_1_307' title='bbox 1518 1274 1661 1305; x_wconf 84' lang='lat' dir='ltr'>oratione</span> <span class='ocrx_word' id='word_1_308' title='bbox 1681 1274 1714 1305; x_wconf 87' lang='lat' dir='ltr'>in</span> <span class='ocrx_word' id='word_1_309' title='bbox 1732 1274 1868 1306; x_wconf 81' lang='lat' dir='ltr'>Verrem</span> <span class='ocrx_word' id='word_1_310' title='bbox 1887 1273 1942 1316; x_wconf 72' lang='lat'>(2,</span> <span class='ocrx_word' id='word_1_311' title='bbox 1969 1274 2006 1313; x_wconf 77' lang='lat' dir='ltr'>l,</span> <span class='ocrx_word' id='word_1_312' title='bbox 2026 1272 2097 1315; x_wconf 85' lang='lat'>47).</span> 
     </span>
    </p>

    <p class='ocr_par' dir='ltr' id='par_1_17' title="bbox 1307 1336 1928 1381">
     <span class='ocr_line' id='line_1_45' title="bbox 1307 1336 1928 1381; baseline -0.002 -13"><span class='ocrx_word' id='word_1_313' title='bbox 1307 1336 1480 1381; x_wconf 67' lang='lat' dir='ltr'>l⁷1&#39;1·3]1⁴lirts]</span> <span class='ocrx_word' id='word_1_314' title='bbox 1507 1337 1545 1369; x_wconf 89' lang='lat' dir='ltr'>In</span> <span class='ocrx_word' id='word_1_315' title='bbox 1570 1337 1716 1369; x_wconf 88' lang='lat' dir='ltr'>Aeneide</span> <span class='ocrx_word' id='word_1_316' title='bbox 1741 1338 1793 1381; x_wconf 72' lang='lat' dir='ltr'>(l,</span> <span class='ocrx_word' id='word_1_317' title='bbox 1827 1338 1928 1380; x_wconf 76' lang='lat'>726):</span> 
     </span>
    </p>

    <p class='ocr_par' dir='ltr' id='par_1_18' title="bbox 1284 1399 2059 1446">
     <span class='ocr_line' id='line_1_46' title="bbox 1284 1399 2059 1446; baseline 0 -16"><span class='ocrx_word' id='word_1_318' title='bbox 1284 1418 1331 1423; x_wconf 90' lang='lat'>—-</span> <span class='ocrx_word' id='word_1_319' title='bbox 1350 1400 1544 1442; x_wconf 78' lang='lat' dir='ltr'>»dependent</span> <span class='ocrx_word' id='word_1_320' title='bbox 1568 1399 1676 1442; x_wconf 65' lang='lat' dir='ltr'>lychni</span> <span class='ocrx_word' id='word_1_321' title='bbox 1696 1400 1901 1446; x_wconf 80' lang='lat' dir='ltr'>laquearibus</span> <span class='ocrx_word' id='word_1_322' title='bbox 1925 1399 2059 1430; x_wconf 58' lang='lat' dir='ltr'>aut-elsa</span> 
     </span>
    </p>

    <p class='ocr_par' dir='ltr' id='par_1_19' title="bbox 1230 1459 2179 1631">
     <span class='ocr_line' id='line_1_47' title="bbox 1302 1459 2178 1505; baseline -0.003 -13"><span class='ocrx_word' id='word_1_323' title='bbox 1302 1462 1400 1493; x_wconf 80' lang='lat' dir='ltr'>verba</span> <span class='ocrx_word' id='word_1_324' title='bbox 1422 1459 1565 1505; x_wconf 78' lang='lat' dir='ltr'>propria]</span> <span class='ocrx_word' id='word_1_325' title='bbox 1593 1460 1732 1493; x_wconf 87' lang='lat' dir='ltr'>Secutus</span> <span class='ocrx_word' id='word_1_326' title='bbox 1755 1473 1825 1492; x_wconf 88' lang='lat' dir='ltr'>sum</span> <span class='ocrx_word' id='word_1_327' title='bbox 1848 1461 1990 1493; x_wconf 86' lang='lat' dir='ltr'>codicem</span> <span class='ocrx_word' id='word_1_328' title='bbox 2007 1459 2178 1492; x_wconf 81' lang='lat' dir='ltr'>Monacen-</span> 
     </span>
     <span class='ocr_line' id='line_1_48' title="bbox 1230 1522 2179 1566; baseline -0.006 -11"><span class='ocrx_word' id='word_1_329' title='bbox 1230 1535 1297 1555; x_wconf 83' lang='lat' dir='ltr'>scm</span> <span class='ocrx_word' id='word_1_330' title='bbox 1323 1523 1398 1566; x_wconf 75' lang='lat' dir='ltr'>(C);</span> <span class='ocrx_word' id='word_1_331' title='bbox 1425 1523 1520 1565; x_wconf 81' lang='lat' dir='ltr'>vulgo</span> <span class='ocrx_word' id='word_1_332' title='bbox 1547 1523 1631 1553; x_wconf 90' lang='lat' dir='ltr'>enim</span> <span class='ocrx_word' id='word_1_333' title='bbox 1657 1528 1740 1553; x_wconf 80' lang='lat' dir='ltr'>erat:</span> <span class='ocrx_word' id='word_1_334' title='bbox 1769 1523 1873 1566; x_wconf 81' lang='lat' dir='ltr'>»quod</span> <span class='ocrx_word' id='word_1_335' title='bbox 1897 1522 1925 1554; x_wconf 89' lang='lat' dir='ltr'>si</span> <span class='ocrx_word' id='word_1_336' title='bbox 1951 1534 2009 1553; x_wconf 84' lang='lat' dir='ltr'>sua</span> <span class='ocrx_word' id='word_1_337' title='bbox 2034 1533 2085 1552; x_wconf 87' lang='lat' dir='ltr'>res</span> <span class='ocrx_word' id='word_1_338' title='bbox 2108 1530 2179 1563; x_wconf 86' lang='lat' dir='ltr'>pro-</span> 
     </span>
     <span class='ocr_line' id='line_1_49' title="bbox 1230 1586 1670 1631; baseline -0.007 -13"><span class='ocrx_word' id='word_1_339' title='bbox 1230 1588 1298 1631; x_wconf 81' lang='lat' dir='ltr'>pria</span> <span class='ocrx_word' id='word_1_340' title='bbox 1320 1587 1416 1618; x_wconf 74' lang='lat' dir='ltr'>verba</span> <span class='ocrx_word' id='word_1_341' title='bbox 1441 1597 1505 1617; x_wconf 88' lang='lat' dir='ltr'>non</span> <span class='ocrx_word' id='word_1_342' title='bbox 1529 1586 1670 1617; x_wconf 60' lang='lat' dir='ltr'>babeat«</span> 
     </span>
    </p>

    <p class='ocr_par' dir='ltr' id='par_1_20' title="bbox 1228 1644 2181 2446">
     <span class='ocr_line' id='line_1_50' title="bbox 1299 1644 2179 1691; baseline -0.003 -13"><span class='ocrx_word' id='word_1_343' title='bbox 1299 1646 1481 1691; x_wconf 62' lang='lat' dir='ltr'>yzovantur]</span> <span class='ocrx_word' id='word_1_344' title='bbox 1508 1647 1646 1689; x_wconf 77' lang='lat' dir='ltr'>Egregie</span> <span class='ocrx_word' id='word_1_345' title='bbox 1668 1647 1708 1678; x_wconf 87' lang='lat' dir='ltr'>de</span> <span class='ocrx_word' id='word_1_346' title='bbox 1729 1646 1777 1677; x_wconf 86' lang='lat' dir='ltr'>his</span> <span class='ocrx_word' id='word_1_347' title='bbox 1795 1645 1948 1690; x_wconf 77' lang='lat' dir='ltr'>praecipit</span> <span class='ocrx_word' id='word_1_348' title='bbox 1966 1644 2085 1677; x_wconf 88' lang='lat' dir='ltr'>Curius</span> <span class='ocrx_word' id='word_1_349' title='bbox 2102 1644 2179 1676; x_wconf 82' lang='lat' dir='ltr'>For-</span> 
     </span>
     <span class='ocr_line' id='line_1_51' title="bbox 1233 1707 2181 1751; baseline -0.003 -12"><span class='ocrx_word' id='word_1_350' title='bbox 1233 1709 1415 1740; x_wconf 82' lang='lat' dir='ltr'>tunatianus</span> <span class='ocrx_word' id='word_1_351' title='bbox 1441 1709 1490 1751; x_wconf 86' lang='lat' dir='ltr'>(p.</span> <span class='ocrx_word' id='word_1_352' title='bbox 1510 1710 1558 1740; x_wconf 85' lang='lat'>70</span> <span class='ocrx_word' id='word_1_353' title='bbox 1587 1707 1701 1751; x_wconf 79' lang='lat' dir='ltr'>Pith.)=</span> <span class='ocrx_word' id='word_1_354' title='bbox 1723 1708 1871 1739; x_wconf 69' lang='lat' dir='ltr'>»Tertius</span> <span class='ocrx_word' id='word_1_355' title='bbox 1898 1707 2012 1738; x_wconf 85' lang='lat' dir='ltr'>modus</span> <span class='ocrx_word' id='word_1_356' title='bbox 2039 1712 2105 1747; x_wconf 73' lang='lat' dir='ltr'>est,</span> <span class='ocrx_word' id='word_1_357' title='bbox 2147 1712 2181 1737; x_wconf 89' lang='lat' dir='ltr'>ut</span> 
     </span>
     <span class='ocr_line' id='line_1_52' title="bbox 1232 1769 2181 1813; baseline -0.003 -11"><span class='ocrx_word' id='word_1_358' title='bbox 1232 1781 1386 1802; x_wconf 84' lang='lat' dir='ltr'>novemus</span> <span class='ocrx_word' id='word_1_359' title='bbox 1417 1770 1530 1810; x_wconf 74' lang='lat' dir='ltr'>verba,</span> <span class='ocrx_word' id='word_1_360' title='bbox 1560 1781 1641 1813; x_wconf 81' lang='lat' dir='ltr'>quae</span> <span class='ocrx_word' id='word_1_361' title='bbox 1671 1775 1776 1801; x_wconf 84' lang='lat' dir='ltr'>tamen</span> <span class='ocrx_word' id='word_1_362' title='bbox 1801 1769 1928 1813; x_wconf 86' lang='lat' dir='ltr'>parcius</span> <span class='ocrx_word' id='word_1_363' title='bbox 1956 1769 2109 1800; x_wconf 86' lang='lat' dir='ltr'>debemus</span> <span class='ocrx_word' id='word_1_364' title='bbox 2136 1774 2181 1799; x_wconf 80' lang='lat' dir='ltr'>at-</span> 
     </span>
     <span class='ocr_line' id='line_1_53' title="bbox 1233 1831 2181 1876; baseline -0.004 -10"><span class='ocrx_word' id='word_1_365' title='bbox 1233 1835 1373 1875; x_wconf 82' lang='lat' dir='ltr'>tingerc3</span> <span class='ocrx_word' id='word_1_366' title='bbox 1400 1846 1472 1865; x_wconf 85' lang='lat' dir='ltr'>nam</span> <span class='ocrx_word' id='word_1_367' title='bbox 1490 1839 1524 1865; x_wconf 86' lang='lat' dir='ltr'>et</span> <span class='ocrx_word' id='word_1_368' title='bbox 1544 1845 1637 1875; x_wconf 79' lang='lat' dir='ltr'>aegre</span> <span class='ocrx_word' id='word_1_369' title='bbox 1660 1846 1778 1865; x_wconf 79' lang='lat' dir='ltr'>novum</span> <span class='ocrx_word' id='word_1_370' title='bbox 1800 1833 1931 1865; x_wconf 86' lang='lat' dir='ltr'>verbum</span> <span class='ocrx_word' id='word_1_371' title='bbox 1948 1833 2051 1865; x_wconf 78' lang='lat' dir='ltr'>facere</span> <span class='ocrx_word' id='word_1_372' title='bbox 2075 1831 2181 1876; x_wconf 83' lang='lat' dir='ltr'>possis</span> 
     </span>
     <span class='ocr_line' id='line_1_54' title="bbox 1231 1895 2181 1939; baseline -0.002 -13"><span class='ocrx_word' id='word_1_373' title='bbox 1231 1895 1305 1928; x_wconf 86' lang='lat' dir='ltr'>lene</span> <span class='ocrx_word' id='word_1_374' title='bbox 1329 1908 1365 1927; x_wconf 85' lang='lat' dir='ltr'>ac</span> <span class='ocrx_word' id='word_1_375' title='bbox 1385 1896 1551 1936; x_wconf 73' lang='lat' dir='ltr'>decorum,</span> <span class='ocrx_word' id='word_1_376' title='bbox 1573 1900 1605 1926; x_wconf 89' lang='lat' dir='ltr'>et</span> <span class='ocrx_word' id='word_1_377' title='bbox 1621 1895 1686 1926; x_wconf 76' lang='lat' dir='ltr'>sere</span> <span class='ocrx_word' id='word_1_378' title='bbox 1710 1900 1919 1939; x_wconf 83' lang='lat' dir='ltr'>aspernantur</span> <span class='ocrx_word' id='word_1_379' title='bbox 1940 1895 2083 1926; x_wconf 87' lang='lat' dir='ltr'>homines</span> <span class='ocrx_word' id='word_1_380' title='bbox 2101 1904 2181 1937; x_wconf 78' lang='lat' dir='ltr'>quac</span> 
     </span>
     <span class='ocr_line' id='line_1_55' title="bbox 1232 1956 2180 2002; baseline -0.005 -11"><span class='ocrx_word' id='word_1_381' title='bbox 1232 1972 1298 1991; x_wconf 89' lang='lat' dir='ltr'>non</span> <span class='ocrx_word' id='word_1_382' title='bbox 1325 1965 1569 2001; x_wconf 81' lang='lat' dir='ltr'>recognoscunt.</span> <span class='ocrx_word' id='word_1_383' title='bbox 1603 1959 1664 1991; x_wconf 62' lang='lat' dir='ltr'>Vir</span> <span class='ocrx_word' id='word_1_384' title='bbox 1689 1958 1939 2002; x_wconf 77' lang='lat' dir='ltr'>perfectissimus</span> <span class='ocrx_word' id='word_1_385' title='bbox 1964 1958 2059 1989; x_wconf 81' lang='lat' dir='ltr'>dixit:</span> <span class='ocrx_word' id='word_1_386' title='bbox 2077 1956 2180 1989; x_wconf 83' lang='lat' dir='ltr'>verbis</span> 
     </span>
     <span class='ocr_line' id='line_1_56' title="bbox 1232 2019 2179 2066; baseline -0.005 -12"><span class='ocrx_word' id='word_1_387' title='bbox 1232 2023 1384 2054; x_wconf 85' lang='lat' dir='ltr'>utendum</span> <span class='ocrx_word' id='word_1_388' title='bbox 1422 2027 1473 2054; x_wconf 85' lang='lat' dir='ltr'>est</span> <span class='ocrx_word' id='word_1_389' title='bbox 1513 2028 1548 2054; x_wconf 88' lang='lat' dir='ltr'>ut</span> <span class='ocrx_word' id='word_1_390' title='bbox 1586 2022 1690 2054; x_wconf 87' lang='lat' dir='ltr'>numis</span> <span class='ocrx_word' id='word_1_391' title='bbox 1729 2022 1856 2066; x_wconf 81' lang='lat' dir='ltr'>publica</span> <span class='ocrx_word' id='word_1_392' title='bbox 1884 2027 2011 2054; x_wconf 88' lang='lat' dir='ltr'>moneta</span> <span class='ocrx_word' id='word_1_393' title='bbox 2039 2019 2179 2061; x_wconf 82' lang='lat' dir='ltr'>signatis.</span> 
     </span>
     <span class='ocr_line' id='line_1_57' title="bbox 1232 2085 2179 2130; baseline -0.007 -10"><span class='ocrx_word' id='word_1_394' title='bbox 1232 2087 1340 2120; x_wconf 81' lang='lat' dir='ltr'>Verba</span> <span class='ocrx_word' id='word_1_395' title='bbox 1362 2087 1477 2129; x_wconf 88' lang='lat' dir='ltr'>quibus</span> <span class='ocrx_word' id='word_1_396' title='bbox 1499 2086 1602 2118; x_wconf 89' lang='lat' dir='ltr'>modis</span> <span class='ocrx_word' id='word_1_397' title='bbox 1623 2087 1801 2117; x_wconf 70' lang='lat' dir='ltr'>novantur?</span> <span class='ocrx_word' id='word_1_398' title='bbox 1816 2085 1917 2130; x_wconf 87' lang='lat' dir='ltr'>primo</span> <span class='ocrx_word' id='word_1_399' title='bbox 1935 2085 2058 2116; x_wconf 86' lang='lat' dir='ltr'>Graeca</span> <span class='ocrx_word' id='word_1_400' title='bbox 2075 2089 2179 2115; x_wconf 77' lang='lat' dir='ltr'>trans-</span> 
     </span>
     <span class='ocr_line' id='line_1_58' title="bbox 1229 2147 2178 2194; baseline -0.005 -12"><span class='ocrx_word' id='word_1_401' title='bbox 1229 2150 1382 2194; x_wconf 75' lang='lat' dir='ltr'>ferimus,</span> <span class='ocrx_word' id='word_1_402' title='bbox 1412 2156 1444 2182; x_wconf 85' lang='lat' dir='ltr'>ut</span> <span class='ocrx_word' id='word_1_403' title='bbox 1475 2162 1558 2182; x_wconf 88' lang='lat' dir='ltr'>nova</span> <span class='ocrx_word' id='word_1_404' title='bbox 1582 2162 1622 2182; x_wconf 81' lang='lat' dir='ltr'>ex</span> <span class='ocrx_word' id='word_1_405' title='bbox 1647 2150 1696 2181; x_wconf 82' lang='lat' dir='ltr'>his</span> <span class='ocrx_word' id='word_1_406' title='bbox 1718 2149 1833 2181; x_wconf 83' lang='lat' dir='ltr'>Latina</span> <span class='ocrx_word' id='word_1_407' title='bbox 1859 2147 2092 2188; x_wconf 79' lang='lat' dir='ltr'>contingamus3</span> <span class='ocrx_word' id='word_1_408' title='bbox 2127 2147 2178 2178; x_wconf 87' lang='lat' dir='ltr'>de-</span> 
     </span>
     <span class='ocr_line' id='line_1_59' title="bbox 1232 2209 2180 2255; baseline -0.004 -12"><span class='ocrx_word' id='word_1_409' title='bbox 1232 2212 1305 2244; x_wconf 86' lang='lat' dir='ltr'>hine</span> <span class='ocrx_word' id='word_1_410' title='bbox 1335 2224 1392 2255; x_wconf 81' lang='lat' dir='ltr'>per</span> <span class='ocrx_word' id='word_1_411' title='bbox 1417 2213 1742 2255; x_wconf 62' lang='lat' dir='ltr'>congeminationem,</span> <span class='ocrx_word' id='word_1_412' title='bbox 1770 2214 1806 2240; x_wconf 88' lang='lat' dir='ltr'>ut</span> <span class='ocrx_word' id='word_1_413' title='bbox 1837 2209 1952 2241; x_wconf 83' lang='lat' dir='ltr'>Cicero</span> <span class='ocrx_word' id='word_1_414' title='bbox 1983 2209 2083 2240; x_wconf 80' lang='lat' dir='ltr'>»feras</span> <span class='ocrx_word' id='word_1_415' title='bbox 2108 2209 2180 2240; x_wconf 84' lang='lat' dir='ltr'>soli-</span> 
     </span>
     <span class='ocr_line' id='line_1_60' title="bbox 1231 2275 2179 2320; baseline -0.004 -13"><span class='ocrx_word' id='word_1_416' title='bbox 1231 2288 1349 2320; x_wconf 67' lang='lat' dir='ltr'>vayas«</span> <span class='ocrx_word' id='word_1_417' title='bbox 1370 2275 1463 2315; x_wconf 77' lang='lat' dir='ltr'>dieit3</span> <span class='ocrx_word' id='word_1_418' title='bbox 1489 2281 1522 2307; x_wconf 87' lang='lat' dir='ltr'>et</span> <span class='ocrx_word' id='word_1_419' title='bbox 1539 2287 1598 2319; x_wconf 87' lang='lat' dir='ltr'>per</span> <span class='ocrx_word' id='word_1_420' title='bbox 1615 2275 1842 2305; x_wconf 77' lang='lat' dir='ltr'>derivationem</span> <span class='ocrx_word' id='word_1_421' title='bbox 1863 2284 1979 2304; x_wconf 79' lang='lat' dir='ltr'>novare</span> <span class='ocrx_word' id='word_1_422' title='bbox 1997 2284 2179 2316; x_wconf 68' lang='lat' dir='ltr'>possumus,</span> 
     </span>
     <span class='ocr_line' id='line_1_61' title="bbox 1233 2334 2178 2378; baseline -0.003 -10"><span class='ocrx_word' id='word_1_423' title='bbox 1233 2343 1269 2369; x_wconf 85' lang='lat' dir='ltr'>ut</span> <span class='ocrx_word' id='word_1_424' title='bbox 1293 2337 1333 2368; x_wconf 81' lang='lat' dir='ltr'>ab</span> <span class='ocrx_word' id='word_1_425' title='bbox 1359 2343 1514 2368; x_wconf 77' lang='lat' dir='ltr'>autumno</span> <span class='ocrx_word' id='word_1_426' title='bbox 1541 2336 1624 2367; x_wconf 84' lang='lat' dir='ltr'>Cato</span> <span class='ocrx_word' id='word_1_427' title='bbox 1656 2334 1700 2365; x_wconf 79' lang='lat' dir='ltr'>ait</span> <span class='ocrx_word' id='word_1_428' title='bbox 1726 2336 1991 2373; x_wconf 80' lang='lat' dir='ltr'>anlmnnitatem,</span> <span class='ocrx_word' id='word_1_429' title='bbox 2019 2339 2052 2366; x_wconf 84' lang='lat' dir='ltr'>et</span> <span class='ocrx_word' id='word_1_430' title='bbox 2074 2346 2091 2370; x_wconf 76' lang='lat' dir='ltr'>a</span> <span class='ocrx_word' id='word_1_431' title='bbox 2109 2346 2178 2378; x_wconf 78' lang='lat' dir='ltr'>per-</span> 
     </span>
     <span class='ocr_line' id='line_1_62' title="bbox 1228 2400 1801 2446; baseline -0.01 -12"><span class='ocrx_word' id='word_1_432' title='bbox 1228 2401 1380 2446; x_wconf 71' lang='lat' dir='ltr'>petiendo</span> <span class='ocrx_word' id='word_1_433' title='bbox 1403 2400 1517 2432; x_wconf 83' lang='lat' dir='ltr'>Cicero</span> <span class='ocrx_word' id='word_1_434' title='bbox 1539 2400 1801 2442; x_wconf 66' lang='lat' dir='ltr'>perpessionem«</span> 
     </span>
    </p>

    <p class='ocr_par' dir='ltr' id='par_1_21' title="bbox 1232 2460 2178 2571">
     <span class='ocr_line' id='line_1_63' title="bbox 1303 2460 2178 2507; baseline -0.007 -11"><span class='ocrx_word' id='word_1_435' title='bbox 1303 2461 1444 2507; x_wconf 73' lang='lat' dir='ltr'>fictione]</span> <span class='ocrx_word' id='word_1_436' title='bbox 1472 2462 1610 2495; x_wconf 88' lang='lat' dir='ltr'>Codices</span> <span class='ocrx_word' id='word_1_437' title='bbox 1635 2468 1762 2494; x_wconf 83' lang='lat' dir='ltr'>secutus</span> <span class='ocrx_word' id='word_1_438' title='bbox 1785 2462 2083 2502; x_wconf 82' lang='lat' dir='ltr'>Darmstattensem,</span> <span class='ocrx_word' id='word_1_439' title='bbox 2104 2460 2178 2492; x_wconf 80' lang='lat' dir='ltr'>Rei-</span> 
     </span>
     <span class='ocr_line' id='line_1_64' title="bbox 1232 2524 2178 2571; baseline -0.004 -13"><span class='ocrx_word' id='word_1_440' title='bbox 1232 2529 1480 2566; x_wconf 77' lang='lat' dir='ltr'>chenaneusem,</span> <span class='ocrx_word' id='word_1_441' title='bbox 1510 2532 1541 2558; x_wconf 84' lang='lat' dir='ltr'>ct</span> <span class='ocrx_word' id='word_1_442' title='bbox 1569 2527 1796 2558; x_wconf 83' lang='lat' dir='ltr'>Monacensem</span> <span class='ocrx_word' id='word_1_443' title='bbox 1815 2525 1882 2571; x_wconf 90' lang='lat' dir='ltr'>(C)</span> <span class='ocrx_word' id='word_1_444' title='bbox 1899 2525 2005 2566; x_wconf 79' lang='lat' dir='ltr'>omisi,</span> <span class='ocrx_word' id='word_1_445' title='bbox 2038 2524 2123 2568; x_wconf 87' lang='lat' dir='ltr'>quod</span> <span class='ocrx_word' id='word_1_446' title='bbox 2146 2524 2178 2555; x_wconf 88' lang='lat' dir='ltr'>in</span> 
     </span>
    </p>
   </div>
   <div class='ocr_carea' id='block_1_13' title="bbox 1232 2588 1715 2632">
    <p class='ocr_par' dir='ltr' id='par_1_22' title="bbox 1232 2588 1715 2632">
     <span class='ocr_line' id='line_1_65' title="bbox 1232 2588 1715 2632; baseline -0.006 -10"><span class='ocrx_word' id='word_1_447' title='bbox 1232 2589 1326 2622; x_wconf 75' lang='lat' dir='ltr'>editis</span> <span class='ocrx_word' id='word_1_448' title='bbox 1353 2588 1512 2632; x_wconf 74' lang='lat' dir='ltr'>sequitur,</span> <span class='ocrx_word' id='word_1_449' title='bbox 1538 2589 1715 2621; x_wconf 76' lang='lat' dir='ltr'>verborum.</span> 
     </span>
    </p>
   </div>
  </div>
 </body>
</html>
