2310 2860
725 171 924 215 Martiani
957 171 1156 231 Capellae
1193 174 1265 217 lih.
1285 174 1360 217 111.
1399 177 1430 229 §.
1450 174 1553 218 252.

2036 179 2126 223 265

753 331 834 374 DE
873 331 1119 375 NATURA
1158 331 1523 378 LITERARUM.

318 435 488 478 Verum
532 436 574 478 in
613 436 742 479 literis
778 437 947 493 gemina
988 438 1181 494 quaestio
1220 438 1475 483 diversatur.

149 524 270 567 sunt,
311 526 385 558 aut
423 516 609 560 effectae.

677 519 844 560 Natura
885 519 998 560 enim
1035 520 1275 562 insinuante
1313 537 1465 565 earum
1503 524 1678 566 nomina
1707 525 1750 566 in
1779 525 1984 581 loquendi
2012 526 2118 568 sub-

147 598 343 640 stantiam
376 609 599 655 procreata
636 609 746 652 sunt,
779 599 1002 643 artificiosa
1038 615 1144 642 vero
1175 601 1374 644 formatio
1405 617 1556 644 earum
1588 604 1719 646 lineas
1751 618 1858 660 quas
1888 604 2117 648 scribimus

147 676 382 734 designavit
425 679 479 721 ad
516 679 620 732 hoc,
668 689 715 721 ut
761 689 1000 735 praesentes
1047 695 1134 723 una
1182 682 1264 734 uti,
1313 682 1505 725 absentes
1550 684 1630 726 alia
1669 685 1922 740 potuissent3
1982 695 2116 742 atque

146 759 204 801 ita
247 774 300 801 ex
339 760 421 801 hac
461 770 601 817 parte,
647 774 736 816 qua
772 760 993 812 scribitur,
1041 771 1208 814 mutae,
1261 778 1314 804 cx
1355 763 1451 817 illa,
1506 778 1593 820 qua
1632 765 1807 821 legitur,
1851 781 1977 809 voces
2015 776 2117 809 sunt

146 842 402 897 appellatae,
433 841 649 898 siquidem
681 842 790 884 haec
820 842 997 884 auribus
1019 851 1208 896 tantum,
1237 842 1311 884 illa
1339 842 1438 885 solis
1470 843 1602 885 oculis
1633 844 1772 886 valeat
1796 846 2115 902 comprehendi.

315 921 483 964 Literae
514 922 640 979 igitur
669 922 776 965 aliae
805 932 925 976 sunt,
959 938 1071 980 quae
1101 939 1179 981 per
1207 939 1253 967 se
1283 923 1451 966 efficere
1477 934 1614 968 totum
1640 926 1831 980 valeant,
1862 927 1969 970 aliae
1999 942 2114 985 quae
2141 933 2232 977 255

143 1026 295 1064 Manilius
317 1029 363 1074 (in
385 1036 505 1063 astron.
528 1031 568 1071 2,
593 1031 696 1075 755)=

195 1110 245 1118 --
270 1093 424 1125 »madibus
446 1096 558 1137 pueris
577 1100 778 1127 monstratur
796 1095 891 1128 litera
909 1098 1049 1139 primum

193 1157 260 1190 Per
287 1156 405 1201 faciem
430 1170 610 1205 nomenque
634 1170 730 1190 suum
753 1160 954 1202 componitur
976 1170 1071 1192 usus:

194 1218 287 1252 Tunc
308 1220 480 1264 conjuncta
498 1221 566 1252 suiS
581 1219 744 1264 formatur
761 1222 883 1264 syllaba
903 1222 1006 1253 nodis.

194 1281 283 1315 Hinc
299 1283 390 1314 verbi
410 1288 577 1315 structura
600 1286 688 1316 venit
710 1296 769 1328 per
786 1286 927 1317 membra
945 1285 1081 1329 leqendi.

195 1345 288 1378 Tunc
310 1358 421 1378 rerum
443 1348 529 1379 vires
551 1353 649 1394 atque
673 1350 754 1379 artis
775 1349 917 1380 traditur
937 1360 1032 1389 usus,

195 1409 324 1456 Perque
337 1410 434 1453 pedes
448 1412 595 1453 proprios
613 1413 781 1443 nascentia
795 1413 940 1444 earmina
953 1415 1104 1455 surgunt,

190 1470 392 1518 Sinqulaque
416 1472 451 1502 in
476 1484 602 1504 summa
619 1473 749 1516 prodest
775 1474 923 1505 didicisse
947 1475 1078 1516 priora,

192 1532 283 1576 Quae
299 1534 365 1564 nisi
382 1535 586 1565 constiterint
601 1536 740 1578 propriis
755 1534 897 1578 fundata
922 1536 1101 1574 elementis,

190 1594 359 1634 Perdunt,
388 1606 471 1642 quae
496 1607 632 1639 propere
663 1597 811 1628 dederint
840 1602 1011 1640 praecepta
1035 1608 1101 1627 ma·

548 1661 660 1704 gistri,

188 1721 234 1754 Et
255 1721 338 1766 fluet
360 1724 395 1753 ίη
415 1734 537 1754 vanum
560 1735 669 1754 rerum
687 1728 914 1766 praeposterus
936 1723 1041 1755 ordo.-

213 1791 270 1818 aut
295 1785 481 1831 naturales]
510 1786 730 1818 Differentiam
752 1787 835 1818 hanc
855 1786 940 1817 inter
963 1792 1097 1817 natura-

139 1849 184 1879 les
207 1848 318 1880 literas
339 1854 371 1880 et
391 1847 520 1892 effectas
544 1848 590 1880 sic
616 1848 750 1893 exponit
774 1848 1025 1880 sarisberiensis
1050 1848 1097 1892 (ln

138 1909 289 1951 metalog.
312 1911 351 1949 1,
384 1910 430 1940 12
462 1922 495 1953 p.
521 1909 622 1951 759)=
654 1909 852 1940 »Literarum
880 1909 1009 1940 nomine
1034 1914 1099 1940 tam

139 1970 329 2014 simplicium
361 1982 475 2002 vocum
496 1970 642 2013 figurae,
673 1981 768 2013 quam
790 1970 962 2009 elementa,
989 1969 1022 2001 id
1050 1975 1099 2001 est

136 2045 230 2066 voees
249 2034 430 2078 figurarum
450 2033 684 2074 intelliguntur.
710 2051 757 2057 -—-
774 2033 913 2073 Literae,
935 2033 968 2064 id
988 2038 1040 2064 est
1062 2032 1098 2064 fi-

137 2109 252 2139 gurae,
291 2097 393 2141 primo
424 2108 539 2129 vocum
571 2096 693 2128 indices
716 2101 807 2137 sunt,
835 2096 951 2129 deinde
979 2107 1099 2139 rerum,

137 2170 216 2204 quas
240 2159 363 2191 animae
388 2169 447 2203 per
477 2158 643 2190 oculorum
669 2159 825 2191 fenestras
851 2164 1036 2203 opponunt,
1066 2164 1099 2191 et

136 2222 320 2266 frequenter
355 2221 536 2255 absentium
573 2221 657 2254 dicta
695 2221 764 2254 sine
796 2234 875 2255 voce
913 2222 1102 2267 loquuntur,

137 2286 250 2318 Tradit
279 2298 355 2329 ergo
385 2286 488 2331 prima
511 2285 670 2318 elementa
697 2285 854 2318 sermonis
879 2297 930 2317 ars
951 2286 1029 2326 ista,
1063 2292 1099 2318 ut

137 2360 202 2382 non
222 2350 347 2381 facilius
372 2355 470 2393 queat
489 2349 604 2394 aliquis
627 2355 755 2393 praeter
773 2362 843 2382 eam
866 2349 1097 2395 philosophari,

137 2424 231 2457 quam
251 2412 334 2444 inter
350 2411 560 2456 philosophos
582 2413 732 2454 eminere,
759 2413 814 2458 qui
835 2425 962 2458 semper
983 2424 1097 2446 caecus

138 2480 191 2505 aut
212 2473 327 2504 surdus
360 2473 446 2504 fuit«
488 2473 550 2504 Est
576 2475 655 2507 haee
685 2475 862 2507 differentia
892 2475 977 2508 inter
999 2477 1098 2511 στοι-

136 2541 252 2583 χεῖον
279 2541 311 2568 et
335 2532 508 2582 γράμμα,
535 2548 631 2580 quam
653 2537 845 2571 Ammonius
872 2538 1095 2580 grammaticus

138 2599 232 2633 docet
251 2599 297 2643 (in
314 2598 467 2631 vulcanii
480 2599 631 2632 thesauro
650 2599 748 2643 lingu.
763 2600 934 2646 utriusque
955 2613 986 2646 p.
999 2598 1095 2644 772).

1233 1031 1323 1079 sunt]
1350 1032 1517 1067 Omissum
1541 1035 1602 1068 hoc
1625 1034 1778 1069 auxiliare
1802 1035 1934 1069 verbum
1958 1046 1977 1068 e
1995 1034 2113 1070 Canta-

1158 1096 1311 1139 brigiensi
1337 1098 1493 1142 supplevi.

1233 1159 1393 1206 absentes]
1409 1160 1538 1205 Operae
1555 1161 1693 1207 pretium
1710 1163 1770 1198 erit
1787 1162 1840 1195 hic
1855 1163 2013 1203 conferre,
2032 1172 2115 1206 quae

1156 1222 1188 1258 N
1190 1235 1294 1256 onnus
1308 1224 1354 1269 (in
1365 1224 1499 1268 Dionys.
1511 1225 1546 1259 4.
1561 1238 1592 1271 p.
1604 1226 1675 1259 127
1690 1225 1718 1259 F
1720 1225 1795 1270 alk)
1806 1226 1846 1260 de
1865 1225 1988 1260 Cadmo
2001 1226 2115 1259 refert:

1212 1306 1260 1312 -
1281 1306 1329 1312 —
1345 1284 1488 1335 υαύτάρ
1513 1283 1535 1324 ὂ
1552 1284 1657 1336 πάσῃ

1208 1347 1359 1387 Ἑλλάδι
1383 1351 1593 1400 φωνηέντα
1623 1350 1689 1388 καὶ
1716 1352 1893 1401 ἔμφρονα
1922 1351 2028 1400 δῶρα
2054 1363 2115 1386 κο·

1554 1413 1682 1458 μίζων

1203 1471 1390 1521 Γλώσσης
1409 1474 1558 1522 ὄργανα
1581 1475 1718 1517 τεῦξεν
1739 1473 1930 1523 ὁμόθροα,
1957 1479 2114 1524 συμφυ-

1557 1536 1622 1577 ἑος
1647 1536 1690 1573 δὲ

1207 1594 1424 1643 Ἁρμονίης,
1465 1595 1680 1643 στοιχηδὸν
1721 1597 1762 1638 ἐς
1797 1596 1929 1644 ἄζυγα
1958 1594 2112 1645 σύζυγα

1552 1659 1671 1704 μίξας

1198 1718 1383 1769 Γραπτὸν
1412 1718 1614 1769 ἆσιγήτοιο
1650 1720 1779 1759 τύπον
1804 1720 2031 1770 τορνώσατο
2057 1726 2115 1759 σι-

1546 1783 1632 1829 γῆς·

1224 1857 1290 1892 qua
1319 1844 1489 1891 scribitur]
1522 1846 1746 1889 Britannicus,
1777 1848 2052 1881 Reiehenauensis
2076 1853 2110 1880 et

1148 1907 1354 1941 Monacensis
1386 1908 1454 1953 (C)
1479 1909 1531 1943 hic
1557 1916 1590 1942 et
1615 1911 1711 1955 paulo
1738 1918 1813 1956 post
1839 1924 1922 1960 quae
1949 1924 2008 1956 pro
2042 1924 2108 1960 qua

1147 1968 1318 2011 exhibent3
1346 1971 1404 2002 sed
1428 1971 1558 2005 omnino
1583 1973 1699 2005 melius
1720 1974 1755 2005 in
1775 1974 2041 2018 Darmstattensi,
2075 1980 2108 2006 et

1147 2032 1182 2066 in
1201 2033 1296 2066 editis
1320 2046 1385 2081 qua
1403 2034 1503 2077 leges.

1222 2096 1337 2143 voces]
1377 2098 1477 2131 Haud
1513 2099 1630 2133 dubius
1664 2099 1817 2133 substitui
1857 2113 1916 2146 pro
1947 2100 2105 2134 Grotiano
2128 2123 2132 2126 -

1147 2159 1275 2192 vocales
1297 2159 1385 2192 illam
1417 2160 1563 2194 codicum
1586 2161 1870 2203 Darmstattensis,
1897 2163 2102 2196 Monacensis

1149 2220 1217 2265 (C),
1239 2221 1526 2270 Caritabrigiensis‚
1551 2228 1583 2255 et
1604 2223 1783 2256 Britannici
1805 2225 1995 2266 lectionem3
2020 2234 2100 2268 quae

1149 2270 1354 2317 conflrma‘tnr
1362 2291 1529 2330 praeterea
1541 2286 1614 2319 loco
1627 2299 1644 2319 e
1660 2286 1893 2320 sarisberiensi
1919 2288 2024 2320 allato.

1223 2358 1282 2390 per
1301 2345 1349 2392 se]
1377 2347 1505 2380 Clarius
1525 2348 1670 2381 Isidorus
1686 2349 1796 2393 (etym.
1810 2351 1842 2390 1,
1859 2350 1895 2389 4,
1912 2351 1946 2382 5.
1959 2348 2023 2390 Op.
2039 2345 2099 2379 m.

1148 2419 1179 2451 p.
1204 2408 1226 2438 8
1257 2406 1392 2452 Arev.):
1425 2409 1548 2441 »dictae
1573 2410 1718 2451 vocales,
1750 2410 1837 2454 quod
1859 2422 1918 2453 per·
1938 2421 1972 2441 se
1992 2419 2100 2439 vocem

1148 2468 1303 2514 impleant
1319 2478 1351 2503 et
1366 2485 1424 2516 per
1441 2485 1476 2505 se
1495 2473 1649 2518 syllabam
1666 2473 1783 2505 saciant
1799 2472 1886 2504 nulla
1908 2471 2098 2502 adhaerente

1146 2536 1369 2567 consonante.'
1385 2536 1613 2570 Consonantes
1635 2543 1782 2575 vocatae,
1807 2534 1881 2578 quia
1902 2546 1960 2577 per
1978 2546 2013 2568 se
2033 2546 2100 2567 non

1147 2603 1280 2639 sonant,
1304 2598 1361 2630 sed
1381 2598 1503 2641 junctis
1525 2598 1689 2632 vocalibus
1713 2601 1918 2629 consonant«

1645 2658 1695 2692 54

1541 441 1746 498 Namque
1785 453 1858 485 aut
1896 443 2112 487 naturales
2148 441 2239 484 252
