2310 2860
680 116 878 158 Martiani
918 114 1117 171 Capellae
1160 114 1229 155 lib.
1254 114 1306 154 II.
1346 112 1503 165 §.105

110 225 407 281 sunditateque
445 232 682 266 censentur.

1992 114 2081 155 145

751 222 920 264 Dehinc
960 221 1077 277 quod
1116 222 1288 263 numeri
1323 220 1545 276 triplicatio
1576 220 1716 276 prima
1745 234 1799 262 ex
1829 219 2070 276 imparibus

111 310 233 354 κύβον
262 307 403 364 giguit.
464 307 573 348 Tres
603 314 743 346 autem
777 303 1053 360 symphonias
1087 305 1181 360 quis
1223 304 1388 359 ignorat
1424 302 1467 343 in
1508 302 1710 344 musicis?
1760 303 2074 358 Numerusque

108 387 250 443 impar
295 387 486 428 maribus
527 386 751 427 attributus
796 395 868 427 est.

942 385 1084 427 Omne
1121 401 1223 427 vero
1264 394 1434 439 tempus
1474 383 1610 424 tribus
1650 384 1815 426 vicibus
1861 385 2067 427 variatur.

108 469 253 525 Atque
283 469 397 510 idem
428 483 636 510 numerus
666 467 945 509 seminarium
978 478 1038 510 est
1076 467 1389 524 perfectorum,
1432 465 1537 505 sexti
1569 464 1763 507 videlicet
1793 475 1922 521 atque
1952 465 2068 517 noni,

109 547 270 590 alterna
306 547 548 590 diversitate
585 549 820 603 juncturae.

110 639 277 682 autem,
315 630 433 685 quod
477 630 602 672 etiam
643 631 734 686 ipsa
771 629 1013 670 doctissima
1058 638 1138 680 est,

111 710 303 752 absoluta
345 720 488 752 tamen
526 711 687 752 ratione
730 710 959 767 perficitur.

111 810 143 838 et
171 806 316 838 addenda
337 806 444 852 potius
467 806 602 838 latitudo
629 805 670 850 (§.
693 806 773 838 707.
796 805 890 849 709).
916 805 990 839 Non
1015 807 1068 838 ab·

110 870 246 902 similem
270 871 490 903 confusionem
507 870 630 902 videbis
649 870 732 914 apud
746 869 923 903 Stohucum
943 870 990 916 (in
1008 870 1066 903 ccl.

112 935 151 975 1,
177 935 236 967 52.
264 948 295 979 p.
319 936 392 967 865
416 934 539 977 Hecu).

186 997 371 1044 triplicatio]
399 999 509 1030 Primo
538 998 690 1042 adspectu
712 1010 802 1029 error
825 998 875 1030 hic
898 998 997 1030 latere
1023 997 1068 1029 vi-

109 1060 210 1092 detur.
253 1060 387 1092 Numeri
415 1060 498 1092 enim
529 1060 659 1091 ternarii
695 1060 866 1103 triplicatio
901 1059 1001 1103 prima
1027 1071 1067 1090 ex

108 1122 282 1168 imparibus
312 1130 362 1156 est
390 1126 413 1157 5
437 1125 466 1158 Χ
491 1125 514 1156 5
542 1132 585 1150 =
611 1124 651 1164 9,
686 1123 742 1168 qui
767 1123 960 1155 novenarius
990 1134 1067 1166 qua—

109 1187 219 1219 dratus
241 1187 369 1230 quidem
397 1191 465 1228 est,
496 1185 554 1218 sed
582 1186 683 1218 cubus
709 1185 771 1218 dici
788 1186 915 1229 nequit.
943 1185 1068 1216 Pariter

111 1250 250 1283 Ausonii
271 1251 379 1294 (ldyll.
405 1252 467 1292 11,
499 1251 533 1282 2.
563 1249 602 1295 5)
630 1261 763 1282 versus:

160 1330 208 1337 —-·
223 1330 272 1336 -
287 1331 336 1336 —-
353 1313 424 1344 »vel
450 1318 499 1344 ter
528 1314 591 1344 tria
615 1313 844 1355 nutlliplz‘canti

168 1374 367 1418 »Impar-ibus
394 1376 504 1405 novies
531 1375 633 1404 ternis
658 1379 828 1405 contexere
851 1373 984 1404 cubum«

112 1436 278 1478 Scaligcro
314 1435 420 1479 (epist.
446 1435 487 1475 2,
520 1434 601 1466 199.
629 1446 660 1478 p.
677 1433 764 1477 404)
786 1432 890 1465 fraudi
907 1432 987 1473 suit,
1014 1431 1071 1475 qui

111 1497 294 1530 Ausonium
312 1502 444 1541 putasse
462 1496 644 1540 suspicatur
671 1501 738 1527 »ter
753 1495 812 1526 tria
829 1506 901 1526 esse
920 1494 1068 1535 cubum«,

111 1561 297 1606 posterioris
338 1560 462 1592 scilicet
494 1571 607 1591 versus
643 1559 749 1590 verbis
785 1559 915 1591 »novies
944 1558 1060 1589 ternis«

112 1623 274 1666 neglectis.
327 1622 456 1655 Clarius
491 1622 628 1666 prinlum
662 1633 704 1652 ex
742 1620 916 1664 imparibus
951 1619 1069 1651 cubum

112 1685 239 1719 Gellius
272 1684 328 1729 (1,
360 1683 423 1728 20)
456 1683 626 1728 descripsit
660 1683 748 1715 hisce
778 1682 902 1714 vex-bis:
927 1681 983 1712 „Iu
1011 1693 1068 1712 nu-

111 1748 206 1780 meris
239 1747 335 1779 etiam
362 1747 507 1778 similiter
536 1741 657 1786 κύβος
682 1745 814 1786 dicitur,
851 1755 949 1788 quum
975 1754 1068 1774 omne

111 1811 196 1842 latus
219 1809 364 1852 ejusdem
387 1809 512 1842 numeri
535 1808 745 1852 aequabiliter
765 1807 798 1839 in
826 1818 898 1839 sese
922 1805 1067 1845 solvitur,

113 1872 206 1906 sicuti
231 1873 266 1904 fit
284 1884 382 1916 quum
405 1877 455 1903 ter
474 1877 564 1903 terna
590 1870 757 1902 dicuntur:
776 1875 871 1913 atque
895 1869 980 1901 idem
999 1868 1068 1912 ipse

113 1946 265 1968 numerus
280 1934 484 1978 triplicatum«
514 1934 699 1976 Triplicatio
711 1932 808 1974 igitur
825 1931 910 1976 apud
924 1935 1070 1963 nostrum

113 2000 159 2032 sic
196 1998 402 2040 intelligenda
428 2004 486 2030 ‘est
516 2003 552 2029 ut
587 2008 739 2029 numerus
778 2002 827 2028 ter
858 2008 966 2028 secum
998 1995 1068 2039 ipse

112 2062 358 2106 multiplicetur,
386 2073 449 2104 quo
476 2061 560 2093 facto
585 2071 663 2091 sane
692 2060 793 2092 cubus
822 2059 931 2091 exibit.
972 2057 1069 2090 Adde

113 2124 290 2157 Aristidem
310 2123 565 2168 Quinctilianum
593 2122 646 2166 (de
673 2122 794 2154 musica
823 2123 863 2162 5,
900 2132 971 2165 pag.
997 2119 1068 2152 154

113 2187 275 2232 meibom.)

187 2241 402 2295 symphonias]
427 2249 610 2293 Diapason,
633 2248 827 2289 hemiolion,
860 2247 1070 2279 diatessaron.

116 2315 220 2347 Gne-r.
237 2333 285 2338 -—
323 2314 410 2347 Vide
435 2313 629 2347 Mattianum
661 2313 767 2358 ipsum
801 2311 883 2344 infra
914 2310 956 2356 (§.
980 2312 1070 2351 753,

115 2377 188 2409 955
209 2376 323 2420 sequ.).

192 2438 386 2484 attm'buius]
411 2439 698 2481 Darmstattensis‚
731 2438 955 2479 Britannicus,
985 2437 1069 2471 Can-

596 2502 718 2534 Notum
745 2501 826 2534 illud
848 2500 978 2543 Virgilii
999 2499 1070 2543 (ecl.

118 2568 157 2607 8,
182 2564 258 2608 ¹75)=
283 2565 440 2597 »Numero
459 2564 537 2597 deus
563 2565 681 2611 impare
705 2566 847 2609 gaudet«
881 2565 926 2598 Et
947 2564 1074 2597 Plinius

119 2500 320 2543 tabrigicnsis
347 2501 468 2532 addunt
493 2507 549 2533 est.

890 547 1020 588 Recte
1049 547 1175 603 igitur
1206 546 1285 587 deo
1317 544 1560 587 attribuitur
1589 545 1771 587 rationis.

1196 628 1292 668 lieet
1331 627 1523 668 femineis
1563 628 1754 668 numeris
1801 627 2070 678 aestimetur,

1033 711 1147 752 Nam
1191 709 1491 765 quaternarius
1529 710 1614 750 suis
1659 709 1848 765 partibus
1889 709 2073 765 complet

1118 806 1171 849 (2,
1206 807 1266 838 47.
1294 806 1364 846 48,
1400 806 1424 837 4
1454 804 1506 849 s.):
1531 806 1675 837 »Mares«
1697 805 1800 848 inquit
1834 805 2073 836 »existimantur

1118 869 1230 913 impari
1258 881 1419 901 numer0.=
1464 869 1592 902 Clarius
1618 869 1802 901 Macrobius
1825 870 1870 913 (in
1893 881 1994 902 somn.
2019 868 2074 901 Se.

1120 935 1160 975 Ἰ,
1189 934 1242 977 6):
1268 934 1386 978 »impar
1411 946 1562 966 numerus
1591 945 1676 974 mas,
1705 939 1736 964 et
1760 945 1818 978 par
1842 933 1958 963 femina
1982 942 2074 964 voca-

1118 1002 1184 1027 tur:
1222 996 1296 1027 item
1337 996 1524 1027 arithmetici
1556 995 1709 1039 imparem
1740 995 1857 1040 patris,
1900 1000 1931 1025 et
1967 1006 2075 1038 parem

1798 1056 1956 1100 Exempla
1989 1055 2077 1086 dabit

1118 1122 1313 1154 Plutarchus
1343 1121 1402 1164 (de
1430 1121 1508 1153 Isid.
1537 1133 1567 1164 p.
1597 1120 1692 1163 565)
1715 1120 1748 1151 in
1774 1119 2022 1160 triangularibus
2045 1123 2078 1150 et

1119 1057 1228 1089 matris
1259 1058 1472 1101 appellatione
1514 1062 1714 1089 venerantur.
1723 1070 1734 1084 α

1119 1182 1283 1225 quadratis
1310 1183 1430 1223 liguriS.

1118 1244 1274 1276 Romanis
1305 1243 1348 1287 (p.
1374 1244 1457 1274 270.
1488 1242 1576 1286 280)
1605 1247 1637 1273 et
1662 1242 1842 1274 Butherum
1868 1242 1915 1286 (in
1944 1241 2078 1275 Stobaei

1120 1306 1239 1348 eclogis
1267 1307 1296 1336 l.
1319 1306 1351 1336 2.
1378 1306 1416 1345 5,
1444 1317 1473 1348 p.
1504 1305 1549 1336 12
1571 1303 1737 1348 Hecrcn.).

1193 1366 1308 1413 tribus]
1345 1367 1467 1400 Confer
1498 1368 1666 1399 inferiores
1693 1368 1783 1400 locos
1816 1366 1859 1412 (§.
1884 1368 1967 1399 589.
1997 1367 2078 1399 735.

1120 1430 1216 1473 895).
1258 1429 1385 1460 Seneca
1413 1429 1520 1472 (epist.
1550 1429 1632 1460 124.
1662 1441 1695 1473 p.
1719 1431 1792 1461 675
1819 1429 1939 1473 Lips.):
1965 1429 2076 1459 »Tem-

1119 1504 1180 1538 pus
1208 1492 1309 1522 tribus
1334 1492 1477 1535 partibus
1504 1497 1651 1532 constat,
1683 1492 1872 1535 praeterito,
1904 1491 2076 1536 praesenti,

1120 1560 1153 1585 et
1180 1554 1316 1584 sutum«
1362 1552 1459 1584 Adde
1486 1554 1665 1584 Homerum
1696 1553 1742 1598 (in
1765 1552 1855 1585 Iliad.
1886 1554 1923 1593 1,
1955 1551 2015 1596 70)
2045 1558 2077 1584 et

1118 1617 1327 1650 Plutarchum
1351 1616 1404 1660 (de
1429 1616 1471 1651 Εἰ
1498 1628 1528 1659 p.
1546 1616 1645 1659 581).

1193 1677 1423 1724 seminarium]
1465 1678 1627 1710 Stobaeus
1656 1678 1703 1722 (in
1733 1679 1835 1720 eclog.
1861 1680 1953 1723 phys.
1980 1680 2019 1712 Τ.
2049 1680 2076 1712 Ι.

1479 1181 1575 1213 Adde
1602 1182 1739 1212 eundem
1769 1181 1804 1212 in
1834 1181 2076 1224 quaestionibus

1118 1756 1149 1789 p.
1174 1744 1223 1776 22
1248 1742 1376 1787 Heer.):
1400 1738 1539 1789 Πλήρη
1565 1740 1607 1777 δὲ
1630 1739 1696 1776 καὶ
1719 1741 1870 1777 τέλειον
1896 1740 2077 1790 ἀπέφηνε

1120 1805 1191 1843 τὸν
1219 1803 1414 1854 περιττὸν,
1453 1803 1514 1840 ὅτι
1543 1802 1777 1852 μιγνύμενός
1804 1817 1846 1841 τε
1877 1804 1978 1853 πρὸς
2008 1804 2078 1841 τὸν

1119 1869 1255 1919 ἄρτιον
1280 1868 1340 1906 ἀεὶ
1366 1874 1537 1905 ποιεῖται
1565 1875 1811 1917 περικρατεῖν
1840 1868 1910 1904 τὸν
1936 1869 1981 1911 ἐξ
2010 1867 2076 1914 ἀμ-

1121 1938 1217 1980 φοῖν
1236 1929 1429 1979 περιττὸν,
1452 1928 1563 1979 ἁυτῷ
1588 1930 1630 1967 δὲ
1655 1927 1776 1967 πάλιν
1797 1931 2077 1976 συντιθέμενος

1119 1994 1238 2043 γεννᾷ
1263 1992 1335 2029 τὸν
1358 1991 1503 2041 ἄρτιον.
1532 1994 1641 2039 (Confi
1666 1993 1694 2039 ξ.
1712 1995 1795 2028 756.
1825 1994 1921 2038 741).

1193 2057 1343 2104 rationis]
1381 2059 1469 2091 cave
1496 2069 1537 2090 ne
1562 2059 1672 2090 forsan
1701 2059 1855 2090 orationis
1882 2058 2077 2091 substituere

1120 2123 1210 2155 velis.
1260 2124 1356 2156 Ratio
1384 2124 1445 2155 hoe
1474 2123 1564 2164 loeo,
1602 2128 1634 2154 et
1657 2121 1691 2154 in
1716 2122 1825 2154 multis
1850 2122 1919 2154 aliis
1943 2122 1984 2168 (§.
2004 2125 2075 2156 105

1120 2187 1143 2222 s.
1174 2188 1245 2219 106
1275 2199 1364 2231 sequ.
1397 2192 1430 2218 et
1456 2199 1488 2219 v.
1513 2191 1581 2219 not.
1604 2186 1645 2218 nd
1678 2185 1708 2231 ἔ.
1732 2185 1818 2230 102)
1840 2186 2000 2219 Martiano
2027 2192 2077 2219 est

1121 2253 1323 2295 computatio.
1347 2251 1392 2281 Et
1414 2256 1501 2283 recte
1526 2250 1627 2292 idem,
1660 2250 1716 2294 qui
1741 2256 1954 2283 mercatorum
1985 2251 2073 2283 deus.

1121 2313 1369 2358 computationis
1394 2314 1488 2345 ctiam
1512 2315 1592 2346 deus
1619 2314 1775 2359 appellari
1800 2314 1913 2357 potuit.
1939 2313 2073 2345 Feselle-

1121 2383 1196 2410 runt
1228 2377 1314 2409 viros
1351 2377 1463 2409 doctos
1499 2377 1636 2419 glossae.
1692 2377 1846 2410 Ceterum
1875 2377 2073 2417 Bodlcjanus

1122 2440 1226 2473 codex
1247 2448 1304 2482 pro
1329 2440 1390 2470 rite
1419 2439 1534 2471 melius
1559 2439 1656 2471 habet
1677 2445 1782 2479 recte,
1815 2438 1901 2483 quod
1924 2437 2040 2480 recepi.
2082 2458 2085 2460 -

1196 2498 1357 2545 femineis]
1383 2501 1531 2533 Pal-ihus.
1557 2501 1600 2534 V.
1628 2511 1734 2545 supra.
2076 2535 2079 2537 ,

1200 2560 1377 2608 perficitur]
1405 2562 1654 2608 Computatione
1676 2561 1717 2605 (v.
1739 2566 1806 2592 not.
1828 2559 1867 2591 ad
1890 2557 1920 2604 ξ.
1948 2559 2018 2602 102
2043 2565 2076 2592 ct

1618 2622 1664 2654 19

1834 545 2066 602 Philologia
2098 544 2183 585 106
