2310 2860
738 164 937 209 Martiani
974 166 1173 224 Capellae
1211 168 1283 211 lib.
1306 167 1380 211 111.
1418 172 1449 224 §.
1470 171 1576 214 504.
2038 179 2128 221 509

171 274 253 314 sint
283 273 578 328 monosyllaba
613 282 654 315 et
681 272 789 315 duas
820 274 987 317 vocales
1025 275 1212 318 habeant
1248 278 1432 331 junctas,
1469 278 1513 319 in
1549 278 1697 322 eadem
1728 282 1867 338 speeie
1898 282 2124 338 habentur,

173 353 275 409 quia
308 354 499 396 similiter
536 355 700 411 syllaba
748 365 954 398 crescunt.
1025 357 1185 407 Quinta
1226 358 1384 414 species
1419 360 1749 415 pronominum,
1793 377 1906 420 quae
1953 379 2003 406 us
2041 375 2125 408 ter-

171 434 413 486 minantur,
457 444 503 475 ut
541 449 674 487 unus,
718 445 849 486 totuS,
899 436 1040 487 solus,
1086 453 1198 493 quae
1233 439 1317 479 hoe
1349 439 1478 481 modo
1509 440 1793 485 declinantur:
1842 459 1954 488 unus
1998 448 2125 490 unius

170 514 245 555 uni
275 529 413 556 unum
444 530 530 556 une
563 516 614 557 ab
644 530 753 567 uno;
797 516 871 556 uni
909 530 1098 558 unorum
1137 519 1232 559 unis
1268 533 1373 561 unos
1405 522 1478 562 uni
1521 523 1572 564 ab
1611 525 1719 565 unis.
1788 526 1915 569 Sexta
1954 529 1996 569 in
2036 543 2125 582 eus,

172 605 217 636 ut
251 596 476 650 hinuleus,
516 598 751 654 equuleus,
798 612 822 638 a
858 599 1052 640 vocativo
1082 600 1118 641 E
1149 601 1268 643 litera
1298 604 1508 659 geminata
1540 605 1798 659 efferuntur,
1849 619 1897 650 ut
1925 611 2125 665 equuleo,

169 677 362 731 hinulee3
401 679 474 720 sed
512 679 690 735 quidam
728 679 896 720 malunt
932 680 976 721 in
1010 694 1084 731 en,
1130 691 1176 722 ut
1219 682 1399 737 Tydeu,
1448 686 1645 727 vocativo
1683 688 1846 729 Graece
1877 689 2031 732 dicere.

169 758 287 800 litera
318 759 338 800 I
368 760 645 815 praecedente
684 759 800 802 finita
838 769 991 802 neutra
1029 771 1277 817 monoptota
1316 773 1435 816 sunt,
1474 774 1521 806 ut
1561 767 1723 819 tressis,
1766 769 1889 810 sexiS.
1947 771 1975 811 S
2006 772 2126 814 litera

168 841 444 895 praecedente
469 843 509 884 V
534 842 646 884 duae
676 844 834 898 species
865 853 973 884 sunt.
1012 844 1178 893 Prima,
1211 858 1321 898 quae
1348 845 1390 885 in
1413 844 1434 886 I
1454 847 1689 900 genitivum
1715 848 1816 903 agit,
1848 858 1888 890 ct
1911 851 2125 906 pluralem

166 938 251 964 non
282 923 431 974 habet,
461 934 507 965 ut
541 924 717 979 vulgus,
750 924 945 980 pelagus3
994 925 1110 965 virus
1152 924 1377 965 Lucretius
1409 925 1490 966 viri
1519 926 1639 978 dicit,
1667 942 1940 984 quamquam
1970 933 2124 974 rectius

164 1003 373 1044 inflexum
412 1014 593 1045 maneat.
661 1005 709 1046 In
741 1006 928 1047 secunda
966 1006 1106 1061 specie
1136 1015 1254 1056 sunt,
1294 1021 1407 1062 quae
1437 1022 1513 1063 per
1548 1008 1745 1064 obliquos
1776 1024 1898 1052 casus
1930 1023 2126 1055 crescunt

163 1093 202 1125 et
245 1085 431 1139 genitivo
472 1086 685 1140 singulari
723 1086 765 1126 in
807 1087 862 1127 ris
902 1086 1042 1127 literas
1087 1094 1280 1137 exeunt,'
1320 1096 1368 1128 ut
1412 1102 1566 1143 genus,
1615 1104 1791 1144 nemu33
1865 1107 1919 1134 ex
1965 1094 2124 1149 quibus

163 1163 377 1218 quaedam
404 1164 445 1205 V
469 1164 511 1204 in
531 1165 567 1205 E
591 1174 781 1215 mutant,
817 1175 865 1206 ut
895 1166 988 1206 olus
1020 1167 1165 1217 oleris,
1206 1167 1328 1208 uleus
1359 1168 1536 1219 ulceris,
1568 1169 1784 1224 quaedam
1814 1173 1858 1212 in
1883 1172 1937 1223 O,
1970 1188 2123 1214 nemus

161 1245 368 1295 nemoris,
398 1259 528 1299 pecus
559 1245 737 1300 pecoris.
792 1245 842 1287 In
868 1245 1179 1288 dubitationem
1214 1247 1393 1289 veniunt
1423 1257 1582 1289 stercus
1615 1259 1654 1290 et
1683 1250 1855 1303 foenus,
1905 1253 1948 1294 in
1990 1253 2023 1294 E
2069 1269 2121 1295 an

163 1325 204 1365 in
229 1325 267 1365 O
291 1333 469 1373 mutent,
499 1326 704 1379 quoniam
738 1340 851 1381 quae
876 1328 919 1368 in
943 1343 994 1368 us
1025 1327 1237 1382 syllabam
1267 1327 1432 1380 finiunt,
1464 1330 1505 1370 V
1535 1331 1578 1372 in
1601 1332 1638 1373 E
1665 1341 1846 1385 mutant,
1878 1342 1924 1374 ut
1946 1334 2123 1386 vulnus,

162 1419 318 1460 genus,
364 1404 495 1445 funus
526 1414 565 1445 et
599 1406 820 1446 funeratus
849 1406 1053 1457 diciinus3
1099 1407 1249 1449 foenus
1284 1409 1398 1450 enim
1433 1412 1631 1466 exemplo
1670 1428 1757 1454 non
1797 1413 1922 1456 debet
1951 1430 2120 1467 nocere,

163 1499 302 1541 quum
325 1486 433 1526 inter
461 1484 594 1527 dubia
616 1501 771 1541 genera
796 1497 1002 1542 ponatur;
1034 1488 1134 1528 item
1170 1497 1331 1529 veteres
1359 1498 1606 1531 sterceratos
1640 1505 1763 1547 agros
1787 1492 2002 1544 dicebant,
2033 1509 2119 1535 non

2095 692 2122 732 S
2155 693 2244 735 305

161 1575 423 1609 stercoratos.
477 1567 506 1608 S
535 1566 656 1608 litera
686 1565 803 1609 finita
830 1567 1007 1608 nomina
1044 1565 1395 1623 praecedentibus
1429 1568 1471 1611 N
1506 1569 1574 1610 vel
1612 1570 1651 1611 R
1688 1572 1833 1614 omnia
1860 1582 1961 1615 sunt
1990 1575 2117 1616 unius
2147 1574 2240 1618 30ss

233 1727 356 1765 tressis,
377 1723 478 1771 sexis]
504 1724 549 1757 Et
572 1724 616 1757 ita
641 1735 767 1770 semper
792 1724 893 1757 utitur
922 1722 1111 1765 Martianus,

159 1795 195 1820 ut
218 1789 251 1820 in
273 1789 469 1822 arithmetica
502 1789 606 1821 »sexis
637 1789 774 1821 faciunt«
803 1794 835 1820 et
864 1788 987 1820 similia.
1006 1788 1111 1821 Gnor.

160 1872 206 1877 -——
224 1852 329 1885 Varro
349 1853 400 1896 (de
423 1853 531 1894 lingua
548 1853 618 1884 Lat.
640 1853 680 1892 4,
708 1865 738 1895 p.
757 1852 837 1894 47)2
862 1852 919 1883 nah
940 1852 1041 1882 tribus
1063 1863 1111 1882 as-

159 1913 247 1944 sibus
264 1915 373 1945 tressis
390 1919 421 1945 et
444 1913 490 1944 sie
508 1913 716 1956 proportione
737 1924 839 1956 usque
863 1913 903 1944 ad
925 1914 1103 1944 nonussis.«

158 1976 205 2010 At
231 1977 282 2009 »in
310 1976 440 2009 denario
466 1988 634 2016 numero«,
664 1976 785 2020 inquit,
826 1982 964 2008 nitentat«
1001 1975 1035 2007 id
1061 1981 1111 2008 cst

158 2042 358 2080 declinatur,
388 2046 422 2072 nt
450 2042 610 2079 decussis,
638 2043 806 2073 centussis.

231 2108 268 2135 ut
279 2101 408 2147 vulqus]
432 2103 526 2146 Quae
548 2107 726 2146 sequuntur
748 2103 862 2146 (usque
880 2101 908 2147 ξ.
921 2101 1008 2146 515)
1025 2102 1111 2147 apud

158 2166 387 2199 cassiodorum
404 2166 463 2210 (de
486 2172 553 2197 arte
575 2165 794 2209 grammatica)
821 2167 886 2197 sere
908 2166 1021 2198 iisdem
1041 2179 1109 2198 ver-

157 2227 206 2258 bis
226 2228 391 2269 leguntur3
424 2233 460 2259 ut
480 2228 651 2259 verisimile
680 2228 723 2259 sit
746 2239 764 2258 e
786 2228 934 2260 Mai-[iani
955 2228 1108 2272 Capellae

157 2290 265 2322 codice
282 2291 387 2335 aliquo
408 2291 566 2335 exscripta
587 2303 668 2322 esse.
700 2291 930 2323 Cassiodorum
948 2292 1032 2323 enim
1051 2291 1107 2323 mi-

158 2353 240 2384 nime
265 2365 303 2385 ea
334 2354 502 2396 scripsisse
532 2367 630 2398 quum
652 2354 727 2387 inde
751 2360 853 2399 patet,
882 2355 969 2399 quod
995 2355 1050 2388 ille
1072 2368 1106 2388 se

156 2413 322 2446 Donatum
345 2419 526 2446 sccuturum
549 2426 621 2448 esse
643 2417 683 2449 ab
705 2416 796 2449 initio
820 2417 1003 2460 profitetur,
1039 2423 1106 2449 tum

157 2475 262 2519 qnod,
297 2475 352 2506 ubi
378 2475 526 2507 Martiani
555 2477 650 2509 verba
679 2477 852 2522 incipiunt,
886 2479 996 2511 nullus
1033 2491 1105 2512 cum

157 2536 416 2570 antecedentibus
430 2548 532 2568 nexus
548 2538 813 2572 animadvertitur.
829 2541 946 2573 Mirum
961 2541 1104 2586 profecto

157 2611 195 2631 ne
222 2598 450 2632 Benedictinos
478 2599 623 2644 quidem,
656 2601 734 2636 alias
758 2601 1038 2646 diligentissimos,
1070 2603 1104 2636 in

1163 1725 1336 1759 novissima
1362 1724 1566 1769 cassiodori,
1600 1729 1684 1771 sive,
1720 1736 1755 1762 ut
1780 1731 1827 1764 illi
1853 1733 2011 1774 scribunt,
2039 1735 2118 1767 Cas·

1164 1789 1296 1822 siodorii
1329 1790 1467 1823 editione
1491 1791 1524 1823 id
1548 1794 1763 1838 perspexisse.

1234 1851 1408 1898 inflexum]
1442 1852 1601 1885 Nimirum
1632 1867 1698 1887 non
1722 1856 1865 1900 flexum,
1900 1856 1945 1889 ita
1967 1863 2002 1890 ut
2023 1859 2117 1891 etiam

1162 1914 1319 1957 genitivus
1342 1916 1431 1948 vocis
1454 1918 1545 1949 virus
1567 1919 1763 1951 enuncietur.
1788 1919 1931 1951 Lucretii
1954 1921 2002 1966 (2,
2028 1922 2116 1966 425)

1163 1983 1268 2009 autem
1283 1979 1379 2011 verba
1398 1985 1488 2011 sunt:
1510 1996 1521 2010 υ
1529 1981 1603 2012 tetri
1623 1982 1795 2026 primordia
1811 1984 1904 2015 viria

1237 2041 1487 2089 dubitationem]
1523 2044 1572 2076 lta
1601 2056 1618 2076 e
1657 2045 1854 2077 cassiodoro
1889 2046 1962 2091 (ed.
1999 2048 2114 2089 1729,

1160 2115 1192 2150 p.
1210 2105 1296 2148 550)
1321 2111 1353 2137 et
1375 2106 1484 2139 codice
1510 2107 1758 2141 Darnistattensi
1788 2110 1919 2154 reposui
1943 2121 2002 2155 pro
2025 2111 2113 2143 dubi-

1160 2171 1301 2208 tatione,
1330 2170 1417 2213 quod
1444 2170 1477 2201 in
1505 2171 1599 2203 editis
1625 2177 1704 2206 erat.
1747 2173 1852 2206 Paulo
1876 2174 1970 2205 etiam
1985 2179 2067 2218 -post
2094 2185 2112 2205 c

1158 2230 1415 2264 Reicheuauensi
1436 2233 1562 2264 restitui
1593 2236 1746 2280 quoniam
1768 2246 1827 2278 pro
1854 2235 2016 2282 quomodo.

1232 2290 1291 2337 us]
1318 2292 1347 2323 E
1370 2292 1566 2326 Cassiodoro
1598 2295 1641 2339 (p.
1666 2295 1739 2326 522
1763 2296 1812 2327 ed.
1837 2308 1864 2327 a.
1889 2295 1998 2338 1683)
2028 2294 2117 2328 hano·

1156 2355 1329 2389 lectionem
1349 2357 1480 2400 reposui
1501 2369 1560 2402 pro
1589 2358 1726 2390 absurda
1748 2358 1782 2390 in
1802 2359 1895 2390 editis
1920 2369 1998 2389 ninas.

1230 2417 1434 2463 sterceratos]
1453 2417 1492 2450 In
1506 2419 1669 2451 codicibus
1679 2419 1866 2453 Monacensi
1878 2418 1933 2463 (C)
1949 2423 1981 2448 et
1994 2417 2106 2450 Darm·

1157 2478 1304 2510 stattensi
1322 2479 1504 2524 pariterque
1529 2481 1613 2524 apud
1637 2480 1865 2513 Cassiodorum
1882 2478 1927 2523 (p.
1948 2479 2034 2517 550)
2059 2479 2105 2512 iu-

1152 2551 1245 2572 verso
1264 2541 1343 2572 haec
1369 2541 1479 2572 ordine
1504 2541 1669 2583 leguntur,
1695 2541 1786 2584 quasi
1812 2545 2002 2573 stercoratos
2027 2541 2104 2573 anti·

1153 2605 1246 2649 quior
1265 2604 1367 2638 forma
1390 2604 1447 2645 sit3
1489 2604 1545 2637 sed
1570 2603 1647 2637 nihil
1678 2607 1774 2635 nuno.
