2310 2860
186 167 276 208 556
754 163 953 206 Martiani
984 162 1183 220 Capellae
1213 162 1284 205 lib.
1307 162 1385 206 IV.
1415 165 1445 216 ᾗ.
1465 164 1565 206 578.

186 273 238 315 de
269 273 407 328 prima
443 271 695 323 substantia,
740 271 822 313 dici
858 287 942 313 non
976 287 1097 328 posse
1135 271 1332 324 relative,
1379 273 1499 314 nulla
1535 274 1724 328 quaestio
1764 284 1834 316 est.
1888 277 1984 318 Non
2020 278 2135 318 enim

188 354 336 394 Cicero
376 352 553 407 alicujus
605 352 687 394 dici
730 363 883 409 potest,
930 363 1002 394 aut
1042 354 1096 395 ad
1141 353 1301 408 aliquid
1339 353 1510 406 referri3
1557 355 1657 395 item
1701 370 1859 409 equus,
1904 372 2004 398 nam
2044 361 2138 413 quis

188 447 343 487 equus,
381 442 428 473 ut
464 434 686 486 Rhoebus,
731 450 816 476 non
854 435 1031 490 alicujus
1069 444 1128 475 est
1159 433 1242 473 hoc
1277 434 1389 489 ipso,
1429 434 1545 488 quod
1574 435 1779 477 Rhoebus
1812 447 1891 488 est,
1922 438 1995 479 sed.
2023 440 2138 493 quod

185 514 431 568 jumentum
470 525 550 566 est,
597 516 773 571 alicujus
809 517 1054 571 jumentum
1100 526 1172 558 est.
1248 517 1346 558 Non
1387 533 1485 573 ergo
1526 518 1666 573 prima
1700 520 1931 561 substantia
1964 521 2138 563 relative

187 594 268 635 diei
299 605 453 650 potest,
495 610 634 650 neque
667 612 764 652 pars
795 597 883 651 ejus
909 598 1144 651 quaelibet,
1184 613 1294 654 quae
1328 599 1417 639 sine
1452 599 1583 640 dubio
1618 601 1710 656 ipsa
1741 602 1880 656 prima
1911 603 2140 643 substantia

189 686 267 729 est3
311 692 413 717 nam
439 677 809 731 quemadmodum
842 678 991 719 Cicero
1024 680 1165 734 prima
1194 681 1424 721 substantia
1457 690 1536 732 est,
1573 682 1629 721 ita
1662 695 1815 721 manus
1846 681 1948 735 ejus.
1985 682 2141 723 Manus

188 772 292 798 vero
321 773 407 799 non
438 759 548 813 ejus,
594 759 667 800 sed
706 760 938 815 specialiter
978 775 1153 811 manus,
1195 760 1251 801 ita
1283 771 1330 802 ut
1367 761 1553 803 secunda
1594 762 1824 803 substantia
1862 762 1929 813 sit,
1966 763 2142 804 relative

187 837 270 878 dici
300 853 386 879 non
415 848 559 894 potest.
615 840 713 881 Non
739 840 850 880 enim
880 854 958 880 sua
987 843 1263 884 conversione
1293 844 1567 900 respondent,
1600 855 1646 885 ut
1674 845 1707 885 si
1737 846 1952 895 (liranum,
1989 858 2142 884 manus

188 916 423 970 Ciceronis,
466 934 552 960 non
593 920 740 962 Cicero
778 935 912 962 manu
949 921 1098 963 Cicero
1142 933 1221 976 est,
1265 939 1406 979 neque
1442 926 1532 981 ipsa
1579 940 1732 966 manus
1766 925 1819 965 ob
1855 925 1936 965 hoc
1974 937 2142 972 manus,

187 999 290 1052 quia
317 999 531 1040 Ciceronis
563 1011 642 1052 est,
687 1002 760 1043 sed
797 1003 898 1057 quia
930 1004 986 1044 ita
1016 1003 1163 1045 affecta
1196 1015 1268 1056 est,
1299 1022 1453 1047 manus
1484 1006 1655 1057 dicitur,
1695 1021 1779 1046 non
1811 1005 1928 1060 quod
1964 1004 2142 1058 alicujus

187 1081 250 1121 sit.
304 1081 402 1122 Non
438 1098 560 1138 ergo,
597 1093 646 1124 ut
683 1083 894 1136 diximus,
931 1087 1072 1139 prima
1101 1086 1334 1126 substantia
1372 1100 1512 1139 neque
1552 1096 1690 1140 partes
1731 1087 1820 1139 ejus
1852 1085 2027 1126 relative
2059 1084 2141 1124 dici

186 1171 383 1215 possunt3
426 1163 646 1215 quaeritur
683 1178 781 1218 ergo
815 1164 868 1204 de
896 1165 1087 1220 partibus
1119 1165 1331 1207 secundae
1362 1166 1631 1208 substantiae.
1691 1167 1806 1207 Nam
1836 1166 1889 1206 de
1918 1167 2009 1221 ipsa
2037 1165 2140 1205 sub-

186 1240 335 1280 stantia
368 1240 487 1282 nulla
518 1243 706 1296 quaestio
738 1253 809 1284 est.
854 1245 951 1286 Non
984 1245 1096 1286 enim
1128 1245 1260 1285 homo
1291 1243 1468 1297 alicujus
1499 1242 1651 1294 homo,
1693 1243 1767 1283 sed
1797 1258 1950 1284 manus
1981 1242 2142 1297 specia-

186 1319 281 1361 liter
311 1321 488 1376 alieujus
517 1322 702 1364 hominis
733 1339 887 1365 manus
919 1335 999 1378 cst;
1031 1337 1070 1368 et
1100 1336 1147 1367 ut
1177 1335 1331 1366 mutua
1361 1325 1637 1366 conversione
1667 1323 1932 1379 respondeat,
1963 1323 2142 1378 alicujus

186 1402 378 1442 manuati
419 1417 573 1443 manus
618 1413 698 1454 est,
735 1414 782 1444 ut
820 1405 1032 1459 possimus
1073 1407 1128 1447 ita
1171 1415 1439 1457 convertere,
1488 1407 1590 1460 quia
1625 1415 1664 1447 et
1694 1415 1949 1447 manuatum
1982 1405 2141 1460 aliquid

186 1494 319 1522 manu
342 1492 595 1524 manuatum
620 1494 689 1524 est.
729 1484 837 1526 Item
863 1486 1025 1541 ungula
1049 1502 1133 1527 non
1156 1486 1321 1542 primae
1360 1485 1618 1526 substantiae
1649 1486 1831 1541 ungula,
1862 1486 1935 1527 sed
1962 1486 2140 1540 alicujus

258 1602 336 1622 nam
362 1590 453 1638 quis]
482 1591 540 1625 Sic
568 1593 682 1636 scripsi
707 1605 724 1624 e
747 1594 857 1626 codiee
880 1595 1068 1626 Monacensi
1087 1595 1139 1638 (F)

183 1663 242 1697 pro
258 1655 328 1697 jam
355 1657 446 1701 quis,
476 1655 563 1698 quod
591 1656 665 1687 ferri
691 1668 755 1688 non
786 1662 929 1700 poterat,
959 1657 1021 1688 nisi
1048 1658 1139 1698 signo

183 1716 441 1758 interrogationis
459 1723 535 1761 post
556 1730 659 1765 equus
687 1720 812 1762 posito,
839 1721 925 1763 quod
948 1726 980 1752 et
1004 1720 1139 1753 Grotius

184 1780 324 1811 voluisse
351 1780 493 1822 videtui-3
525 1781 582 1813 sed
609 1783 681 1814 luce
713 1783 828 1815 elarius
854 1789 919 1824 est,
952 1787 1025 1832 quis
1050 1785 1138 1816 inde-

183 1841 271 1873 finite
293 1842 510 1885 accipiendum
531 1855 618 1884 esse,
642 1850 678 1875 ut
697 1845 780 1887 apud
798 1844 1007 1877 Aristotelem
1025 1847 1138 1890 (categ.

185 1904 219 1942 5,
243 1902 319 1945 21):
335 1899 356 1936 ὁ
375 1900 448 1948 γάρ
469 1914 528 1943 τις
548 1902 764 1950 ἄνθρωπος
785 1902 831 1940 οὐ
856 1905 1012 1952 λέγεταί
1031 1904 1138 1947 τινός

184 1976 243 2003 τις
265 1963 489 2011 ἄνθρωπος.
529 1968 676 2000 Rhoelms
703 1974 823 2010 autem,
852 1975 888 2001 ut
908 1977 993 2002 recte
1014 1972 1137 2002 monuit

185 2027 336 2066 Grotius⁷
360 2029 514 2062 Mezentii
538 2043 640 2075 cqnus
662 2037 711 2064 est
737 2033 822 2076 apud
850 2033 1020 2074 Virgilium
1040 2035 1136 2078 (Aen.

186 2091 248 2130 10,
278 2088 373 2131 861).

250 2149 447 2194 jumentum]
475 2150 602 2193 Operae
629 2154 689 2184 erIt
713 2155 887 2187 contulisse
910 2155 1136 2188 Aristotelem:

185 2208 274 2246 οὐδὲ
300 2208 321 2245 ὁ
342 2211 440 2251 βοῦς
456 2209 562 2250 τινὸς
583 2212 690 2256 βοῦς,
716 2212 805 2249 οὐδὲ
827 2214 872 2249 τὸ
895 2213 1015 2257 ξύλον
1030 2216 1136 2259 τινὸς

187 2268 318 2315 ξύλον,
345 2269 446 2307 ἀλλά
468 2284 575 2312 τινος
600 2273 725 2318 κτῆμα
748 2275 911 2320 λέγεται.

258 2347 374 2367 ivianus
405 2334 496 2380 vero]
529 2336 706 2379 Exponunt
737 2339 877 2379 glossae:
909 2341 1042 2374 »Manus
1069 2355 1136 2376 non

185 2402 235 2427 est
248 2398 423 2430 secundum
449 2397 635 2429 relationem
662 2398 701 2429 ad
727 2399 934 2442 Ciceronem,
967 2404 1023 2435 sed
1048 2405 1134 2448 quod

183 2458 257 2489 talis
287 2459 344 2499 sit⁷
376 2464 411 2490 ut
433 2472 450 2490 a
476 2459 558 2502 pede
580 2458 715 2502 aliisque
742 2460 894 2493 differat«
931 2464 974 2494 Et
1000 2466 1060 2497 hoc
1085 2471 1135 2498 est

184 2522 270 2564 quod
293 2522 374 2553 infra
393 2522 485 2554 dicit:
507 2522 583 2554 »sed
600 2522 754 2566 (manus),
786 2525 858 2567 quia
878 2525 921 2557 ita
945 2529 1054 2560 affecta
1074 2535 1133 2572 est,

183 2594 295 2614 manus
314 2583 443 2625 dicitur,
474 2596 538 2617 uon
561 2585 648 2629 quod
672 2584 805 2626 alicujus
831 2586 899 2618 sit«
929 2588 1032 2621 Gnor.

1262 1592 1453 1638 specialiter]
1482 1593 1520 1625 Id
1543 1599 1593 1625 cst
1617 1592 1782 1633 εἰδικῶς,
1809 1593 1895 1636 quod
1917 1604 1977 1624 nos
2006 1592 2139 1625 dicimus

1191 1657 1226 1686 in
1251 1657 1429 1696 abstracto,
1460 1662 1496 1687 ut
1519 1662 1698 1700 opponatur
1724 1657 1918 1688 individuae.
1943 1657 1981 1688 lu
2006 1668 2140 1700 sequen·

1190 1719 1275 1750 tibus
1302 1719 1451 1760 Grotius,
1481 1726 1600 1764 puncto
1632 1726 1707 1764 post
1732 1732 1847 1752 manus
1875 1720 1997 1764 posito,
2026 1720 2139 1751 edidit:

1198 1782 1374 1813 »secundae
1399 1781 1493 1813 etiam
1521 1782 1716 1814 substantiae
1742 1782 1873 1814 relative
1899 1782 1960 1813 dici
1983 1794 2048 1813 non
2065 1794 2138 1825 pos-

1191 1848 1301 1882 sunt«;
1327 1855 1386 1875 nec
1418 1849 1523 1874 tamen
1553 1844 1621 1887 ipse
1650 1844 1711 1875 sihi
1743 1843 1915 1884 satisfecit,
1944 1844 2061 1887 quippe
2085 1845 2139 1887 qui

1189 1905 1269 1935 lianc
1292 1910 1399 1935 notam
1418 1905 1589 1936 addiderit:
1614 1906 1704 1937 »Hae
1729 1917 1824 1937 voees
1847 1906 2084 1938 transferendae
2108 1911 2140 1937 et

1188 1969 1430 2012 praeponendae
1464 1969 1544 1999 infra
1580 1969 1644 1999 illis
1676 1968 1823 2000 vocibus:
1856 1971 2025 2016 quaeritur
2055 1981 2138 2012 erqo.

1187 2031 1294 2063 Aliter
1318 2037 1423 2063 tamen
1443 2031 1534 2064 MS«
1566 2032 1636 2063 Nos
1660 2043 1677 2063 e
1705 2032 1868 2064 codicibus
1890 2032 2138 2065 Monacensibus

1187 2094 1240 2138 (C.
1250 2093 1300 2136 F),
1323 2093 1439 2136 quibus
1454 2093 1548 2124 etiam
1565 2094 1838 2125 Reiclienanensis
1854 2105 1872 2124 a
1886 2093 2025 2124 secunda
2042 2104 2137 2124 manu

1188 2154 1416 2197 adstipulatur,
1458 2166 1569 2187 omnes
1604 2155 1803 2187 difficultates
1836 2153 2008 2186 removisse
2043 2154 2137 2186 nobis

1186 2216 1339 2248 videmur.

1260 2303 1385 2349 mutua]
1414 2304 1470 2337 Sic
1488 2305 1555 2347 jam
1581 2304 1648 2347 ipse
1677 2303 1809 2336 Grotius
1832 2303 1865 2335 in
1888 2303 1972 2335 notis
1996 2304 2134 2335 scriben-

1186 2370 1261 2401 dum
1273 2368 1396 2399 monuit
1412 2380 1469 2411 pro
1487 2373 1623 2406 mutata,
1641 2366 1892 2410 addixeruntque
1913 2368 2040 2400 codices
2056 2368 2132 2399 Rei-

1186 2432 1404 2473 chenauensis,
1421 2431 1697 2472 Bai-mstattensis,
1718 2437 1750 2463 et
1767 2431 1970 2464 Monacensis
1991 2437 2134 2476 uterque.

1259 2528 1421 2575 nummati]
1447 2528 1523 2561 Alio
1550 2542 1647 2561 sensu
1666 2529 1836 2561 Laberium
1861 2535 2046 2561 »mamintus
2061 2534 2127 2561 est«

1184 2592 1303 2625 dixisse
1323 2605 1381 2638 pro
1408 2592 1547 2624 »furatus
1569 2597 1634 2624 est«
1661 2591 1787 2624 Gellius
1813 2591 1891 2635 (16,
1921 2592 1955 2634 7)
1980 2591 2084 2623 refert.
