2310 2860
230 138 317 182 146

794 137 995 181 Martiani
1035 136 1234 194 Capellae
1272 137 1345 179 lib.
1370 137 1426 180 II.
1465 141 1497 192 §.
1521 139 1618 182 106.

225 245 394 288 decadis
423 245 555 301 ipsius
597 253 871 301 potestatem,
923 245 1109 301 ideoque
1149 243 1361 300 perfectus
1401 253 1484 295 est,
1529 254 1569 286 ct
1605 244 1789 286 habetur
1836 244 2095 301 quadratus,
2138 254 2186 286 ut

225 328 316 384 ipse
341 327 574 382 Cyllenius,
604 327 681 367 cui·
705 327 804 369 anni
826 336 1034 383 tempora,
1064 325 1170 368 coeli
1196 325 1377 377 climata,
1408 325 1648 382 mundique
1676 327 1885 370 elementa
1915 327 2185 369 conveniunt.

225 513 311 559 105)
337 514 420 547 enim
448 513 611 559 perficitur
634 526 785 548 numerus
813 515 846 547 in
875 513 1003 546 nomine
1031 513 1175 544 Philolo-

222 579 312 621 giac,
344 584 377 611 et
403 578 564 611 invenitur
598 579 837 624 quaternarius,
873 578 929 623 qui
964 577 1093 610 omnino
1126 582 1176 609 est

220 628 382 686 perfectus
408 639 450 687 (ξ.
470 640 568 685 754).

296 717 373 737 nam
404 703 653 753 quaternarius]
695 705 826 750 Optime
859 706 922 737 huc
959 703 1035 735 facit
1065 707 1175 734 auctor

220 766 556 809 Theologumenorum
586 767 641 811 qui
667 767 725 799 ait:
745 764 818 812 τήν
848 761 988 801 δεκάδα
1019 761 1086 799 ὑπ’
1109 760 1173 798 αὐ-

219 829 292 876 τῆς
322 827 548 878 (τετράδος)
580 827 658 875 ἅμα
691 835 776 870 τοῖς
805 826 1063 876 ὑπόπροσθεν
1086 829 1174 872 συγ-

218 894 507 942 κορυφοῦὅθαι.
543 894 593 928 Ita
614 895 698 927 enim
727 894 772 926 ibi
795 894 967 935 legendum
990 898 1024 924 ut
1046 892 1079 924 in
1097 891 1175 935 Epi-

217 957 400 998 grammatis·
428 956 578 989 Graecis:
598 951 894 1002 κορυφούμενος
920 954 973 994 εἰς
1001 949 1044 988 ἓν
1067 949 1174 998 cipho*

215 1015 300 1062 μός.
329 1017 397 1050 Sed
413 1024 445 1050 ct
463 1018 650 1051 Hierocles:
667 1017 740 1063 τῆς
761 1015 802 1052 δὲ
828 1013 989 1056 δεκάδος
1011 1011 1174 1058 δύναμις

216 1077 240 1125 ἡ
270 1077 425 1127 τετρὰς,
464 1077 540 1127 πρὸ
567 1078 641 1126 γὰρ
677 1078 751 1124 τῆς
782 1076 881 1113 κατὰ
912 1077 1093 1120 διέξοδον
1119 1088 1173 1111 τε-

216 1138 416 1187 λειότητος
428 1141 477 1187 τῆ
483 1153 502 1181 ς
518 1140 566 1187 τῇ
588 1137 719 1175 δεκάδι
731 1137 936 1186 ἡνωμὲνης
958 1151 1018 1179 τις
1037 1134 1174 1173 τελειό-

215 1217 287 1250 της
308 1205 351 1241 ἐν
370 1205 417 1251 τῇ
441 1202 595 1252 τετράδι
616 1206 840 1251 θεωρεῖται,
868 1200 967 1238 κατὰ
991 1201 1066 1249 γὰρ
1086 1199 1172 1238 σύν-

214 1269 329 1304 θεσιν
352 1268 426 1314 τῆς
453 1265 533 1303 ἀπὸ
559 1265 729 1312 μονάδος
749 1264 826 1307 ἑώς
851 1262 1036 1314 τετράδος
1059 1263 1173 1305 δεκὰς

213 1330 260 1367 τὸ
290 1331 371 1367 πᾶν
397 1329 593 1378 ἄθροισμα
622 1330 788 1377 γίνεται·
814 1328 840 1365 ὰ
870 1327 943 1376 γάρ
965 1327 1030 1363 καὶ
1050 1327 1081 1368 B*
1106 1326 1171 1364 καὶ

210 1391 242 1439 γ“
272 1391 337 1427 καὶ
360 1391 390 1429 0*
423 1391 500 1439 τήν
526 1390 667 1428 δεκάδα
690 1398 749 1424 cet.
778 1388 957 1435 Δύναμιν
978 1396 1172 1435 potestatem

211 1455 292 1487 dixit
319 1454 473 1499 Capella,
499 1453 666 1486 Amobius
691 1453 852 1486 Graecum
877 1464 995 1485 nomen
1021 1452 1170 1494 servavit,

210 1523 247 1550 ut
271 1517 451 1550 emendavit
480 1516 599 1548 amicus
625 1527 716 1547 meus
741 1514 774 1547 J.
798 1515 980 1555 Mem-sius,
1009 1515 1170 1548 communi

208 1579 297 1623 (vere
325 1578 441 1623 dicam)
472 1583 638 1611 auctorum
664 1576 806 1609 omnium
837 1577 925 1610 bono
951 1581 1054 1608 natus.
1093 1577 1170 1610 Ηιιο

209 1644 285 1676 facit
315 1644 408 1676 locus
436 1642 491 1674 ille
525 1652 565 1673 ex
591 1640 822 1674 Aritlimctiea=
852 1641 1041 1684 »Decasque
1072 1640 1169 1684 plena

207 1707 258 1739 his
296 1712 434 1750 quatuor
470 1705 611 1738 numeria
648 1704 801 1746 gradatim
831 1703 949 1747 plicitis
980 1703 1167 1746 integratur,

206 1770 240 1802 id
271 1776 321 1801 est
347 1781 430 1810 uno,
465 1768 609 1808 duobus,
642 1768 762 1808 tribus,
790 1772 955 1812 quatuor.=
987 1767 1092 1800 Gnor.
1118 1787 1166 1794 -—-

208 1832 352 1864 Omnino
370 1831 563 1863 conferenda
579 1830 630 1862 hie
650 1830 784 1862 Meursii
804 1829 1028 1861 commentatio
1052 1829 1091 1862 de
1113 1829 1168 1862 de-

207 1896 298 1929 nario
323 1896 530 1940 Pythagoreo
553 1893 601 1939 (in
624 1893 767 1927 Gronov.
785 1894 936 1925 thesauro
961 1893 1001 1927 T.
1026 1892 1100 1937 IX).

284 1957 460 2004 Cyllenius]
485 1958 619 2003 Repetit
646 1958 725 1989 haec
757 1957 839 1990 infra
863 1955 904 2000 (§.
929 1956 1016 2000 754)
1042 1956 1166 1989 verbis:

213 2021 297 2055 »Hie
324 2032 477 2053 numerus
503 2018 677 2064 quadratus
707 2018 771 2063 ipsi
799 2017 948 2062 Cyllenio
976 2018 1167 2063 deputatur,

208 2085 296 2129 quod
326 2085 500 2130 quadratus
532 2083 613 2115 deus
638 2083 728 2115 solus
754 2082 936 2114 habeatne·
982 2081 1165 2115 Artemido-

207 2156 264 2178 rus
288 2146 342 2190 (2,
372 2146 432 2179 42.
455 2158 487 2190 p.
513 2144 594 2178 155.
617 2143 704 2188 Rig.)
728 2144 824 2176 tradit
851 2144 1060 2189 »quadratum
1079 2146 1165 2178 Mer-

208 2209 331 2242 eiu-ium
356 2209 391 2241 in
413 2208 537 2241 somnio
564 2208 688 2249 visum,
714 2208 742 2239 si
764 2208 916 2240 barbatus
942 2209 1056 2250 fucrit,
1086 2209 1166 2241 solis

209 2271 383 2317 philologis
400 2272 606 2303 conducere·
637 2269 705 2303 Sed
721 2270 866 2314 inprimis
889 2272 1074 2303 conferendi
1088 2272 1167 2304 Plu-

210 2334 340 2366 tarchus
362 2332 475 2376 (symp.
495 2333 536 2372 9,
560 2334 594 2365 5.
619 2343 650 2376 p.
666 2332 753 2375 758)
771 2337 803 2363 et
818 2332 1002 2365 Macrobius
1021 2333 1166 2378 (Satura.

214 2397 255 2436 1,
280 2394 359 2438 19),
395 2394 451 2438 qui
476 2393 664 2436 quadratum
691 2393 731 2425 nd
761 2394 916 2435 Hermas,
957 2395 1009 2427 dei
1033 2400 1166 2438 statuas,

211 2457 372 2496 referunt,
408 2455 588 2500 pariterque
617 2456 809 2489 Laurentius
832 2457 944 2500 Lydus
975 2457 1039 2501 (dic
1065 2457 1165 2492 Mei-c.

212 2533 243 2566 p.
263 2521 313 2553 60
335 2519 475 2563 noctu).

287 2579 439 2630 quatuor]
466 2581 590 2613 Vocem
600 2586 745 2628 quatuor
765 2592 783 2613 c
802 2581 1062 2628 Guelferbytanis
1085 2581 1165 2618 Cor-

114 406 199 449 107
229 409 295 452 An
335 406 450 449 aliud
487 406 561 448 illa
594 407 706 449 senis
742 407 964 463 dejeratio,
1004 406 1080 462 qui
1108 410 1163 457 μὰ
1198 410 1273 460 τὴν
1308 409 1474 459 τετράδα
1512 422 1598 448 non
1637 409 1786 462 tacuit,
1826 409 2069 460 confitetur,
2105 409 2184 450 nisi

1227 512 1290 542 tius
1315 512 1408 545 nobis
1432 512 1656 557 suppeditavit.
1682 513 1866 546 Concinunt
1888 515 2093 548 Monacensis
2117 512 2185 558 (C)

1227 578 1260 606 ct
1289 574 1506 615 Basilecnsis,
1535 575 1785 618 confirmantque
1818 577 1901 608 hanc
1930 576 2100 610 lectionem
2132 587 2184 606 ca-

1227 637 1300 669 dem
1322 639 1419 670 verha
1445 638 1527 670 insi-a
1549 636 1594 682 (§.
1618 637 1704 680 754)
1728 638 1872 681 repetita.

1301 701 1381 732 coeli
1400 698 1543 745 climata]
1569 699 1644 731 Hoc
1669 705 1719 730 cst
1738 699 1848 730 mundi
1869 705 1994 744 partes,
2021 711 2079 731 seu
2101 699 2184 732 coeli

1225 764 1365 804 frontes,
1395 769 1431 795 ut
1455 763 1570 794 dicitur
1597 763 1630 794 in
1656 761 1878 795 Arithmctica.
1916 762 1998 794 Nam
2028 763 2106 795 alias
2127 763 2182 796 cli·

1226 833 1310 858 mata
1343 827 1577 860 Mathematicis
1618 831 1693 858 sunt
1723 831 1815 867 octo,
1853 831 1889 858 ut
1916 826 1998 858 infra
2026 827 2122 858 hahet
2149 826 2183 858 in

1225 890 1443 923 Astronomia.
1483 890 1589 935 Saepe
1620 901 1696 921 sanc
1734 895 1846 922 auctor
1884 895 1996 922 noster
2030 890 2182 923 technicis

1227 955 1391 987 vocabulis
1414 955 1571 996 abutitur,
1601 959 1637 986 ut
1663 954 1697 985 in
1714 952 1922 986 Asu-ommia
1942 960 1974 986 et
1996 953 2120 987 Musica
2145 953 2182 986 li-

1226 1017 1347 1061 quebit.
1366 1017 1472 1050 Guor.

1299 1075 1353 1121 μοὶ
1370 1075 1464 1124 τὴν]
1489 1078 1624 1111 Mathen
1651 1077 1806 1109 tetradem
1830 1077 1882 1110 vcl
1903 1077 2035 1110 Mathen
2058 1077 2180 1108 teu-ada

1226 1142 1395 1185 scripsisse
1404 1141 1556 1186 putabam
1570 1141 1763 1174 Martianum
1775 1140 1826 1173 vel
1837 1150 1896 1186 pro
1908 1140 2092 1174 Matheseos
2104 1152 2180 1184 qua-

1227 1204 1316 1246 driga
1333 1204 1602 1246 exArithmetica,
1619 1204 1815 1245 Geometria,
1832 1203 2031 1246 Astrologia,
2045 1203 2181 1244 Musica,

1227 1280 1363 1312 quarum
1384 1267 1596 1301 Arithmetica
1615 1268 1747 1309 unitati,
1769 1268 1895 1301 Musica
1920 1268 2061 1309 binario,
2093 1267 2180 1300 Geo-

1222 1332 1334 1363 metria
1360 1331 1512 1372 trinario,
1542 1330 1718 1375 Sphaerica
1748 1343 1807 1362 scu
1833 1330 2021 1372 Astrologia
2054 1336 2181 1373 quater-

1221 1396 1312 1428 nario
1332 1402 1551 1441 comparatur,
1578 1401 1614 1427 ut
1634 1394 1770 1437 legimus
1787 1395 1830 1430 ἐν
1848 1392 2181 1441 θεολογουμένοις

1221 1458 1293 1505 τῆς
1316 1455 1655 1506 ἀριθμητικῆςενεὶ
1681 1469 1759 1491 sane
1783 1470 1842 1503 pro
1866 1458 2012 1491 doctrina
2035 1459 2074 1491 de
2100 1470 2178 1503 qua-

1219 1521 1376 1562 ternario,
1402 1533 1497 1565 quam
1523 1521 1617 1553 docte
1641 1520 1813 1564 explicavit
1829 1520 2053 1561 Democritus,
2082 1532 2180 1564 quem

1219 1585 1270 1616 hic
1297 1584 1384 1616 senis
1407 1584 1450 1615 dii
1475 1583 1531 1627 (ita
1555 1583 1640 1615 enim
1664 1582 1755 1625 lego,
1785 1595 1852 1615 non
1876 1583 1941 1626 dei)
1963 1582 2178 1627 appellatione

1218 1647 1382 1688 indigitat,
1413 1652 1450 1678 ut
1474 1647 1556 1678 infra
1579 1645 1755 1678 Abderitae
1780 1646 1882 1678 senis:
1908 1642 2044 1693 μάθην
2071 1653 2178 1679 autern

1219 1708 1338 1740 dixisse
1361 1720 1419 1752 pro
1437 1704 1623 1754 μάθησιν.
1651 1707 1856 1751 Hesychius:
1871 1706 2021 1752 μαθᾶς,
2049 1705 2176 1754 μαθή-

1218 1774 1326 1811 6εως.
1355 1771 1423 1804 Sed
1443 1771 1510 1814 jam
1536 1772 1625 1803 hisce
1653 1771 1846 1814 conjecturis
1872 1771 1993 1804 relictis
2023 1783 2062 1804 eo
2087 1772 2177 1817 pedi·

1217 1834 1279 1865 bus
1303 1833 1337 1865 in
1363 1832 1572 1865 illustrissimi
1600 1831 1758 1875 Scaligeri
1782 1833 1972 1865 sententiam
1996 1838 2029 1865 et
2047 1845 2106 1878 per
2127 1846 2175 1866 se·

1217 1909 1291 1929 nem
1316 1896 1405 1928 dium
1429 1897 1646 1940 Pythagoram
1669 1896 1835 1939 intelligo,
1867 1903 1900 1929 et
1921 1897 1995 1939 lego
2021 1894 2076 1942 μὰ
2101 1894 2176 1944 τὴν

1217 1954 1402 2006 τετράδας
1421 1958 1467 1990 sic
1494 1958 1528 1990 in
1552 1958 1658 1990 aureis
1681 1958 1871 1991 carminibus
1894 1959 2064 1991 habemus:

1267 2021 1355 2059 Ναῖ
1376 2019 1430 2067 μὰ
1446 2019 1518 2057 τὸν
1539 2018 1706 2070 ἁμετέρᾳ
1727 2019 1851 2072 ψυχᾷ
1870 2019 2098 2070 παραδόντα
2117 2033 2174 2058 τε·

1615 2081 1802 2131 τρακτύν,

1265 2144 1408 2193 Παγάν
1426 2142 1573 2183 ἀενάου
1591 2143 1748 2196 φύσεως
1761 2167 1809 2173 —
1824 2167 1874 2173 -

1217 2208 1258 2241 ad
1282 2220 1377 2253 quem
1402 2208 1509 2242 locum
1540 2208 1614 2240 vide
1638 2208 1833 2241 Hieroclem.
1853 2206 2017 2240 Gnor.-—
2034 2207 2098 2241 Cui
2116 2220 2170 2241 vo—

1216 2271 1292 2315 lupe
1323 2275 1373 2302 est
1399 2270 1502 2302 varias
1540 2281 1659 2313 easque
1683 2270 1769 2303 inter
1802 2279 1838 2301 se
1866 2268 2001 2301 maxime
2028 2269 2171 2303 diversas

1217 2332 1257 2364 de
1280 2332 1339 2364 hac
1363 2331 1579 2375 Pythagorica
1607 2335 1743 2374 tctracty
1765 2330 1939 2362 sententias
1964 2342 2170 2374 cognoscere,

1218 2405 1290 2426 eum
1323 2393 1507 2435 ablegamus
1539 2392 1579 2424 ad
1611 2391 1767 2424 Bruclzeri
1800 2391 1911 2424 histor.
1938 2392 2054 2437 philos.
2081 2393 2119 2425 T.
2143 2393 2171 2426 I.

1216 2469 1247 2502 p.
1273 2456 1368 2488 1055
1396 2460 1428 2486 ct
1451 2454 1492 2486 ad
1511 2453 1688 2497 prolegom.
1705 2453 1889 2485 Jablonskii
1912 2453 1953 2485 ad
1974 2455 2084 2499 pantli.
2102 2454 2168 2487 Ac—

1217 2524 1302 2564 gypt.
1321 2531 1350 2563 p.
1377 2519 1447 2550 119
1473 2529 1562 2561 sequ.
1585 2516 1686 2549 Gorz.
1700 2535 1748 2541 —
1764 2517 1883 2549 Melius
1903 2529 2046 2558 versum,
2073 2530 2168 2562 quem

1217 2583 1351 2618 Grotius
1371 2581 1497 2624 adjecit,
1516 2580 1615 2613 edidit
1626 2579 1810 2613 Bou-lamus
1827 2581 1873 2625 (iu
1887 2581 1991 2614 Daui).
2002 2587 2036 2614 et
2052 2582 2166 2615 Creuz.
