2310 2860
730 165 930 209 Martiani
963 165 1162 223 Capellae
1200 165 1270 207 lib.
1292 164 1343 208 V.
1380 168 1410 218 §.
1431 166 1530 209 510.

161 285 232 317 aut
270 274 459 317 duorum
498 289 611 331 quae
653 274 802 316 usitata
849 283 947 315 sunt
990 273 1284 326 conjunctione
1329 275 1573 328 composita.

2020 169 2108 210 459

1645 274 1721 315 Fin
1727 285 1883 329 guntur
1921 276 2108 317 maxime

159 370 297 411 quum
341 356 654 406 transferimus,
700 365 745 396 ut
784 355 858 410 qui
896 357 1088 404 ποιότητα
1120 353 1365 407 qualitatem
1411 368 1501 394 esse
1539 353 1759 407 dixerunt,
1803 356 1918 410 quod
1951 373 2105 398 nomen

159 450 383 490 nunquam
411 437 548 477 fuerat
570 436 611 476 in
635 436 815 488 Latinis3
843 450 929 490 quo
956 445 995 475 et
1019 434 1193 475 auribus
1218 434 1563 489 temperandum,
1594 445 1633 476 et
1655 436 1872 478 insolentia
1896 438 2108 493 fugienda,

159 531 291 571 quam
326 518 460 558 vitans
485 517 632 558 Cicero
665 519 852 558 Soterem
890 517 1143 558 salvatorem
1173 515 1308 557 noluit
1336 515 1580 566 nominare,
1623 526 1662 557 et
1691 517 1762 557 ait:
1794 519 1896 572 „qui
1928 520 2107 560 salutem

157 597 320 650 dedit“;
354 597 460 638 illud
492 598 604 638 enim
636 598 760 639 nimis
791 595 973 637 insolens
1004 597 1244 639 videbatur.

159 692 270 732 quae
303 680 568 733 grammatici
601 692 807 735 paragoga
838 678 1134 728 nominarunt,

1302 596 1577 637 Derivatione
1613 612 1788 652 quoque
1820 598 1924 640 fiunt
1960 601 2104 650 verba,

1166 687 1213 718 ut
1241 677 1431 718 dicimus·
1453 678 1583 719 florea
1614 694 1737 730 rura,
1770 690 1833 721 et:
1852 682 2108 737 „campique

157 759 342 814 ingentes
379 760 542 801 ossibus
579 759 760 809 albone‘,
814 757 930 812 quod
971 758 1066 798 satis
1098 758 1233 812 erispa
1274 758 1500 799 inflexione
1532 759 1732 799 Horatius
1776 760 1956 802 albicent
1994 762 2110 803 dixit.

159 840 235 881 His
266 842 525 897 plerumque
554 841 845 882 Grammatice
875 840 1030 891 utitur,
1068 840 1163 880 licet
1193 839 1364 880 Tullius
1403 839 1664 895 grandiferas
1693 842 1969 895 possessiones
2001 843 2112 883 dicat

157 931 197 962 et
226 922 527 978 grandiloquos
561 931 759 963 oratores.

230 1030 433 1078 qualitatem]
459 1030 574 1063 Cicero
597 1031 695 1072 (acad.
721 1033 759 1072 l,
784 1031 834 1075 7):
862 1031 1005 1062 »Dabitis
1023 1030 1106 1062 enim

155 1092 317 1134 profecto,
342 1098 377 1124 ut
405 1093 437 1124 in
467 1093 563 1124 rebus
585 1094 761 1134 inusitatis,
792 1093 878 1136 quod
903 1092 1019 1124 Graeci
1046 1092 1108 1136 ipsi

153 1153 287 1193 faciunt,
313 1166 330 1184 a
357 1154 473 1197 quibus
498 1155 575 1186 hacc
598 1155 665 1196 jam
690 1155 743 1185 diu
766 1160 956 1194 tractantur,
982 1160 1109 1185 utamur

152 1216 257 1247 verbis
287 1217 446 1249 interdum
469 1218 627 1250 inauditis.
643 1237 689 1242 —-
726 1219 908 1262 qualitates
932 1218 1028 1260 igitur
1053 1230 1107 1262 ap-

153 1280 288 1322 pellavi,
322 1293 401 1324 quas
424 1278 638 1327 ποιότητας
658 1283 775 1315 Graeci
798 1288 930 1323 vocant,
955 1282 1040 1326 qnod
1062 1282 1107 1325 ip-

154 1354 224 1373 sum
249 1344 333 1386 apud
357 1343 501 1375 Graecos
529 1356 593 1375 non
611 1351 660 1376 est
678 1345 765 1386 vulgi
791 1346 938 1383 verbum,
962 1346 1018 1376 sed
1040 1345 1108 1388 phi-

153 1404 378 1448 losophorum,
411 1410 505 1448 atque
536 1405 569 1436 id
601 1405 634 1436 in
664 1406 805 1439 multis,«
850 1405 945 1436 Adde
971 1406 1107 1436 cundem

155 1466 216 1497 alio
240 1466 312 1498 loeo
339 1467 399 1510 (de
425 1472 488 1498 nat.
514 1466 600 1497 deor.
626 1467 665 1506 2,
699 1467 771 1509 57).
805 1467 956 1498 Ceterum
981 1467 1107 1499 codices

152 1529 369 1570 Monacensis,
397 1530 683 1570 Reicbenaucnsis,
708 1531 973 1562 Dat-instattcnsis
992 1531 1110 1561 liabent

154 1594 346 1640 qualitates,
377 1593 463 1636 quod
491 1599 597 1625 tamen
626 1594 701 1637 quia
728 1594 854 1626 Graeco
887 1606 952 1626 non
975 1605 1107 1638 respon-

152 1655 222 1695 det,
254 1655 396 1698 recipere
423 1655 522 1686 nolui.

223 1714 387 1761 Soterem]
425 1716 541 1748 Cicero
573 1716 657 1748 enim
685 1715 737 1760 (in
767 1716 860 1749 Velm
887 1716 927 1756 2,
961 1716 1000 1756 2,
1029 1716 1107 1760 65),

151 1784 321 1822 postquam
344 1778 480 1811 Verrem
508 1790 591 1810 »non
620 1778 724 1809 solum
745 1783 918 1821 patronum
941 1778 1034 1810 istius
1061 1779 1106 1810 in-

153 1842 259 1882 sulae,
287 1842 344 1873 sed
371 1842 465 1873 etiam
487 1841 601 1874 sotera
629 1843 816 1886 inscriptum
844 1854 878 1873 se
903 1842 1020 1873 vidisse
1045 1842 1106 1886 Sy-

152 1903 292 1935 racusis«
317 1903 457 1943 dixerat,
493 1905 588 1943 moe,
615 1903 735 1946 pergit,
766 1909 922 1947 quantum
953 1904 1023 1934 est?
1058 1904 1107 1935 Ita

151 1979 316 2008 magnum,
345 1972 381 1998 ut
402 1966 519 1997 Latino
541 1979 605 1998 uno
629 1967 727 1998 verbo
751 1966 885 2010 exprimi
908 1979 973 1998 non
993 1968 1106 2010 possit.

151 2030 184 2062 Is
205 2035 255 2062 est
277 2030 424 2062 nimirum
446 2029 561 2068 Soter,
591 2030 647 2073 qni
673 2031 809 2062 salutem
835 2030 950 2061 dedit.«
984 2030 1106 2062 Conl'ei¹

152 2095 281 2126 omnino
294 2094 511 2125 Foreellinnm
532 2094 576 2138 (in
597 2093 730 2137 lexico),
758 2094 811 2138 qui
831 2094 1032 2126 Christianos
1051 2095 1105 2127 de-

151 2168 236 2190 mum
264 2156 435 2200 scriptores
455 2155 656 2187 Salvatorem
680 2155 799 2187 dixisse
822 2161 939 2188 monet.

223 2216 399 2262 paraqoqa]
427 2217 602 2248 Diomedes
624 2217 668 2261 (p.
679 2219 752 2249 509
777 2218 796 2249 f.
814 2218 975 2261 Pntseli.):
1001 2218 1105 2250 »Sunt

153 2279 308 2323 quaedam
335 2280 526 2322 principalia
533 2302 546 2319 ,
581 2291 662 2322 quae
693 2279 826 2311 Graecis
862 2276 1103 2326 πρωτότυπιε

153 2341 318 2380 dicuntur,
353 2346 389 2371 ut
422 2353 532 2379 mons,
554 2341 648 2384 fons,
687 2342 783 2380 villa,
819 2342 926 2373 schola
933 2365 945 2381 ,
971 2343 1082 2374 hortus
1092 2355 1106 2382 ,-

153 2417 192 2436 ex
223 2405 272 2435 his
302 2409 477 2436 naseuntur
508 2405 704 2444 derivativa,
743 2416 824 2448 quae
851 2405 935 2449 apud
961 2405 1104 2438 Graecos

153 2463 370 2512 ffapayfflyo'c
393 2465 557 2505 dicuntur,
580 2471 615 2497 ut
636 2466 812 2509 fontanus,
839 2473 1025 2507 montanus,
1044 2468 1102 2500 vil-

153 2529 287 2566 lazicus,
312 2528 540 2565 scholasticus,
566 2528 735 2559 lim-tietwm

219 2589 321 2633 florea
341 2586 433 2632 rura]
461 2588 489 2619 E
514 2588 650 2630 Virgilio
673 2587 771 2634 (Aen.
797 2591 834 2632 1,
859 2590 962 2634 450)=

1216 1030 1350 1073 „Qualis
1371 1042 1446 1073 apes
1467 1036 1588 1062 aestate
1613 1042 1695 1061 noua
1717 1043 1776 1074 per
1795 1031 1892 1063 florea
1915 1044 1987 1064 rura

1209 1094 1350 1126 Exercet
1375 1095 1434 1126 sub
1455 1095 1520 1126 sole
1541 1095 1656 1126 laban«

1234 1155 1418 1203 campique]
1452 1156 1576 1188 Versus
1614 1161 1646 1187 ct
1681 1156 1749 1200 ipse
1778 1156 1905 1198 Virgilii
1934 1162 1983 1188 cst
2010 1157 2111 1201 (Aen.

1163 1216 1224 1258 12,
1252 1217 1329 1261 56);

1218 1281 1402 1325 „San-quine
1423 1282 1528 1313 adhuc
1551 1277 1731 1324 campiquc'
1745 1280 1890 1322 ingentes
1913 1281 2040 1313 ossibus
2067 1281 2111 1313 al·

1555 1342 1659 1373 beut.«

1158 1404 1197 1435 In
1229 1404 1322 1436 editis
1356 1405 1483 1447 quidem
1517 1405 1665 1436 Martiani
1699 1406 1932 1448 exemplaribus
1968 1412 2035 1437 erat
2068 1408 2112 1437 υἰ-

1158 1473 1266 1498 rentes
1286 1479 1343 1511 pro
1362 1469 1524 1510 inqwtes,
1549 1467 1605 1498 sed
1627 1468 1753 1499 codices
1780 1469 1971 1508 Gratianus,
1996 1470 2110 1502 Dasm-

1159 1531 1338 1570 stattensis,
1363 1536 1394 1561 et
1420 1530 1622 1562 Monacensis
1649 1530 1716 1573 (C)
1745 1531 1913 1572 genuinam
1941 1531 2111 1564 lectionem

1158 1593 1382 1635 praebuerunt.
1411 1591 1533 1623 Similis
1560 1597 1609 1622 cst
1634 1592 1714 1622 alius
1736 1592 1864 1634 Yirgilii
1880 1605 1991 1624 versus
2014 1593 2109 1637 (Aen.

1161 1654 1199 1693 5,
1224 1652 1326 1694 865)=

1215 1716 1385 1759 »Difficiles
1402 1716 1562 1763 quondam
1589 1717 1824 1763 multorumque
1842 1717 1968 1749 ossibus
1988 1719 2106 1751 albos«

1231 1776 1354 1822 crispa]
1389 1778 1463 1809 Non
1493 1777 1650 1822 vituperat
1684 1779 1743 1809 hac
1774 1791 1868 1819 voce,
1900 1780 1956 1810 sed
1987 1780 2112 1825 laudat3

1158 1840 1424 1885 quemadmodum
1452 1839 1579 1872 Gellius
1610 1840 1662 1883 (l,
1692 1840 1731 1882 4)
1756 1846 1787 1871 et
1810 1840 1935 1872 Plinius
1960 1842 2039 1885 (15,
2071 1843 2110 1881 8,

1160 1904 1229 1948 18).
1255 1904 1384 1935 Horatii
1406 1903 1496 1934 loeus
1524 1903 1556 1934 in
1582 1903 1773 1934 carminibus
1798 1909 1848 1935 est
1872 1904 1925 1947 (1,
1951 1905 1990 1945 4,
2018 1905 2064 1948 4).

1228 1963 1452 2010 ῃναηᾱῖβριηε]
1487 1965 1550 1995 Ubi
1583 1965 1777 1996 recentiores
1804 1966 1889 2009 apud
1919 1966 2110 1998 Ciceronem

1155 2027 1251 2071 (Phil.
1269 2028 1308 2067 2,
1336 2029 1384 2059 59
1409 2027 1444 2069 s.)
1461 2027 1581 2070 grandi
1591 2027 1723 2069 foenore
1737 2027 1914 2067 ediderunt,
1935 2028 2111 2060 Martianus

1155 2096 1239 2123 certe
1265 2091 1470 2135 51mndisbras
1496 2090 1582 2132 legit.
1611 2090 1696 2122 Sunt
1722 2091 1804 2122 enim
1832 2091 1999 2123 Ciceronis
2025 2091 2109 2123 eodi-

1976 2154 2110 2197 p.612).

1153 2215 1357 2247 Monacensis
1382 2214 1450 2257 (C)
1478 2225 1644 2257 perperam
1667 2215 1890 2258 q›·a11‹l1'stras‚·
1912 2215 2108 2247 Reiclienau-

1912 2154 1951 2172 ί).

1153 2165 1217 2193 ceS,
1237 2153 1268 2184 in
1286 2153 1401 2196 quibus
1418 2153 1459 2183 ita
1477 2152 1629 2196 seriptum
1646 2152 1687 2183 sit
1708 2153 1837 2195 (Graev.
1855 2154 1890 2192 5,
1912 2173 1953 2189 a,

1155 2278 1241 2309 ensis
1262 2283 1293 2310 ct
1315 2278 1579 2309 Darmstattensis
1595 2285 1681 2309 reete
1700 2277 1925 2322 φάηᾱίῘει-αε,
1954 2279 2039 2321 quod
2060 2289 2106 2308 re-

1155 2342 1245 2385 cepi3
1287 2341 1422 2373 Grotius
1441 2342 1524 2373 enim
1546 2342 1688 2374 ediderat
1704 2341 1920 2386 ylamliferas,
1953 2341 2038 2384 quod
2063 2346 2105 2371 ta—

1154 2417 1226 2437 men
1245 2404 1339 2436 etiam
1363 2405 1491 2436 defendi
1517 2411 1639 2449 potest,
1668 2406 1741 2449 quia
1767 2405 1822 2436 illo
1846 2404 2010 2436 Ciceronis
2031 2403 2104 2436 loeo

1155 2480 1172 2500 a
1197 2467 1386 2511 quibusdam
1408 2467 1452 2498 ita
1475 2467 1592 2509 legitur
1618 2473 1649 2499 et
1670 2472 1780 2499 noster
1799 2466 1880 2497 infra
1903 2464 1943 2509 (ξ.
1959 2464 2042 2509 702)
2064 2466 2104 2497 si-

1153 2529 1220 2562 mili
1244 2540 1322 2560 voce
1343 2529 1530 2572 palvuif'eras
1555 2529 1664 2561 utitur.

1227 2589 1470 2638 qramliloqrws]
1494 2591 1568 2623 Non
1583 2591 1697 2623 Cicero
1717 2589 1804 2621 solus
1824 2588 1932 2632 (Tusc.
1952 2588 1986 2628 5,
2007 2589 2050 2620 51
2071 2588 2102 2630 s.)

2136 601 2217 641 511

817 920 930 961 Huic
967 920 1204 976 diligentiae
1234 919 1505 974 subjungitur
1535 920 1834 961 translatorum
1866 936 1969 963 cura
2006 938 2103 964 ver-
2135 922 2221 963 512
