2310 2860
216 203 272 219 μιν-

219 204 301 244 108
770 195 969 236 Martiani
1007 194 1206 250 Capellae
1236 194 1308 235 lib.
1337 194 1415 234 IX.
1447 196 1475 245 §.
1501 194 1605 235 942.

220 307 362 350 medio
392 303 577 346 locatum
618 310 681 343 est
718 302 826 342 inter
865 299 1165 357 principalium
1195 299 1514 342 tetrachordum
1547 309 1586 342 et
1614 300 1931 344 tetrachordum
1964 305 2166 358 conjunc-

104 389 198 432 945
226 399 381 431 tarum.
447 386 544 426 Post
577 383 839 440 supradictas
884 393 1026 425 autem
1069 395 1182 437 quae
1218 382 1413 437 sequitur
1453 381 1594 423 media
1631 383 1895 423 nominatur:
1928 395 2038 436 quae
2072 383 2167 423 ideo

220 467 361 511 media
391 465 565 516 dicitur,
604 465 705 519 quia
734 474 820 505 tam
851 463 993 519 gravis
1025 462 1141 503 modi
1170 461 1262 504 finis
1293 473 1373 515 est,
1411 478 1543 519 quam
1575 464 1617 504 in
1647 464 1775 520 tropis
1807 465 2005 504 omnibus
2035 464 2168 505 futuri

222 546 428 589 acuminis
455 554 601 600 caput,
634 555 761 600 atque
793 545 922 600 ipsius
954 543 1276 599 quodammodo
1304 545 1474 587 vinculo
1505 554 1588 585 tam
1614 546 1752 599 gravis
1778 545 2011 585 modulatio
2035 558 2166 597 quam

221 637 345 670 acuta
376 626 655 677 connectitur,
696 635 743 667 ut
779 628 821 666 in
853 626 990 681 Lydio
1032 625 1181 677 modo,
1223 626 1299 667 ubi
1329 635 1492 667 rectum
1523 626 1606 667 iota
1638 641 1783 667 mesen
1814 635 1938 666 notat.
1998 625 2168 667 Verum

219 717 314 764 post
361 706 548 747 mediam
597 705 892 746 extendentem
944 705 1227 748 hemitonium
1273 707 1600 760 conjunctarum
1649 707 1726 748 erit
1770 707 1910 757 tertia,
1970 720 2081 761 quae
2124 705 2168 746 in

222 789 372 831 eodem
404 786 556 837 modo,
586 785 628 826 id
659 795 718 827 est
747 786 907 841 Lydio,
940 785 1067 827 labda
1097 786 1299 842 supinum
1326 802 1403 843 pro
1434 777 1532 829 nota
1565 787 1749 828 habehit.
1805 788 1901 828 Post
1930 787 2040 828 hanc
2069 786 2168 827 illae

222 885 333 926 quae
365 883 389 910 a
419 868 540 909 nobis
574 868 769 923 superius
815 883 1038 924 expressae
1068 877 1165 909 sunt
1195 878 1278 909 tres
1313 878 1567 924 sequentur,
1616 872 1859 921 ἐναρμόνιος,
1900 869 2167 921 χρωματικὸς,

220 961 261 992 et
290 952 484 997 διάτονος,
530 962 641 1005 quae
672 958 711 989 et
740 958 940 1004 paranete
971 949 1145 999 dicitur,
1190 962 1322 1002 quam
1361 950 1509 991 Latine
1548 950 1831 1005 penultimam
1869 949 2169 1004 perhibemus3

218 1041 312 1089 post
351 1045 484 1087 quam
524 1030 675 1071 ultima
713 1029 918 1080 sociatur,
969 1043 1081 1084 quae
1117 1028 1212 1070 ideo
1252 1029 1360 1070 dicta
1402 1039 1461 1086 est
1498 1031 1821 1085 conjunctarum
1852 1029 2023 1080 ultima,
2067 1027 2170 1082 quia

216 1114 261 1155 in
291 1113 374 1155 hoc
402 1110 670 1155 tetrachordo
699 1109 829 1152 finem
858 1119 980 1152 tenet.

294 1306 379 1336 inter
409 1303 635 1347 principalium
670 1301 926 1347 tetrachordum]
964 1303 1105 1335 Restitui
1131 1316 1171 1337 ex

220 1365 431 1399 anterioribus
449 1365 659 1403 editionibus3
681 1364 814 1395 Grotius
833 1364 916 1395 enim
932 1365 981 1395 bis
997 1366 1169 1396 tetrachor-

218 1430 332 1462 dorum
351 1428 503 1458 ediderat.
528 1426 596 1457 Alii
616 1431 697 1457 teste
720 1426 832 1457 eodem
849 1426 881 1457 in
899 1427 1039 1467 margine
1060 1438 1170 1459 vocem

216 1502 350 1536 prorsus
374 1490 561 1530 omiserant,
588 1490 674 1533 quod
697 1495 801 1522 tamen
819 1503 882 1522 non
901 1492 1070 1534 probarim.

291 1559 357 1584 tam
377 1553 487 1596 φ’(ιυίς
506 1550 602 1596 modi]
630 1552 761 1582 Modum
787 1558 879 1583 vocat
901 1564 994 1595 quem
1019 1559 1051 1584 et
1075 1564 1170 1596 supra

216 1613 381 1663 τρόπον,
421 1627 507 1646 more
531 1620 636 1646 tamen
660 1615 792 1647 Graecis
817 1627 881 1646 non
909 1616 1078 1647 admodum
1106 1616 1170 1647 usi-

215 1684 292 1709 tato.
319 1678 384 1708 Per
405 1688 530 1718 gravem
548 1676 677 1706 modum
698 1675 842 1716 intelligo
857 1676 1082 1719 Hypodorium
1099 1689 1170 1709 eum

216 1744 324 1781 patre,
352 1749 446 1780 quem
467 1742 499 1768 et
517 1736 715 1768 Censorinus
738 1735 853 1767 alicubi
880 1737 1098 1778 gravissimum
1116 1749 1169 1781 ap-

214 1799 325 1843 pellat.
340 1798 442 1830 Gnor.
458 1816 505 1820 —
534 1797 736 1829 Vocabulum
765 1799 877 1829 modus
904 1799 955 1830 hie
978 1811 1037 1843 pro
1061 1800 1169 1831 modu-

216 1862 294 1893 latio
320 1860 465 1903 usurpari
497 1866 615 1891 certum
649 1866 698 1891 est
735 1872 775 1891 ex
809 1861 913 1892 verbis
950 1863 1168 1905 sequentihus,

215 1924 272 1955 ubi
295 1924 378 1955 idem
411 1923 525 1954 dieitur
551 1925 660 1967 qram's
690 1924 874 1956 naodulatio.
909 1924 977 1957 Nee
1003 1926 1168 1968 sequentia

213 1987 419 2031 permittunt,
445 1992 478 2017 ut
502 1998 559 2029 per
582 1998 708 2027 gravem
734 1987 861 2018 modum
885 1987 1080 2029 intelligatur
1101 1990 1168 2032 Hy-

211 2048 379 2092 podorius.
407 2047 502 2077 Errat
531 2047 637 2090 itaque
662 2047 713 2078 hic
732 2059 802 2078 cum
827 2054 916 2091 patre
944 2061 1001 2080 suo
1024 2048 1167 2082 Grotius.

215 2109 367 2141 Ceterum
383 2120 469 2139 mese
491 2108 599 2138 ultima
617 2114 665 2138 est
685 2115 830 2151 respectu
848 2110 1167 2152 proslambanomeni,

213 2177 250 2203 ut
283 2175 356 2201 nete
392 2175 541 2212 respectu
572 2180 685 2199 meses.
727 2169 788 2200 Est
818 2171 925 2214 itaque
958 2178 1032 2216 post
1058 2184 1168 2204 mesen

212 2233 266 2265 liic
287 2233 383 2264 ordo=
407 2232 532 2271 ultima,
561 2231 749 2274 penultima,
784 2234 875 2264 tertia
901 2235 939 2265 ab
963 2235 1087 2275 ultima,
1115 2248 1166 2267 su-

212 2309 338 2340 prema,
363 2307 443 2339 qnae
461 2306 559 2327 mese.
583 2295 667 2327 Vide
683 2301 773 2326 notas
793 2297 830 2327 ad
849 2296 1024 2329 Aristidem
1038 2312 1069 2342 p.
1082 2299 1165 2330 2112.

212 2358 410 2390 Mm10›1.-—
432 2356 606 2401 Speciatim
629 2355 823 2387 Aristoteles
846 2358 971 2401 (pi-obl.
997 2361 1059 2399 19,
1081 2361 1165 2404 45)=

221 2421 350 2464 „Quum
371 2426 511 2451 extrema
529 2425 701 2451 concentus
721 2425 793 2450 nete
813 2426 844 2451 et
863 2422 977 2464 hypate
1002 2422 1081 2462 sint,
1103 2423 1166 2454 his-

214 2494 276 2526 que
298 2481 485 2522 interjacent·
506 2480 621 2524 reliqui
642 2480 727 2520 εοιιὶ,
755 2493 889 2523 quorum
917 2482 1039 2513 medius
1065 2484 1164 2515 nomi-

213 2551 306 2576 natus
327 2544 414 2575 solus
434 2544 623 2587 principium
647 2543 776 2575 alterius
798 2546 987 2576 tetrachordi
1006 2552 1071 2586 est⁷
1090 2547 1164 2588 jure

213 2605 307 2637 medii
337 2617 452 2637 nomen
476 2605 645 2636 habuerat:
664 2604 852 2649 principium
879 2606 960 2637 enim
985 2606 1068 2639 idem
1092 2619 1162 2640 esse

1039 1110 1181 1152 Omne
1212 1118 1354 1151 autem
1386 1110 1703 1152 tetrachordum
1728 1111 2049 1164 conjunctarum
2074 1106 2169 1149 ideo

1220 1305 1324 1350 potuit
1348 1303 1435 1347 quod
1462 1301 1601 1334 medium
1624 1307 1674 1334 est
1696 1312 1821 1343 eorum,
1852 1314 1934 1347 quae
1957 1302 2041 1335 inter
2063 1302 2169 1348 aliqua

1222 1368 1413 1400 clauduntur
1437 1370 1607 1396 extremm«

1296 1431 1360 1460 iola
1389 1425 1517 1471 mesen]
1558 1426 1679 1459 Confer
1706 1424 1881 1458 Aristidem
1916 1427 2169 1471 Quinctilianum

1222 1491 1275 1534 (l,
1304 1504 1333 1535 p.
1349 1492 1396 1522 28
1423 1489 1604 1533 Meibom.)‚
1630 1489 1784 1533 Alypium
1811 1490 1862 1534 (p.
1879 1492 1911 1523 5.
1936 1491 1993 1523 25.
2020 1490 2104 1535 44),
2136 1497 2170 1523 et

1221 1552 1410 1592 Boethium3
1452 1563 1641 1595 quamquam
1674 1550 1835 1583 Aristides
1863 1553 2024 1596 jacentem
2061 1552 2169 1595 potius

1221 1615 1344 1647 literam
1359 1615 1536 1657 significare
1549 1615 1708 1655 videatur,
1731 1627 1835 1659 neque
1847 1614 1959 1659 Alypii
1978 1615 2074 1648 verba
2090 1615 2168 1647 satis

1221 1678 1305 1710 clara
1326 1677 1403 1708 sint:
1420 1673 1526 1710 ’[ὠτα
1555 1673 1621 1710 καὶ
1647 1673 1797 1719 λάμβδα
1820 1673 2001 1722 πλάγιον.

1292 1741 1394 1783 Lydio
1414 1738 1526 1783 labda]
1553 1739 1631 1771 MS.
1657 1740 1751 1771 labda
1774 1742 1943 1782 suptrzum,
1965 1751 2046 1784 quae
2069 1739 2165 1771 lectio

1221 1800 1248 1832 si
1272 1813 1337 1833 non
1362 1801 1490 1832 omnino
1513 1799 1646 1839 arridet,
1672 1799 1743 1840 lege
1769 1800 1880 1832 eodem
1907 1812 2005 1832 sensu
2026 1811 2165 1844 sequens

1220 1863 1366 1904 vulgatae
1388 1861 1535 1893 lectionis
1566 1860 1714 1901 vestigia:
1742 1860 1787 1891 »L
1818 1861 1884 1892 sive
1910 1862 1946 1896 A
1970 1861 2159 1894 inversum.-

1221 1925 1380 1956 Gnor.—
1401 1925 1475 1956 Non
1492 1924 1584 1954 video
1610 1934 1667 1954 eur
1689 1934 1754 1954 non
1776 1923 1926 1963 arrideat,
1957 1936 2055 1967 quum
2081 1926 2165 1968 supi·

1219 2001 1297 2020 num
1322 1988 1353 2018 id
1373 1988 1477 2030 ipsum
1500 1986 1656 2028 significet
1673 1986 1759 2029 quod
1779 1984 1890 2030 Alypii
1907 1984 2075 2032 πλάγιον
2088 1987 2165 2032 (vid.

1218 2055 1284 2082 not.
1302 2048 1395 2091 ant),
1419 2047 1565 2079 nimirum
1587 2047 1631 2079 ita
1651 2047 1857 2079 collocatum:
1876 2053 1908 2086 <
1924 2072 1932 2080 .
1959 2049 2164 2093 Quapropter
2222 2057 2227 2064 ·

1219 2111 1288 2143 sine
1303 2110 1513 2142 haesitatione
1530 2109 1648 2153 recepi,
1669 2121 1767 2153 quum
1784 2109 1911 2153 vulgata
1925 2110 2021 2143 lectio
2039 2111 2163 2142 literam

1218 2172 1386 2205 manifesto
1411 2176 1559 2215 corrupta
1579 2177 1677 2205 esset.
2176 2161 2180 2165 ⁵

1293 2236 1536 2279 conjunctarmn
1553 2233 1676 2278 ultima]
1689 2233 1901 2271 Nicomachus
1916 2233 1958 2277 (p.
1971 2233 2018 2266 25
2034 2232 2161 2277 Meib.):

1223 2296 1458 2327 »Tetrachorda
1488 2296 1521 2327 in
1553 2295 1734 2326 universnm
1759 2294 1917 2325 exsistunt
1947 2294 2087 2338 quinque
2113 2311 2160 2318 -—·

1216 2358 1250 2390 in
1279 2359 1394 2402 quihus
1422 2359 1502 2390 duae
1531 2363 1605 2389 sunt
1636 2357 1883 2398 disjunctiones,
1919 2357 2160 2398 conjunctiones

1215 2431 1293 2452 vero
1309 2425 1384 2451 tres.
1409 2419 1453 2450 Et
1471 2419 1598 2462 quidem
1615 2418 1872 2460 conjunctionum
1888 2418 1953 2457 illa⁷
1978 2430 2058 2461 quae
2078 2419 2161 2450 inter

1214 2482 1354 2524 hypaton
1379 2486 1410 2511 et
1435 2492 1562 2520 meson,
1587 2485 1619 2511 et
1639 2479 1720 2520 ista,
1749 2491 1829 2523 quae
1850 2479 2023 2511 eorundem
2045 2490 2158 2512 meson

1215 2550 1264 2576 est
1285 2550 1316 2576 et
1335 2555 1577 2587 synemmenon,
1605 2549 1637 2576 et
1653 2543 1781 2586 ultima,
1807 2555 1889 2589 quae
1906 2542 2156 2587 diezeugmenon

1213 2611 1245 2638 et
1267 2605 1510 2651 hyperbolaeon.
1517 2620 1529 2634 a
