2310 2860
774 171 974 212 Martiani
1006 170 1204 226 Capellae
1235 171 1304 211 lib.
1338 171 1387 211 V.
1429 173 1459 221 ᾗ.
1484 171 1586 212 524.
2091 175 2176 215 431

231 280 356 330 Quae
390 279 549 320 auxilia
579 278 700 320 nobis
731 288 876 334 parata
908 277 1062 319 erunt?
1106 278 1213 327 Quis
1246 277 1344 327 erit,
1386 277 1459 331 qui
1495 278 1723 318 subvenire
1753 278 1875 329 velit,
1921 293 2056 334 quum
2092 290 2178 321 tam

228 362 378 402 acerbe
412 362 544 402 socios
575 360 955 402 tractave1·imus‘?“
1018 358 1256 413 Diatyposis
1287 366 1347 398 est
1374 356 1595 413 descriptio
1634 360 1698 400 vel
1730 360 2000 411 deformatio,
2033 375 2174 415 quum

226 440 356 481 rebus
389 441 666 497 personisque
696 439 894 493 subjectis
927 447 966 479 et
996 438 1156 479 formas
1188 436 1296 491 ipsas
1329 446 1367 478 et
1397 438 1566 479 habitus
1600 440 1900 494 exprimimus,
1933 450 1979 481 ut
2008 441 2179 481 Tullius

228 535 304 575 pro
335 520 515 561 Milone:
547 521 606 571 „si
636 519 741 560 haec
771 534 855 560 non
881 528 993 574 gesta
1026 517 1238 568 audiretis,
1269 517 1377 559 sacta
1414 518 1630 570 videretis,
1663 529 1702 560 et
1731 521 1933 561 Milonem
1971 523 2011 562 in
2044 522 2179 563 rheda

226 600 443 642 sedentem
488 600 738 656 penulatum
779 613 877 640 eum
912 613 1071 649 uxore;
1117 599 1217 640 item
1265 598 1462 641 Clodium
1508 616 1604 641 eum
1645 616 1756 656 equo
1796 612 1835 643 et
1871 603 2038 643 delectis
2080 603 2180 644 villa

228 682 510 738 egredientem
543 692 617 723 etc.
663 682 911 736 Antisagoge
941 681 1150 722 contraria
1181 680 1382 722 inductio.
1426 682 1541 722 Haec
1575 681 1708 736 ligura
1734 691 1814 733 est,
1846 697 1985 737 quum
2020 683 2179 737 aliquid

227 764 397 806 difficile
433 774 512 816 est,
555 774 594 805 et
628 764 888 805 contrarium
930 763 1211 814 conferimus,
1250 773 1297 804 ut
1331 763 1479 804 Cicero
1519 763 1571 804 de
1606 778 1702 817 rege
1733 764 1994 804 Ptolemaeo:
2029 763 2182 814 „Diffi-

230 844 316 885 cilis
346 845 455 886 ratio
485 845 583 885 belli
613 843 807 900 gerendi,
855 853 893 885 at
924 843 1048 899 plena
1073 832 1195 894 ‘fidei‚
1226 845 1352 901 plena
1382 844 1585 900 pietatis.“
1643 845 1894 900 Diasyrmos
1922 854 1981 885 est
2006 845 2183 887 elevatio

231 926 298 966 vel
332 927 567 983 impressio.
636 927 685 967 In
722 927 804 967 hae
840 926 976 981 figura
1006 926 1227 968 laudantes
1263 940 1375 981 quae
1417 924 1618 965 dicuntur
1657 924 1710 964 ab
1751 924 2005 965 adversariis
2036 924 2183 965 dissol-

230 1009 392 1059 vimus3
438 1009 575 1063 qualis
617 1019 677 1050 est
714 1009 756 1049 in
796 1008 1050 1049 Mureniana
1087 1017 1197 1048 totus
1236 1006 1305 1046 ille
1343 1007 1386 1047 in
1417 1006 1655 1063 Sulpicium
1694 1006 1812 1046 locus
1843 1006 1897 1047 de
1930 1006 2025 1061 jure
2056 1005 2182 1046 civili.

229 1088 460 1128 Metastasis
500 1099 559 1129 est
598 1089 844 1130 transmoti0
883 1089 1120 1143 quaedam,
1169 1088 1253 1128 hoc
1292 1097 1351 1129 est
1399 1103 1537 1143 quum
1575 1103 1667 1129 rem
1709 1102 1733 1128 a
1776 1087 1897 1128 nobis
1939 1089 2020 1129 alio
2052 1098 2189 1129 trans-

231 1182 479 1218 movemus,
529 1168 601 1209 sed
648 1183 733 1209 non
779 1169 835 1208 ita
872 1177 920 1207 ut
962 1168 1022 1208 ibi
1060 1177 1190 1209 totam
1233 1184 1408 1211 causam
1448 1170 1774 1221 constituamus,
1827 1170 2015 1225 alioquin
2060 1178 2189 1209 status

230 1249 374 1305 incipit
406 1265 517 1301 esse,
559 1265 644 1291 non
677 1250 826 1306 figura.

300 1353 331 1383 si
354 1352 432 1383 haec
456 1351 539 1397 non]
566 1354 655 1394 Lege
679 1366 720 1385 ex
743 1355 900 1387 Cicerone
925 1360 957 1387 et
978 1354 1114 1398 Aquila:
1138 1356 1186 1387 nsi

232 1414 309 1444 haec
330 1425 395 1444 non
418 1419 506 1454 gesta
528 1414 679 1445 audiretis
699 1415 756 1446 sed
776 1416 860 1458 picta
883 1416 1050 1454 videretisg
1077 1422 1110 1446 et
1132 1416 1185 1447 de-

233 1477 348 1507 format
370 1477 541 1508 Milonem«
567 1482 627 1508 eet.
643 1477 805 1509 Gmm—
827 1478 865 1510 Si
889 1479 1056 1510 Ciceronis
1081 1479 1187 1510 locum

234 1541 273 1582 (c.
297 1540 359 1582 20)
383 1540 573 1580 contuleris,
599 1541 697 1571 multa
725 1547 809 1573 certe
832 1542 978 1573 turbasse
996 1542 1187 1573 Martianum

233 1602 373 1642 videbis,
414 1614 452 1634 eo
487 1608 593 1635 tamen
626 1604 775 1636 audaciae
811 1605 983 1648 procedere
1013 1605 1118 1645 nolui,
1154 1611 1189 1635 ut

232 1663 372 1696 omnium
390 1664 535 1696 codicum
555 1664 725 1696 lectionem
748 1666 787 1696 ad
807 1665 946 1709 Aquilae
967 1666 1188 1697 auctoritatem

233 1726 447 1767 immutarem,
469 1738 563 1770 quem
584 1726 660 1758 licet
682 1732 754 1758 ante
773 1727 885 1759 oculos
906 1732 1017 1758 noster
1032 1726 1190 1768 habuerit,

234 1795 340 1822 tamen
367 1802 434 1821 non
457 1789 501 1821 ita
526 1802 637 1834 presse
666 1803 792 1835 semper
821 1791 913 1835 sequi
937 1791 1079 1823 voluisse
1102 1791 1189 1823 vide-

235 1857 295 1883 tur.
325 1851 364 1883 ld
389 1856 512 1883 tantum
533 1851 673 1896 Aquilae
699 1852 812 1892 tribui,
839 1865 879 1883 ne
903 1864 920 1883 e
943 1853 1052 1885 codiee
1077 1854 1188 1885 Mona-

236 1912 325 1944 censi
347 1912 416 1956 (C)
435 1913 610 1956 reciperem
635 1915 742 1945 electis
768 1925 825 1957 pro
849 1915 994 1953 delectis5
1025 1915 1108 1957 apud
1136 1914 1191 1947 Ci-

237 1986 386 2007 ceronem
413 1975 497 2007 enim
524 1976 602 2007 nihil
629 1976 797 2020 praesidii,
831 1976 923 2018 eujus
951 1982 1085 2020 uterque
1117 1989 1191 2009 con-

236 2038 333 2070 traxit
355 2039 467 2070 verba:
490 2039 667 2071 »neminem
687 2039 749 2071 nisi
769 2045 804 2071 ut
826 2039 928 2072 virum
944 2052 962 2072 a
983 2040 1050 2073 viro
1074 2041 1193 2073 lectum

237 2114 309 2135 esse
332 2102 484 2134 diceres«

317 2162 519 2209 antisagoge]
542 2163 722 2196 Obscurior
735 2164 837 2197 factus
855 2171 904 2197 est
916 2165 1103 2207 Martianus,
1120 2166 1194 2199 dum

238 2227 377 2272 Aquilae
402 2228 498 2260 verba
521 2229 694 2269 contraxit,
720 2241 801 2272 quae
827 2230 905 2261 haee
931 2236 1021 2261 sunt:
1045 2230 1194 2262 »Antisa-

240 2299 322 2331 goge
351 2290 579 2333 compensatio.
614 2289 676 2321 Est
697 2296 802 2321 autem
828 2291 1030 2333 hujusmodi,
1062 2292 1116 2324 ubi
1140 2292 1193 2323 ali-

241 2349 317 2394 quid
352 2349 476 2382 difficile
512 2356 544 2382 et
569 2351 762 2384 contrarium
791 2352 1008 2386 confitendum
1033 2360 1098 2395 est,
1138 2353 1197 2386 sed

242 2419 354 2445 contra
377 2413 542 2444 inducitur
563 2426 629 2446 non
648 2415 751 2446 minus
773 2416 923 2448 firmum«

318 2472 518 2518 Ptolemaeo]
544 2474 619 2506 Hoc
647 2476 828 2520 exemplum
856 2477 940 2509 inter
964 2490 1002 2510 ea
1024 2479 1199 2521 fragmenta

246 2548 327 2581 quae
352 2548 393 2568 ex
424 2536 567 2568 oratione
600 2537 639 2568 de
666 2550 741 2581 rege
771 2539 994 2574 Alexandrino
1026 2541 1201 2588 publicavit

248 2600 353 2643 Majus
386 2599 532 2644 (mediol.
553 2599 662 2644 1817)
687 2613 752 2634 non
774 2609 888 2636 exstat.

1314 1355 1502 1401 diasyrmos]
1520 1356 1731 1388 Ruhnkenius
1752 1356 1804 1401 (ad
1821 1355 1974 1400 Aquilam
1988 1369 2017 1400 p.
2037 1355 2120 1398 153)
2136 1356 2189 1387 mi-

1237 1423 1326 1449 ratur
1351 1419 1515 1457 Grotimn,
1544 1418 1600 1461 qui
1618 1430 1682 1448 non
1704 1430 1744 1449 ex
1762 1418 1883 1461 Aquila
1903 1418 2090 1450 eorrexerit:
2111 1417 2190 1448 „ele-

1239 1480 1323 1510 vatio
1350 1479 1401 1510 vel
1433 1480 1540 1510 irrisio
1569 1491 1607 1510 ea
1636 1480 1735 1520 figura
1761 1485 1825 1518 est,
1855 1492 1916 1522 qua
1942 1480 2087 1510 ludentes
2111 1490 2192 1521 quae

1239 1541 1388 1571 dicuntur
1406 1541 1444 1571 ab
1465 1540 1653 1571 adversariis
1675 1541 1916 1580 dissolvimus«,
1941 1541 1997 1571 sed
2019 1552 2110 1571 suum
2128 1539 2191 1570 cui-

1241 1614 1301 1645 que
1335 1614 1460 1633 servare
1497 1602 1611 1641 malui,
1645 1601 1783 1632 indicato
1819 1607 1938 1632 tantum
1972 1603 2076 1641 sonte,
2109 1601 2193 1632 unde

1241 1665 1365 1696 saniora
1391 1671 1500 1708 petere
1529 1665 1632 1697 liceat.
1672 1665 1780 1696 Unum
1806 1665 1886 1696 illud
1914 1665 1992 1705 feci,
2024 1670 2060 1695 ut
2083 1677 2194 1696 vocem

1238 1727 1346 1771 fiqura
1368 1726 1541 1757 insererem
1565 1732 1641 1770 post
1662 1728 1696 1757 in
1713 1727 1791 1765 hac,
1826 1738 1908 1770 quae
1935 1739 2031 1770 quum
2053 1726 2085 1756 in
2108 1732 2193 1757 ante-

1240 1790 1379 1822 rioribus
1405 1790 1598 1822 editionibus
1627 1796 1748 1831 exstet,
1780 1803 1798 1822 a
1826 1789 1941 1822 Grotio
1963 1801 2020 1833 per
2044 1789 2196 1821 incuriam

1242 1853 1360 1885 omissa
1388 1864 1459 1883 esse
1485 1852 1619 1884 videtur.
1655 1853 1807 1885 Ceterum
1835 1864 1930 1896 quem
1955 1852 2062 1884 locum
2084 1863 2102 1883 e
2125 1851 2196 1884 Mu-

1241 1915 1371 1947 reniana
1397 1914 1506 1945 laudat
1525 1914 1574 1945 vel
1591 1913 1713 1959 Aquila
1737 1915 1788 1947 vel
1812 1920 1937 1956 noster,
1960 1913 2035 1947 inde
2060 1925 2077 1946 a
2095 1913 2197 1958 capite

1243 1976 1411 2008 undecimo
1432 1976 1556 2017 legitur.

1316 2039 1510 2084 metastasis]
1530 2040 1650 2084 Aquila
1667 2041 1708 2084 (p.
1729 2040 1828 2084 155):
1849 2039 2067 2079 »1t1etastasin,
2093 2044 2196 2071 trans-

1243 2105 1432 2142 motionem,
1463 2104 1591 2147 quidam
1618 2105 1701 2136 inter
1730 2105 1847 2145 figuras
1877 2104 2066 2145 nominavit,
2100 2114 2196 2146 quum

1243 2177 1311 2198 rem
1329 2178 1347 2197 a
1364 2165 1458 2197 nobis
1478 2166 1540 2197 alio
1562 2172 1832 2207 transmovemus,
1858 2178 1923 2197 non
1944 2167 1987 2197 ita
2006 2172 2041 2197 ut
2059 2165 2103 2196 ibi
2125 2176 2195 2196 cau-

1245 2240 1312 2259 sam
1328 2228 1576 2268 eonstituamus3
1603 2227 1744 2271 alioquin
1757 2227 1823 2269 jam
1843 2228 1943 2269 figura
1963 2239 2029 2259 non
2049 2226 2118 2265 erit,
2140 2225 2196 2255 sed

1247 2291 1371 2335 speeies
1402 2292 1557 2334 quaedam
1583 2291 1652 2333 ejus
1680 2296 1798 2331 status,
1833 2303 1926 2334 quem
1955 2289 2115 2333 qualitatis
2144 2295 2198 2318 aut

1248 2367 1290 2387 ex
1307 2354 1464 2387 accidenti
1487 2355 1649 2399 appellant
1669 2355 1843 2387 secundum
1864 2354 2122 2393 Hermagoram.«
2148 2351 2198 2382 De

1249 2420 1311 2451 hoe
1334 2423 1418 2450 statu
1443 2418 1515 2450 vide
1542 2431 1637 2462 supra
1665 2419 1718 2463 (ad
1746 2417 1774 2462 ξ.
1792 2417 1887 2460 446).
1930 2416 2081 2447 Ceterum
2104 2427 2198 2459 appa·

1250 2484 1300 2512 ret
1320 2485 1406 2512 reete
1428 2492 1488 2511 nos
1506 2492 1523 2512 e
1538 2479 1795 2512 Reiehenauensi
1815 2477 1924 2510 codiee
1945 2476 2122 2507 restituisse
2139 2489 2200 2508 me—

1251 2545 1382 2577 tastasis
1405 2555 1464 2588 pro
1487 2555 1526 2575 eo
1550 2544 1638 2588 quod
1660 2543 1693 2574 in
1714 2541 1806 2573 editis
1825 2545 1892 2571 crat
1912 2540 2114 2580 metathesis-,-
2136 2551 2199 2571 ser-

1252 2607 1387 2641 vandam
1410 2612 1515 2639 autem
1534 2607 1634 2639 fuisse
1651 2605 1819 2637 lectionem
1838 2605 2038 2643 transmotio,
2058 2616 2116 2649 pro
2140 2616 2201 2647 qua

1710 2666 1756 2696 57
1779 2662 1802 2688 ss

2214 842 2301 884 525
