2310 2860
49 749 139 792 659

172 164 266 207 558
713 157 912 200 Martiani
951 155 1152 211 Capellae
1189 154 1263 196 lib.
1285 154 1362 196 VI.
1400 157 1430 207 §.
1455 155 1553 196 658.

171 273 218 312 in
259 282 345 325 quo
380 265 632 308 terminatur
666 263 865 318 Europae
895 263 1012 303 sinus
1045 261 1190 302 tertius
1221 269 1262 302 et
1289 260 1415 303 Asiae
1445 262 1637 318 Aegeum
1668 264 1711 305 in
1748 278 1834 319 quo
1866 265 2127 320 Cynossema

176 351 329 391 dicitur
371 346 488 387 locus
528 344 731 386 Hecubae
771 343 967 399 sepulcro
1012 343 1263 384 tumulatus.
1335 344 1384 385 In
1425 343 1606 386 confinio
1652 346 1790 387 insula
1829 347 2048 400 Tenedos,
2103 366 2126 392 a

177 443 266 485 qua
301 442 440 482 usque
485 426 528 467 in
568 426 724 467 Chium
771 424 964 466 diffusior
1002 425 1117 466 sinus
1155 412 1391 480 interjacet3
1446 427 1565 481 cujus
1610 427 1825 470 dexterior
1865 428 2125 481 Antandros,

175 509 381 564 exiguitas
421 507 658 549 insula-rum
702 506 889 561 denique
929 507 1225 562 navigantibus
1265 522 1417 564 caprae
1455 509 1730 551 similitudine
1760 511 2028 567 divulgatur,
2074 512 2126 553 ab

175 604 313 645 eaque
359 589 577 643 Aegaeum
616 585 788 645 pelagus
819 589 1082 644 appellatum
1134 587 1208 630 sed
1246 589 1290 630 in
1335 589 1549 645 Corcyrae
1594 591 1790 633 Phalario
1836 591 2128 647 promontorio

174 668 355 723 effigiem
395 668 517 709 navis
556 667 755 724 scopulus
800 668 1012 719 imitatur,
1071 668 1116 710 in
1165 683 1296 724 quem
1335 670 1491 725 Ulyxis
1529 671 1675 713 navim
1721 687 1889 713 versam
1932 672 2128 715 sabulosa

172 749 376 791 confinxit
403 749 641 804 antiquitas.
671 750 785 792 Nam
813 750 938 792 Creta
960 759 1129 791 centum
1154 751 1334 791 urbibus
1364 750 1565 806 opulenta
1596 752 1638 792 in
1667 762 1809 794 ortum
1837 768 2126 809 occasumque

172 831 421 887 porrigitur,
465 831 535 871 cui
577 845 733 871 nomen
775 845 903 872 suum
941 830 1185 886 Hesperidis
1224 830 1310 872 filia
1354 831 1663 887 Nyn'ipharum
1695 833 1878 888 pulchra
1909 834 2125 883 concessit,

172 920 245 951 aut
271 910 479 951 Curetum
510 925 588 952 rex
619 910 783 963 Cretas,
815 926 838 952 a
869 925 955 965 quo
989 911 1115 952 Creta
1146 911 1304 967 primo,
1337 928 1438 954 mox
1470 913 1636 954 Curetis
1666 923 1936 970 nuncupata3
1973 914 2124 956 deinde

170 999 343 1046 propter
384 991 487 1032 coeli
528 991 779 1046 temperiem
823 992 1120 1033 Maearonesos

241 1085 405 1131 Aeqeurtt]
437 1087 525 1128 Lege
553 1086 683 1130 Siyeum
713 1099 754 1119 ex
783 1087 914 1128 Selino,
950 1100 1045 1131 quem
1067 1088 1119 1120 hic

169 1159 298 1193 quoque
324 1149 438 1180 misere
462 1154 572 1179 noster
595 1148 764 1180 mutilavit:
794 1149 937 1181 »Deinde
962 1150 1120 1182 contraria

167 1214 251 1245 inter
278 1225 312 1245 se
333 1214 568 1257 promontoria,
597 1214 751 1246 Mastusia
771 1214 983 1256 Chersonesi,
1013 1216 1066 1247 ubi
1082 1215 1117 1247 fi-

166 1275 253 1307 nitur
274 1275 423 1319 Europae
449 1275 537 1306 sinus
555 1275 682 1314 tertius,
706 1275 838 1317 Sigeum
853 1276 962 1316 Asiae,
992 1277 1025 1308 in
1050 1289 1115 1320 quo

163 1338 305 1370 tumulus
324 1344 372 1369 est
387 1338 585 1380 Cynossema
600 1338 713 1377 dictus,
739 1340 892 1371 Hecubae
906 1340 1117 1382 sepulerumu3

162 1402 220 1433 ubi
243 1400 387 1433 videatur
416 1400 593 1432 Salmasius
625 1401 667 1445 (p.
688 1402 784 1445 587).
824 1403 890 1434 Pro
922 1403 1116 1445 Cynossema

162 1463 290 1496 codices
303 1463 514 1496 Monacenses
530 1461 583 1506 (Α.
599 1462 640 1505 C)
659 1468 691 1494 et
709 1464 982 1496 Reielienauensis
1004 1464 1115 1496 itidem

163 1530 312 1569 corrupte
336 1524 490 1568 praebent
517 1524 713 1564 Cimase‘ma,
737 1525 811 1557 libri
836 1527 1116 1569 Norimbergensis

162 1597 271 1628 margo
296 1586 430 1628 Cysena.

239 1646 395 1692 Tenedos]
417 1647 505 1689 Lege
533 1649 645 1680 Tenos.
671 1648 793 1680 Confer
813 1661 884 1681 cum
901 1649 1009 1681 Plinio
1030 1649 1114 1681 aliis-

152 1722 237 1753 ·que.
262 1709 427 1743 Gno'r.-—
463 1710 550 1743 Male
572 1711 645 1742 libri
673 1711 772 1743 Plinii
803 1712 903 1744 »inter
929 1714 1053 1744 Tenum
1083 1718 1118 1745 et

157 1773 296 1805 Chium«
325 1772 446 1814 legunt.
497 1773 661 1804 Tenedum
696 1785 802 1805 veram
835 1787 905 1806 esse
945 1775 1116 1806 lectionem

160 1835 295 1867 Solinus
326 1836 436 1875 docet,
470 1841 502 1867 et
536 1835 728 1876 Martianus,
767 1836 822 1880 qui
852 1837 885 1868 in
922 1838 981 1868 hae
1008 1843 1114 1880 parte,

162 1909 226 1941 qua
248 1898 395 1930 Solinum
413 1899 587 1943 expressit,
613 1899 710 1940 vulgo
728 1898 1038 1931 inemendatissimus
1055 1900 1114 1932 eir-

163 1959 351 1998 eumfertur,
379 1966 411 1991 et
431 1960 476 1992 sie
499 1965 535 1991 ut
552 1960 674 1991 mendis
697 1960 852 1992 liberetur
872 1961 1026 2002 legendus
1052 1966 1115 1993 est:

171 2020 223 2051 nin
247 2019 383 2051 confinio
404 2020 508 2051 insula
524 2021 689 2060 Tenedos,
712 2033 729 2051 a
748 2033 809 2064 qua
828 2034 928 2066 usque
945 2023 977 2053 iu
998 2023 1115 2055 Chium

165 2082 312 2114 diffusior
341 2082 429 2114 sinus
458 2083 641 2124 interjacet,
678 2084 768 2124 cujus
799 2098 816 2116 a
848 2086 978 2118 dextera
1003 2098 1116 2119 versus

165 2144 358 2177 Antandron
388 2143 503 2185 exigua
528 2149 577 2174 est
600 2143 704 2175 insula
727 2144 800 2177 Aex
826 2147 969 2187 nomine,
995 2160 1076 2190 quae
1098 2160 1116 2180 a

163 2207 388 2250 navigantibus
404 2218 516 2250 caprae
535 2206 739 2239 similitudine
756 2209 944 2251 divulgatur,
963 2211 1001 2242 ab
1016 2223 1116 2254 eaque

165 2270 312 2310 Aegeum
333 2268 466 2312 pelagus
487 2267 692 2311 appellatur-,u
720 2269 861 2303 SALuAs.
880 2272 937 2315 (ad
958 2260 1063 2306 Solin.
1084 2285 1115 2317 p.

169 2331 264 2374 168).
289 2331 437 2364 martiani
460 2342 563 2371 error,
595 2343 659 2374 quo
680 2330 881 2364 Antandrum
903 2335 1003 2377 ipsam
1029 2336 1114 2367 insu-

166 2395 231 2427 lam
255 2394 316 2425 sibi
344 2394 448 2434 tinxit,
481 2406 520 2425 ex
544 2394 748 2435 ambiguitate
777 2395 881 2427 Solini
909 2399 1115 2441 explicandus

169 2464 234 2498 est,
257 2457 348 2499 cnjus
367 2457 463 2489 verba
483 2459 562 2490 baec
586 2463 659 2489 sunt
676 2458 715 2501 (c.
730 2459 803 2500 11)=
830 2460 934 2491 „Inter
950 2462 1115 2494 Tenedum

170 2525 204 2551 et
222 2519 354 2559 Chium,
377 2531 439 2562 qua
459 2518 610 2560 Aegaeus
630 2520 719 2551 sinus
742 2521 905 2563 panditur,
929 2523 968 2554 ab
986 2524 1115 2556 dextera

173 2581 377 2613 Antandrum
403 2582 630 2625 nam‘qantt'bns
661 2592 772 2614 saxum
805 2587 855 2614 est
878 2601 924 2608 --
946 2584 1007 2616 boc
1033 2585 1114 2617 enim

1165 1002 1224 1033 est
1268 994 1488 1049 appellata.
1563 995 1680 1035 Haec
1724 995 1767 1035 in
1816 994 2121 1050 longitudinem

1169 1090 1276 1121 verius
1301 1102 1395 1133 quam
1422 1090 1527 1121 insula
1552 1090 1668 1121 meruit
1691 1090 1908 1131 cognominari
1925 1108 1972 1113 ———
1990 1089 2023 1121 id
2045 1101 2124 1132 quo·

1169 1152 1254 1184 niam
1268 1152 1444 1184 visentibus
1459 1153 1571 1197 procul
1595 1165 1707 1196 caprae
1731 1153 1833 1184 simile
1853 1152 2006 1193 creditur,
2027 1164 2122 1196 quam

1171 1214 1287 1247 Graeci
1308 1210 1400 1260 αἶγα
1417 1220 1617 1258 nuncupant,
1641 1214 1790 1256 Aegaeus
1808 1214 1896 1245 sinus
1915 1214 2018 1245 dictus
2036 1219 2114 1246 estu*

1171 1278 1297 1310 Clarior
1319 1278 1428 1322 utique
1451 1278 1577 1309 Plinius
1600 1278 1652 1321 (4,
1681 1279 1720 1308 11
1735 1301 1744 1317 ,
1773 1278 1846 1319 18)=
1871 1276 2020 1319 »Aegaeo
2043 1276 2122 1308 mari

1168 1351 1285 1370 nomen
1314 1339 1400 1370 dedit
1425 1339 1576 1382 scopulus
1604 1338 1687 1369 inter
1710 1339 1835 1370 Tenum
1865 1344 1896 1370 et
1926 1338 2043 1370 Chium
2070 1350 2122 1370 ve-

1168 1400 1235 1431 rius
1269 1413 1364 1444 quam
1392 1401 1514 1440 insula,
1547 1401 1622 1431 Aex
1653 1400 1782 1431 nomine
1816 1413 1833 1431 a
1865 1400 1971 1444 specie
2008 1412 2121 1444 caprae

1168 1474 1250 1506 quae
1274 1462 1317 1494 ita
1340 1462 1474 1494 Graecis
1494 1462 1687 1506 appellatur,
1716 1467 1848 1505 repente
1875 1474 1892 1494 e
1911 1462 2018 1494 medio
2042 1462 2121 1493 mari

1167 1523 1348 1556 exsiliens.‹«
1376 1525 1427 1555 De
1444 1536 1478 1555 re
1495 1523 1575 1554 adde
1590 1523 1782 1555 Strabonem
1796 1524 1869 1567 (15,
1889 1536 1920 1567 p.
1931 1525 2004 1555 615
2020 1523 2120 1566 Cas).

1239 1586 1414 1632 exiguitas]
1438 1587 1536 1619 Forte
1558 1587 1796 1630 nexiguitasque
1814 1587 2019 1618 insularum«
2054 1587 2118 1630 Cy-

1167 1647 1274 1679 cladas
1288 1647 1401 1679 innuit.
1410 1648 1514 1680 Gnor.
1525 1648 1778 1681 —lllunelterus
1795 1648 2028 1679 emendandum
2045 1659 2117 1680 cen-

1166 1714 1217 1741 set
1237 1708 1291 1752 (ad
1312 1709 1432 1752 Hygin.
1451 1710 1514 1740 sab.
1530 1710 1595 1750 45,
1622 1721 1652 1753 p.
1667 1710 1728 1751 92)
1748 1709 1998 1751 »exiguissima«
2031 1709 2118 1753 Ope-

1165 1772 1320 1804 rosiorem
1335 1772 1588 1804 emendationem
1605 1772 1755 1805 Salmasii
1770 1773 1802 1804 in
1824 1779 1897 1804 nota
1916 1773 2118 1816 praecedenti

1165 1835 1292 1876 legeris.
1320 1819 1448 1867 *Nonne
1475 1842 1580 1868 autem
1602 1842 1712 1868 noster
1737 1848 1797 1880 pro
1822 1836 1979 1878 adjectivo
2007 1848 2117 1880 saepe·

1165 1908 1297 1929 numero
1325 1897 1517 1929 substantivi
1541 1897 1741 1941 appositione
1766 1897 1886 1929 utitur?
1911 1897 2118 1943 Quapropter

1163 1960 1242 1992 nibil
1266 1959 1490 2001 corrigendum
1513 1972 1584 1993 esse
1611 1961 1779 1992 arbitratus
1804 1972 1884 1992 sum.

1240 2019 1440 2068 antiquitas]
1475 2021 1525 2054 Ita
1558 2021 1686 2054 codices
1721 2022 1936 2057 Monacenses
1970 2020 2030 2065 (Α.
2051 2021 2115 2063 C),

1164 2082 1446 2122 Darmstattensis‚
1484 2088 1517 2114 et
1549 2082 1742 2123 Gratianus,
1775 2094 1942 2127 perperam
1963 2082 1998 2113 in
2021 2081 2115 2113 editis

1165 2147 1351 2178 auctoritas.
1376 2144 1509 2177 Solinus
1532 2145 1609 2189 (11)
1623 2157 1727 2189 neque
1742 2147 1803 2176 hoe
1820 2155 1925 2187 neque
1941 2143 2032 2184 illud,
2058 2145 2115 2176 sed

1165 2215 1287 2241 tantum
1317 2209 1522 2240 crediderunt
1551 2208 1687 2251 scripsit.
1723 2207 1982 2239 Promontorium
2010 2207 2115 2251 ipsum

1168 2272 1285 2305 Strabo
1311 2271 1360 2315 (7,
1392 2284 1421 2315 p.
1440 2271 1546 2315 524),
1576 2271 1701 2302 Plinius
1721 2271 1775 2314 (4,
1805 2271 1868 2311 12,
1901 2270 1976 2314 19),
2005 2271 2113 2303 Ptole-

1167 2346 1288 2374 maeus,
1312 2334 1364 2365 alii
1380 2335 1576 2366 Phalacrum
1594 2334 1701 2377 potius
1724 2334 1901 2378 appellant,
1933 2339 2043 2367 noster
2062 2334 2113 2367 bic

1167 2411 1294 2444 quoque
1315 2398 1464 2431 Solinum
1486 2398 1640 2441 sequitur.

1235 2457 1484 2503 Mam-anesus]
1520 2459 1568 2489 lta
1595 2465 1627 2489 et
1658 2457 1817 2498 Isidorus,
1853 2463 1886 2490 et
1911 2457 1965 2490 alii
1986 2469 2112 2490 omnes:

1165 2520 1198 2552 in
1222 2520 1320 2552 Plinii
1349 2526 1453 2552 tamen
1481 2519 1642 2552 codicibus
1669 2519 1780 2551 inutile
1806 2520 1964 2552 Macaron
1987 2519 2110 2561 legitur.

1167 2583 1327 2617 GuoT.-
1353 2583 1475 2616 Confer
1498 2583 1625 2616 omuino
1647 2582 1822 2616 Mem-sium
1843 2583 1889 2626 (in
1908 2583 2006 2615 Creta
2022 2594 2048 2615 c.
2064 2582 2109 2623 2).
