<?xml version="1.0" encoding="UTF-8"?>
<!DOCTYPE html PUBLIC "-//W3C//DTD XHTML 1.0 Transitional//EN"
    "http://www.w3.org/TR/xhtml1/DTD/xhtml1-transitional.dtd">
<html xmlns="http://www.w3.org/1999/xhtml" xml:lang="en" lang="en">
 <head>
  <title>
</title>
<meta http-equiv="Content-Type" content="text/html;charset=utf-8" />
  <meta name='ocr-system' content='tesseract 3.04.00' />
  <meta name='ocr-capabilities' content='ocr_page ocr_carea ocr_par ocr_line ocrx_word'/>
</head>
<body>
  <div class='ocr_page' id='page_1' title='image "./denuptiisphilolo00martuoft/denuptiisphilolo00martuoft_0043.png"; bbox 0 0 2310 2860; ppageno 0'>
   <div class='ocr_carea' id='block_1_1' title="bbox 700 125 2059 183">
    <p class='ocr_par' dir='ltr' id='par_1_1' title="bbox 700 125 2059 183">
     <span class='ocr_line' id='line_1_1' title="bbox 700 125 2059 183; baseline 0.008 -16"><span class='ocrx_word' id='word_1_1' title='bbox 700 125 900 167; x_wconf 80' lang='lat' dir='ltr'>Martiani</span> <span class='ocrx_word' id='word_1_2' title='bbox 938 125 1136 183; x_wconf 79' lang='lat' dir='ltr'>Capellae</span> <span class='ocrx_word' id='word_1_3' title='bbox 1176 126 1246 169; x_wconf 81' lang='lat' dir='ltr'>lib.</span> <span class='ocrx_word' id='word_1_4' title='bbox 1273 127 1303 168; x_wconf 93' lang='grc' dir='ltr'>Ι.</span> <span class='ocrx_word' id='word_1_5' title='bbox 1346 127 1437 179; x_wconf 71' lang='lat'>§.2</span> <span class='ocrx_word' id='word_1_6' title='bbox 2002 136 2059 179; x_wconf 82' lang='lat'>15</span> 
     </span>
    </p>
   </div>
   <div class='ocr_carea' id='block_1_2' title="bbox 101 234 2060 301">
    <p class='ocr_par' dir='ltr' id='par_1_2' title="bbox 101 234 2060 301">
     <span class='ocr_line' id='line_1_2' title="bbox 101 234 2060 301; baseline 0.007 -25"><span class='ocrx_word' id='word_1_7' title='bbox 101 235 303 290; x_wconf 86' lang='lat' dir='ltr'>inquiris,</span> <span class='ocrx_word' id='word_1_8' title='bbox 333 234 535 275; x_wconf 81' lang='lat' dir='ltr'>fabellam</span> <span class='ocrx_word' id='word_1_9' title='bbox 558 234 653 284; x_wconf 89' lang='lat' dir='ltr'>tibi,</span> <span class='ocrx_word' id='word_1_10' title='bbox 686 248 820 289; x_wconf 83' lang='lat' dir='ltr'>quam</span> <span class='ocrx_word' id='word_1_11' title='bbox 845 234 947 274; x_wconf 86' lang='lat' dir='ltr'>olim</span> <span class='ocrx_word' id='word_1_12' title='bbox 973 235 1125 276; x_wconf 83' lang='lat' dir='ltr'>Satura</span> <span class='ocrx_word' id='word_1_13' title='bbox 1150 237 1472 280; x_wconf 83' lang='lat' dir='ltr'>connniniscens</span> <span class='ocrx_word' id='word_1_14' title='bbox 1498 240 1671 284; x_wconf 82' lang='lat' dir='ltr'>hiemali</span> <span class='ocrx_word' id='word_1_15' title='bbox 1699 246 1918 301; x_wconf 82' lang='lat' dir='ltr'>pervigilio</span> <span class='ocrx_word' id='word_1_16' title='bbox 1943 262 2060 289; x_wconf 85' lang='lat' dir='ltr'>mar-</span> 
     </span>
    </p>
   </div>
   <div class='ocr_carea' id='block_1_3' title="bbox 69 314 1838 379">
    <p class='ocr_par' dir='ltr' id='par_1_3' title="bbox 69 314 1838 379">
     <span class='ocr_line' id='line_1_3' title="bbox 69 314 1838 379; baseline 0.007 -23"><span class='ocrx_word' id='word_1_17' title='bbox 69 353 74 357; x_wconf 75' lang='lat'><em>.</em></span> <span class='ocrx_word' id='word_1_18' title='bbox 102 325 309 356; x_wconf 83' lang='lat' dir='ltr'>cescentes</span> <span class='ocrx_word' id='word_1_19' title='bbox 339 330 513 356; x_wconf 85' lang='lat' dir='ltr'>mecum</span> <span class='ocrx_word' id='word_1_20' title='bbox 542 315 738 355; x_wconf 77' lang='lat' dir='ltr'>lucernas</span> <span class='ocrx_word' id='word_1_21' title='bbox 767 314 955 366; x_wconf 83' lang='lat' dir='ltr'><strong>edocuit,</strong></span> <span class='ocrx_word' id='word_1_22' title='bbox 992 315 1034 354; x_wconf 91' lang='lat' dir='ltr'>ni</span> <span class='ocrx_word' id='word_1_23' title='bbox 1062 314 1278 370; x_wconf 79' lang='lat' dir='ltr'>prolixitas</span> <span class='ocrx_word' id='word_1_24' title='bbox 1312 320 1558 373; x_wconf 82' lang='lat' dir='ltr'>perculerit,</span> <span class='ocrx_word' id='word_1_25' title='bbox 1604 324 1838 379; x_wconf 80' lang='lat' dir='ltr'><strong>explicabo.</strong></span> 
     </span>
    </p>
   </div>
   <div class='ocr_carea' id='block_1_4' title="bbox 89 420 1052 2601">
    <p class='ocr_par' dir='ltr' id='par_1_4' title="bbox 99 420 1052 655">
     <span class='ocr_line' id='line_1_4' title="bbox 99 420 1050 466; baseline 0 -13"><span class='ocrx_word' id='word_1_26' title='bbox 99 427 316 466; x_wconf 81' lang='lat' dir='ltr'>perscrutator</span> <span class='ocrx_word' id='word_1_27' title='bbox 328 421 478 465; x_wconf 86' lang='lat' dir='ltr'>inquiris,</span> <span class='ocrx_word' id='word_1_28' title='bbox 495 420 542 465; x_wconf 91' lang='lat' dir='ltr'>(e)</span> <span class='ocrx_word' id='word_1_29' title='bbox 561 422 652 464; x_wconf 85' lang='lat' dir='ltr'>cujus</span> <span class='ocrx_word' id='word_1_30' title='bbox 667 421 868 463; x_wconf 78' lang='lat' dir='ltr'>scaturiginis</span> <span class='ocrx_word' id='word_1_31' title='bbox 886 434 965 454; x_wconf 74' lang='lat' dir='ltr'>vena</span> <span class='ocrx_word' id='word_1_32' title='bbox 980 434 1050 466; x_wconf 88' lang='lat' dir='ltr'>pro-</span> 
     </span>
     <span class='ocr_line' id='line_1_5' title="bbox 100 483 1052 528; baseline 0 -12"><span class='ocrx_word' id='word_1_33' title='bbox 100 484 250 516; x_wconf 82' lang='lat' dir='ltr'>fluxerint</span> <span class='ocrx_word' id='word_1_34' title='bbox 264 489 418 528; x_wconf 84' lang='lat' dir='ltr'>concepta</span> <span class='ocrx_word' id='word_1_35' title='bbox 435 483 541 528; x_wconf 84' lang='lat' dir='ltr'>(haec)</span> <span class='ocrx_word' id='word_1_36' title='bbox 556 489 616 515; x_wconf 84' lang='lat' dir='ltr'>cet.</span> <span class='ocrx_word' id='word_1_37' title='bbox 641 485 869 516; x_wconf 74' lang='lat' dir='ltr'>Perscrucacm·</span> <span class='ocrx_word' id='word_1_38' title='bbox 879 496 936 528; x_wconf 86' lang='lat' dir='ltr'>pro</span> <span class='ocrx_word' id='word_1_39' title='bbox 946 484 1052 516; x_wconf 82' lang='lat' dir='ltr'>Grotii</span> 
     </span>
     <span class='ocr_line' id='line_1_6' title="bbox 99 546 1050 588; baseline 0 -10"><span class='ocrx_word' id='word_1_40' title='bbox 99 551 260 578; x_wconf 76' lang='lat' dir='ltr'>scrutator</span> <span class='ocrx_word' id='word_1_41' title='bbox 286 546 409 577; x_wconf 76' lang='lat' dir='ltr'>varians</span> <span class='ocrx_word' id='word_1_42' title='bbox 428 546 524 578; x_wconf 86' lang='lat' dir='ltr'>lectio</span> <span class='ocrx_word' id='word_1_43' title='bbox 546 552 595 578; x_wconf 87' lang='lat' dir='ltr'>cst</span> <span class='ocrx_word' id='word_1_44' title='bbox 614 546 654 578; x_wconf 90' lang='lat' dir='ltr'>ad</span> <span class='ocrx_word' id='word_1_45' title='bbox 678 546 749 578; x_wconf 80' lang='lat' dir='ltr'>libri</span> <span class='ocrx_word' id='word_1_46' title='bbox 771 546 1050 588; x_wconf 69' lang='lat' dir='ltr'>Nol-inmergensis</span> 
     </span>
     <span class='ocr_line' id='line_1_7' title="bbox 99 610 918 655; baseline -0.001 -13"><span class='ocrx_word' id='word_1_47' title='bbox 99 610 272 652; x_wconf 77' lang='lat' dir='ltr'>marginem</span> <span class='ocrx_word' id='word_1_48' title='bbox 294 616 459 651; x_wconf 81' lang='lat' dir='ltr'>annotata,</span> <span class='ocrx_word' id='word_1_49' title='bbox 495 623 590 655; x_wconf 89' lang='lat' dir='ltr'>quam</span> <span class='ocrx_word' id='word_1_50' title='bbox 611 611 645 642; x_wconf 88' lang='lat' dir='ltr'>in</span> <span class='ocrx_word' id='word_1_51' title='bbox 662 616 783 642; x_wconf 85' lang='lat' dir='ltr'>textum</span> <span class='ocrx_word' id='word_1_52' title='bbox 804 611 918 654; x_wconf 87' lang='lat' dir='ltr'>recepi.</span> 
     </span>
    </p>

    <p class='ocr_par' dir='ltr' id='par_1_5' title="bbox 89 672 1052 2413">
     <span class='ocr_line' id='line_1_8' title="bbox 171 672 1051 717; baseline 0 -14"><span class='ocrx_word' id='word_1_53' title='bbox 171 678 285 704; x_wconf 78' lang='lat' dir='ltr'>salut-a</span> <span class='ocrx_word' id='word_1_54' title='bbox 305 672 558 717; x_wconf 79' lang='lat' dir='ltr'>conmu‘niscens]</span> <span class='ocrx_word' id='word_1_55' title='bbox 591 673 740 705; x_wconf 69' lang='lat' dir='ltr'>Martia-ii</span> <span class='ocrx_word' id='word_1_56' title='bbox 767 685 866 714; x_wconf 83' lang='lat' dir='ltr'>genus</span> <span class='ocrx_word' id='word_1_57' title='bbox 890 672 1051 704; x_wconf 75' lang='lat' dir='ltr'>scribendi</span> 
     </span>
     <span class='ocr_line' id='line_1_9' title="bbox 99 734 1050 779; baseline 0.001 -14"><span class='ocrx_word' id='word_1_58' title='bbox 99 734 259 777; x_wconf 67' lang='lat' dir='ltr'>satyrieon</span> <span class='ocrx_word' id='word_1_59' title='bbox 277 740 342 775; x_wconf 88' lang='lat' dir='ltr'>est,</span> <span class='ocrx_word' id='word_1_60' title='bbox 361 747 426 766; x_wconf 86' lang='lat' dir='ltr'>nou</span> <span class='ocrx_word' id='word_1_61' title='bbox 446 735 656 776; x_wconf 73' lang='lat' dir='ltr'>invectivum,</span> <span class='ocrx_word' id='word_1_62' title='bbox 682 737 738 767; x_wconf 82' lang='lat' dir='ltr'>scd</span> <span class='ocrx_word' id='word_1_63' title='bbox 756 748 836 779; x_wconf 84' lang='lat' dir='ltr'>opus</span> <span class='ocrx_word' id='word_1_64' title='bbox 856 736 1050 776; x_wconf 71' lang='lat' dir='ltr'>nuiscellu¹113</span> 
     </span>
     <span class='ocr_line' id='line_1_10' title="bbox 96 795 1051 842; baseline 0.003 -15"><span class='ocrx_word' id='word_1_65' title='bbox 96 795 234 840; x_wconf 85' lang='lat' dir='ltr'>ideoque</span> <span class='ocrx_word' id='word_1_66' title='bbox 259 795 407 840; x_wconf 77' lang='lat' dir='ltr'>Satyrum</span> <span class='ocrx_word' id='word_1_67' title='bbox 427 797 543 828; x_wconf 89' lang='lat' dir='ltr'>librum</span> <span class='ocrx_word' id='word_1_68' title='bbox 569 809 680 838; x_wconf 84' lang='lat' dir='ltr'>suum,</span> <span class='ocrx_word' id='word_1_69' title='bbox 712 798 794 830; x_wconf 86' lang='lat' dir='ltr'>etin</span> <span class='ocrx_word' id='word_1_70' title='bbox 812 798 985 842; x_wconf 80' lang='lat' dir='ltr'>principio,</span> <span class='ocrx_word' id='word_1_71' title='bbox 1019 804 1051 830; x_wconf 84' lang='lat' dir='ltr'>ct</span> 
     </span>
     <span class='ocr_line' id='line_1_11' title="bbox 97 857 1050 906; baseline 0.007 -18"><span class='ocrx_word' id='word_1_72' title='bbox 97 857 132 890; x_wconf 89' lang='lat' dir='ltr'>in</span> <span class='ocrx_word' id='word_1_73' title='bbox 149 858 351 899; x_wconf 83' lang='lat' dir='ltr'>Geometria,</span> <span class='ocrx_word' id='word_1_74' title='bbox 385 864 417 890; x_wconf 91' lang='lat' dir='ltr'>ct</span> <span class='ocrx_word' id='word_1_75' title='bbox 439 859 473 890; x_wconf 92' lang='lat' dir='ltr'>in</span> <span class='ocrx_word' id='word_1_76' title='bbox 492 858 701 891; x_wconf 72' lang='lat' dir='ltr'>Astronomia</span> <span class='ocrx_word' id='word_1_77' title='bbox 725 857 822 894; x_wconf 74' lang='grc' dir='ltr'><em>κατὰ</em></span> <span class='ocrx_word' id='word_1_78' title='bbox 845 863 1050 906; x_wconf 74' lang='grc' dir='ltr'>προσωπο-</span> 
     </span>
     <span class='ocr_line' id='line_1_12' title="bbox 97 919 1049 964; baseline 0 -9"><span class='ocrx_word' id='word_1_79' title='bbox 97 919 231 955; x_wconf 62' lang='lat' dir='ltr'>staticus</span> <span class='ocrx_word' id='word_1_80' title='bbox 252 920 438 964; x_wconf 84' lang='lat' dir='ltr'>loquentem</span> <span class='ocrx_word' id='word_1_81' title='bbox 453 921 584 953; x_wconf 87' lang='lat' dir='ltr'>inducit.</span> <span class='ocrx_word' id='word_1_82' title='bbox 605 921 767 953; x_wconf 71' lang='lat' dir='ltr'>Gnor.—</span> <span class='ocrx_word' id='word_1_83' title='bbox 789 922 967 954; x_wconf 79' lang='lat' dir='ltr'>Martianus</span> <span class='ocrx_word' id='word_1_84' title='bbox 991 922 1049 955; x_wconf 88' lang='lat' dir='ltr'>Sa·</span> 
     </span>
     <span class='ocr_line' id='line_1_13' title="bbox 97 983 1049 1029; baseline 0.004 -14"><span class='ocrx_word' id='word_1_85' title='bbox 97 989 199 1015; x_wconf 86' lang='lat' dir='ltr'>turam</span> <span class='ocrx_word' id='word_1_86' title='bbox 223 983 283 1027; x_wconf 88' lang='lat' dir='ltr'>(sic</span> <span class='ocrx_word' id='word_1_87' title='bbox 301 984 385 1016; x_wconf 88' lang='lat' dir='ltr'>enim</span> <span class='ocrx_word' id='word_1_88' title='bbox 412 985 446 1017; x_wconf 90' lang='lat' dir='ltr'>in</span> <span class='ocrx_word' id='word_1_89' title='bbox 468 985 564 1017; x_wconf 83' lang='lat' dir='ltr'>Mstis</span> <span class='ocrx_word' id='word_1_90' title='bbox 586 986 781 1029; x_wconf 74' lang='lat' dir='ltr'>exprimitur,</span> <span class='ocrx_word' id='word_1_91' title='bbox 810 999 837 1018; x_wconf 71' lang='lat' dir='ltr'>v.</span> <span class='ocrx_word' id='word_1_92' title='bbox 856 987 987 1019; x_wconf 78' lang='lat' dir='ltr'>Coi-tius</span> <span class='ocrx_word' id='word_1_93' title='bbox 1010 988 1049 1019; x_wconf 91' lang='lat' dir='ltr'>ad</span> 
     </span>
     <span class='ocr_line' id='line_1_14' title="bbox 95 1045 1049 1092; baseline 0.002 -14"><span class='ocrx_word' id='word_1_94' title='bbox 95 1045 229 1078; x_wconf 82' lang='lat' dir='ltr'>Sallust.</span> <span class='ocrx_word' id='word_1_95' title='bbox 246 1058 277 1089; x_wconf 86' lang='lat' dir='ltr'>p.</span> <span class='ocrx_word' id='word_1_96' title='bbox 293 1047 367 1078; x_wconf 75' lang='lat'>549</span> <span class='ocrx_word' id='word_1_97' title='bbox 391 1047 623 1078; x_wconf 76' lang='lat' dir='ltr'>etBi&#39;memann</span> <span class='ocrx_word' id='word_1_98' title='bbox 637 1049 676 1079; x_wconf 88' lang='lat' dir='ltr'>ad</span> <span class='ocrx_word' id='word_1_99' title='bbox 691 1048 892 1079; x_wconf 84' lang='lat' dir='ltr'>Lactantium</span> <span class='ocrx_word' id='word_1_100' title='bbox 912 1061 942 1092; x_wconf 87' lang='lat' dir='ltr'>p.</span> <span class='ocrx_word' id='word_1_101' title='bbox 956 1048 1049 1092; x_wconf 78' lang='lat'>159.)</span> 
     </span>
     <span class='ocr_line' id='line_1_15' title="bbox 94 1109 1048 1162; baseline 0.004 -22"><span class='ocrx_word' id='word_1_102' title='bbox 94 1109 186 1153; x_wconf 87' lang='lat' dir='ltr'>quasi</span> <span class='ocrx_word' id='word_1_103' title='bbox 216 1109 307 1162; x_wconf 49' lang='lat' dir='ltr'>dean}</span> <span class='ocrx_word' id='word_1_104' title='bbox 338 1110 399 1142; x_wconf 87' lang='lat' dir='ltr'>sibi</span> <span class='ocrx_word' id='word_1_105' title='bbox 422 1111 607 1142; x_wconf 81' lang='lat' dir='ltr'>familiarem</span> <span class='ocrx_word' id='word_1_106' title='bbox 634 1111 713 1142; x_wconf 91' lang='lat' dir='ltr'>illud</span> <span class='ocrx_word' id='word_1_107' title='bbox 736 1112 960 1155; x_wconf 60' lang='lat' dir='ltr'>Hymenaeum</span> <span class='ocrx_word' id='word_1_108' title='bbox 982 1124 1048 1144; x_wconf 86' lang='lat' dir='ltr'>car·</span> 
     </span>
     <span class='ocr_line' id='line_1_16' title="bbox 93 1173 1048 1209; baseline 0.003 -5"><span class='ocrx_word' id='word_1_109' title='bbox 93 1173 176 1204; x_wconf 89' lang='lat' dir='ltr'>mine</span> <span class='ocrx_word' id='word_1_110' title='bbox 188 1173 403 1206; x_wconf 84' lang='lat' dir='ltr'>celebrantem</span> <span class='ocrx_word' id='word_1_111' title='bbox 414 1174 545 1206; x_wconf 83' lang='lat' dir='ltr'>inducit.</span> <span class='ocrx_word' id='word_1_112' title='bbox 566 1175 791 1207; x_wconf 74' lang='lat' dir='ltr'>Iudc»Sat1u·a</span> <span class='ocrx_word' id='word_1_113' title='bbox 807 1176 1048 1209; x_wconf 81' lang='lat' dir='ltr'>comminiscens</span> 
     </span>
     <span class='ocr_line' id='line_1_17' title="bbox 94 1237 1048 1283; baseline 0.004 -15"><span class='ocrx_word' id='word_1_114' title='bbox 94 1249 217 1269; x_wconf 88' lang='lat' dir='ltr'>meeum</span> <span class='ocrx_word' id='word_1_115' title='bbox 235 1237 391 1271; x_wconf 85' lang='lat' dir='ltr'>edocuit.«</span> <span class='ocrx_word' id='word_1_116' title='bbox 431 1238 533 1271; x_wconf 72' lang='lat' dir='ltr'>Gonz.</span> <span class='ocrx_word' id='word_1_117' title='bbox 554 1257 601 1263; x_wconf 87' lang='lat'>--</span> <span class='ocrx_word' id='word_1_118' title='bbox 628 1240 728 1283; x_wconf 76' lang='lat' dir='ltr'>Quod</span> <span class='ocrx_word' id='word_1_119' title='bbox 755 1240 795 1271; x_wconf 91' lang='lat' dir='ltr'>ad</span> <span class='ocrx_word' id='word_1_120' title='bbox 823 1240 911 1272; x_wconf 70' lang='lat' dir='ltr'>vocis</span> <span class='ocrx_word' id='word_1_121' title='bbox 941 1242 1048 1272; x_wconf 85' lang='lat' dir='ltr'>ortho-</span> 
     </span>
     <span class='ocr_line' id='line_1_18' title="bbox 95 1301 1048 1346; baseline 0.005 -15"><span class='ocrx_word' id='word_1_122' title='bbox 95 1301 257 1343; x_wconf 84' lang='lat' dir='ltr'>graphiam</span> <span class='ocrx_word' id='word_1_123' title='bbox 271 1307 303 1332; x_wconf 90' lang='lat' dir='ltr'>et</span> <span class='ocrx_word' id='word_1_124' title='bbox 322 1302 439 1346; x_wconf 79' lang='lat' dir='ltr'>scripta</span> <span class='ocrx_word' id='word_1_125' title='bbox 456 1303 591 1346; x_wconf 60' lang='lat' dir='ltr'>satyrica</span> <span class='ocrx_word' id='word_1_126' title='bbox 609 1304 733 1344; x_wconf 81' lang='lat' dir='ltr'>attinet,</span> <span class='ocrx_word' id='word_1_127' title='bbox 749 1305 952 1337; x_wconf 83' lang='lat' dir='ltr'>conferantur</span> <span class='ocrx_word' id='word_1_128' title='bbox 963 1305 1048 1337; x_wconf 72' lang='lat' dir='ltr'>Vos-</span> 
     </span>
     <span class='ocr_line' id='line_1_19' title="bbox 95 1363 1049 1411; baseline 0.005 -16"><span class='ocrx_word' id='word_1_129' title='bbox 95 1363 161 1395; x_wconf 86' lang='lat' dir='ltr'>sius</span> <span class='ocrx_word' id='word_1_130' title='bbox 173 1363 220 1407; x_wconf 92' lang='lat' dir='ltr'>(in</span> <span class='ocrx_word' id='word_1_131' title='bbox 235 1364 354 1408; x_wconf 67' lang='lat' dir='ltr'>etym),</span> <span class='ocrx_word' id='word_1_132' title='bbox 363 1365 522 1397; x_wconf 86' lang='lat' dir='ltr'>Cellarius</span> <span class='ocrx_word' id='word_1_133' title='bbox 536 1365 582 1409; x_wconf 89' lang='lat' dir='ltr'>(in</span> <span class='ocrx_word' id='word_1_134' title='bbox 594 1368 733 1409; x_wconf 81' lang='lat' dir='ltr'>orthogr.</span> <span class='ocrx_word' id='word_1_135' title='bbox 744 1369 759 1398; x_wconf 89' lang='lat' dir='ltr'>l</span> <span class='ocrx_word' id='word_1_136' title='bbox 767 1369 848 1399; x_wconf 80' lang='lat'>768.</span> <span class='ocrx_word' id='word_1_137' title='bbox 859 1369 891 1399; x_wconf 84' lang='lat'>8.</span> <span class='ocrx_word' id='word_1_138' title='bbox 899 1381 928 1411; x_wconf 87' lang='lat' dir='ltr'>p.</span> <span class='ocrx_word' id='word_1_139' title='bbox 938 1363 1049 1411; x_wconf 53' lang='lat'>549),</span> 
     </span>
     <span class='ocr_line' id='line_1_20' title="bbox 95 1425 1052 1471; baseline 0.002 -13"><span class='ocrx_word' id='word_1_140' title='bbox 95 1425 308 1458; x_wconf 86' lang='lat' dir='ltr'>Casaubonus</span> <span class='ocrx_word' id='word_1_141' title='bbox 326 1425 373 1469; x_wconf 91' lang='lat' dir='ltr'>(in</span> <span class='ocrx_word' id='word_1_142' title='bbox 391 1426 502 1459; x_wconf 89' lang='lat' dir='ltr'>Crenii</span> <span class='ocrx_word' id='word_1_143' title='bbox 519 1439 648 1458; x_wconf 82' lang='lat' dir='ltr'>musaeo</span> <span class='ocrx_word' id='word_1_144' title='bbox 665 1440 694 1471; x_wconf 85' lang='lat' dir='ltr'>p.</span> <span class='ocrx_word' id='word_1_145' title='bbox 714 1430 731 1459; x_wconf 78' lang='lat'>1</span> <span class='ocrx_word' id='word_1_146' title='bbox 759 1428 880 1471; x_wconf 86' lang='lat' dir='ltr'>sequ.),</span> <span class='ocrx_word' id='word_1_147' title='bbox 904 1429 1052 1460; x_wconf 82' lang='lat' dir='ltr'>Petronii</span> 
     </span>
     <span class='ocr_line' id='line_1_21' title="bbox 92 1488 1049 1532; baseline 0.002 -12"><span class='ocrx_word' id='word_1_148' title='bbox 92 1489 283 1532; x_wconf 79' lang='lat' dir='ltr'>interpretes</span> <span class='ocrx_word' id='word_1_149' title='bbox 303 1488 427 1531; x_wconf 77' lang='lat' dir='ltr'>(Burin.</span> <span class='ocrx_word' id='word_1_150' title='bbox 446 1501 475 1531; x_wconf 89' lang='lat' dir='ltr'>p.</span> <span class='ocrx_word' id='word_1_151' title='bbox 499 1490 515 1520; x_wconf 84' lang='lat' dir='ltr'>l</span> <span class='ocrx_word' id='word_1_152' title='bbox 546 1490 668 1532; x_wconf 84' lang='lat' dir='ltr'>scqu.),</span> <span class='ocrx_word' id='word_1_153' title='bbox 693 1491 884 1530; x_wconf 81' lang='lat' dir='ltr'>Fulgentius</span> <span class='ocrx_word' id='word_1_154' title='bbox 901 1491 1049 1522; x_wconf 69' lang='lat' dir='ltr'>Marti-‘ini</span> 
     </span>
     <span class='ocr_line' id='line_1_22' title="bbox 93 1549 1048 1595; baseline 0 -13"><span class='ocrx_word' id='word_1_155' title='bbox 93 1550 183 1582; x_wconf 70' lang='lat' dir='ltr'>situla</span> <span class='ocrx_word' id='word_1_156' title='bbox 203 1549 314 1593; x_wconf 69' lang='lat' dir='ltr'>(myth.</span> <span class='ocrx_word' id='word_1_157' title='bbox 335 1550 361 1581; x_wconf 86' lang='lat' dir='ltr'>I.</span> <span class='ocrx_word' id='word_1_158' title='bbox 378 1550 467 1593; x_wconf 77' lang='lat' dir='ltr'>p.22</span> <span class='ocrx_word' id='word_1_159' title='bbox 480 1549 624 1595; x_wconf 60' lang='lat' dir='ltr'>Munclz.)</span> <span class='ocrx_word' id='word_1_160' title='bbox 637 1573 646 1589; x_wconf 92' lang='lat'>,</span> <span class='ocrx_word' id='word_1_161' title='bbox 674 1551 843 1581; x_wconf 86' lang='lat' dir='ltr'>Turnebus</span> <span class='ocrx_word' id='word_1_162' title='bbox 861 1551 908 1593; x_wconf 88' lang='lat' dir='ltr'>(in</span> <span class='ocrx_word' id='word_1_163' title='bbox 926 1552 1048 1582; x_wconf 78' lang='lat' dir='ltr'>advers.</span> 
     </span>
     <span class='ocr_line' id='line_1_23' title="bbox 92 1612 1050 1658; baseline 0 -12"><span class='ocrx_word' id='word_1_164' title='bbox 92 1614 160 1654; x_wconf 73' lang='lat'>26,</span> <span class='ocrx_word' id='word_1_165' title='bbox 185 1613 269 1658; x_wconf 79' lang='lat'>54),</span> <span class='ocrx_word' id='word_1_166' title='bbox 289 1612 455 1645; x_wconf 73' lang='lat' dir='ltr'>Heindorf</span> <span class='ocrx_word' id='word_1_167' title='bbox 470 1613 525 1658; x_wconf 90' lang='lat' dir='ltr'>(ad</span> <span class='ocrx_word' id='word_1_168' title='bbox 550 1613 665 1645; x_wconf 84' lang='lat' dir='ltr'>Horat.</span> <span class='ocrx_word' id='word_1_169' title='bbox 679 1619 735 1645; x_wconf 86' lang='lat' dir='ltr'>sat.</span> <span class='ocrx_word' id='word_1_170' title='bbox 760 1615 797 1654; x_wconf 80' lang='lat' dir='ltr'>l,</span> <span class='ocrx_word' id='word_1_171' title='bbox 831 1614 864 1645; x_wconf 93' lang='lat'>4.</span> <span class='ocrx_word' id='word_1_172' title='bbox 887 1627 917 1657; x_wconf 89' lang='lat' dir='ltr'>p.</span> <span class='ocrx_word' id='word_1_173' title='bbox 932 1614 995 1658; x_wconf 71' lang='lat' dir='ltr'>Sss)</span> <span class='ocrx_word' id='word_1_174' title='bbox 1017 1620 1050 1646; x_wconf 79' lang='lat' dir='ltr'>ct</span> 
     </span>
     <span class='ocr_line' id='line_1_24' title="bbox 91 1674 1048 1720; baseline -0.002 -11"><span class='ocrx_word' id='word_1_175' title='bbox 91 1675 258 1709; x_wconf 80' lang='lat' dir='ltr'>Barclaius</span> <span class='ocrx_word' id='word_1_176' title='bbox 277 1675 324 1720; x_wconf 91' lang='lat' dir='ltr'>(in</span> <span class='ocrx_word' id='word_1_177' title='bbox 342 1681 399 1707; x_wconf 88' lang='lat' dir='ltr'>sat.</span> <span class='ocrx_word' id='word_1_178' title='bbox 414 1674 535 1720; x_wconf 73' lang='lat' dir='ltr'>praefi).</span> <span class='ocrx_word' id='word_1_179' title='bbox 563 1675 631 1708; x_wconf 86' lang='lat' dir='ltr'>Sed</span> <span class='ocrx_word' id='word_1_180' title='bbox 648 1676 791 1719; x_wconf 79' lang='lat' dir='ltr'>quamvis</span> <span class='ocrx_word' id='word_1_181' title='bbox 814 1682 900 1708; x_wconf 89' lang='lat' dir='ltr'>recte</span> <span class='ocrx_word' id='word_1_182' title='bbox 914 1676 1048 1708; x_wconf 81' lang='lat' dir='ltr'>Grotius</span> 
     </span>
     <span class='ocr_line' id='line_1_25' title="bbox 93 1737 1049 1781; baseline 0.001 -11"><span class='ocrx_word' id='word_1_183' title='bbox 93 1738 277 1779; x_wconf 77' lang='lat' dir='ltr'>adverterit,</span> <span class='ocrx_word' id='word_1_184' title='bbox 305 1737 455 1770; x_wconf 80' lang='lat' dir='ltr'>Saturam</span> <span class='ocrx_word' id='word_1_185' title='bbox 471 1738 655 1781; x_wconf 83' lang='lat' dir='ltr'>loquentem</span> <span class='ocrx_word' id='word_1_186' title='bbox 672 1739 855 1771; x_wconf 81' lang='lat' dir='ltr'>aMartiano</span> <span class='ocrx_word' id='word_1_187' title='bbox 870 1751 935 1770; x_wconf 85' lang='lat' dir='ltr'>non</span> <span class='ocrx_word' id='word_1_188' title='bbox 950 1740 1049 1771; x_wconf 85' lang='lat' dir='ltr'>semel</span> 
     </span>
     <span class='ocr_line' id='line_1_26' title="bbox 92 1801 1050 1846; baseline 0.001 -13"><span class='ocrx_word' id='word_1_189' title='bbox 92 1801 215 1843; x_wconf 89' lang='lat' dir='ltr'>induci,</span> <span class='ocrx_word' id='word_1_190' title='bbox 248 1802 281 1833; x_wconf 93' lang='lat' dir='ltr'>id</span> <span class='ocrx_word' id='word_1_191' title='bbox 301 1803 362 1834; x_wconf 80' lang='lat' dir='ltr'>lioe</span> <span class='ocrx_word' id='word_1_192' title='bbox 385 1802 479 1833; x_wconf 89' lang='lat' dir='ltr'>etiam</span> <span class='ocrx_word' id='word_1_193' title='bbox 500 1802 572 1833; x_wconf 91' lang='lat' dir='ltr'>loco</span> <span class='ocrx_word' id='word_1_194' title='bbox 592 1802 711 1834; x_wconf 80' lang='lat' dir='ltr'>sactum</span> <span class='ocrx_word' id='word_1_195' title='bbox 734 1815 805 1834; x_wconf 83' lang='lat' dir='ltr'>esse</span> <span class='ocrx_word' id='word_1_196' title='bbox 825 1803 902 1834; x_wconf 87' lang='lat' dir='ltr'>mihi</span> <span class='ocrx_word' id='word_1_197' title='bbox 920 1803 1050 1846; x_wconf 88' lang='lat' dir='ltr'>quidem</span> 
     </span>
     <span class='ocr_line' id='line_1_27' title="bbox 92 1866 1049 1910; baseline 0.002 -14"><span class='ocrx_word' id='word_1_198' title='bbox 92 1866 276 1910; x_wconf 84' lang='lat' dir='ltr'>neutiquam</span> <span class='ocrx_word' id='word_1_199' title='bbox 305 1871 355 1897; x_wconf 91' lang='lat' dir='ltr'>est</span> <span class='ocrx_word' id='word_1_200' title='bbox 382 1878 579 1909; x_wconf 81' lang='lat' dir='ltr'>persuasum.</span> <span class='ocrx_word' id='word_1_201' title='bbox 618 1867 752 1898; x_wconf 71' lang='lat' dir='ltr'>Poetiea</span> <span class='ocrx_word' id='word_1_202' title='bbox 783 1866 891 1909; x_wconf 86' lang='lat' dir='ltr'>potius</span> <span class='ocrx_word' id='word_1_203' title='bbox 918 1866 1049 1898; x_wconf 86' lang='lat' dir='ltr'>licentia</span> 
     </span>
     <span class='ocr_line' id='line_1_28' title="bbox 92 1928 1047 1962; baseline 0.002 -2"><span class='ocrx_word' id='word_1_204' title='bbox 92 1928 178 1960; x_wconf 83' lang='lat' dir='ltr'>inest</span> <span class='ocrx_word' id='word_1_205' title='bbox 191 1929 226 1960; x_wconf 92' lang='lat' dir='ltr'>in</span> <span class='ocrx_word' id='word_1_206' title='bbox 251 1929 355 1960; x_wconf 87' lang='lat' dir='ltr'>verbis</span> <span class='ocrx_word' id='word_1_207' title='bbox 383 1929 520 1962; x_wconf 84' lang='lat' dir='ltr'>»Satura</span> <span class='ocrx_word' id='word_1_208' title='bbox 540 1930 782 1961; x_wconf 89' lang='lat' dir='ltr'>comminiscens</span> <span class='ocrx_word' id='word_1_209' title='bbox 806 1930 945 1961; x_wconf 78' lang='lat' dir='ltr'>fabulam</span> <span class='ocrx_word' id='word_1_210' title='bbox 967 1943 1047 1962; x_wconf 85' lang='lat' dir='ltr'>mar-</span> 
     </span>
     <span class='ocr_line' id='line_1_29' title="bbox 93 1991 1047 2033; baseline 0.002 -10"><span class='ocrx_word' id='word_1_211' title='bbox 93 1995 257 2023; x_wconf 86' lang='lat' dir='ltr'>cescentes</span> <span class='ocrx_word' id='word_1_212' title='bbox 278 2003 402 2023; x_wconf 88' lang='lat' dir='ltr'>mecum</span> <span class='ocrx_word' id='word_1_213' title='bbox 421 1991 569 2023; x_wconf 87' lang='lat' dir='ltr'>lucernas</span> <span class='ocrx_word' id='word_1_214' title='bbox 587 1991 724 2023; x_wconf 87' lang='lat' dir='ltr'>edocuit.</span> <span class='ocrx_word' id='word_1_215' title='bbox 732 2006 743 2019; x_wconf 91' lang='lat'>«</span> <span class='ocrx_word' id='word_1_216' title='bbox 782 1991 851 2024; x_wconf 77' lang='lat' dir='ltr'>Nec</span> <span class='ocrx_word' id='word_1_217' title='bbox 868 1992 967 2033; x_wconf 81' lang='lat' dir='ltr'>magis</span> <span class='ocrx_word' id='word_1_218' title='bbox 988 1993 1047 2025; x_wconf 85' lang='lat' dir='ltr'>Sa-</span> 
     </span>
     <span class='ocr_line' id='line_1_30' title="bbox 92 2052 1048 2097; baseline 0.003 -14"><span class='ocrx_word' id='word_1_219' title='bbox 92 2058 163 2084; x_wconf 87' lang='lat' dir='ltr'>tura</span> <span class='ocrx_word' id='word_1_220' title='bbox 179 2052 374 2084; x_wconf 83' lang='lat' dir='ltr'>Martianum</span> <span class='ocrx_word' id='word_1_221' title='bbox 400 2053 545 2093; x_wconf 78' lang='lat' dir='ltr'>edocuit,</span> <span class='ocrx_word' id='word_1_222' title='bbox 576 2065 671 2097; x_wconf 85' lang='lat' dir='ltr'>quam</span> <span class='ocrx_word' id='word_1_223' title='bbox 691 2053 847 2085; x_wconf 82' lang='lat' dir='ltr'>lucernas.</span> <span class='ocrx_word' id='word_1_224' title='bbox 896 2054 1048 2086; x_wconf 72' lang='lat' dir='ltr'>Ceterum</span> 
     </span>
     <span class='ocr_line' id='line_1_31' title="bbox 89 2113 1047 2159; baseline 0.003 -14"><span class='ocrx_word' id='word_1_225' title='bbox 89 2115 161 2156; x_wconf 88' lang='lat' dir='ltr'>jure</span> <span class='ocrx_word' id='word_1_226' title='bbox 187 2113 322 2146; x_wconf 87' lang='lat' dir='ltr'>Grotius</span> <span class='ocrx_word' id='word_1_227' title='bbox 346 2114 511 2146; x_wconf 86' lang='lat' dir='ltr'>contendit</span> <span class='ocrx_word' id='word_1_228' title='bbox 527 2115 677 2147; x_wconf 74' lang='lat' dir='ltr'>Martiani</span> <span class='ocrx_word' id='word_1_229' title='bbox 706 2115 860 2147; x_wconf 80' lang='lat' dir='ltr'>Saturum</span> <span class='ocrx_word' id='word_1_230' title='bbox 884 2128 964 2159; x_wconf 85' lang='lat' dir='ltr'>opus</span> <span class='ocrx_word' id='word_1_231' title='bbox 990 2117 1047 2148; x_wconf 87' lang='lat' dir='ltr'>mi-</span> 
     </span>
     <span class='ocr_line' id='line_1_32' title="bbox 94 2177 1048 2224; baseline 0.003 -15"><span class='ocrx_word' id='word_1_232' title='bbox 94 2177 227 2210; x_wconf 86' lang='lat' dir='ltr'>scellum</span> <span class='ocrx_word' id='word_1_233' title='bbox 241 2190 320 2210; x_wconf 88' lang='lat' dir='ltr'>esse.</span> <span class='ocrx_word' id='word_1_234' title='bbox 349 2178 399 2209; x_wconf 88' lang='lat' dir='ltr'>Eo</span> <span class='ocrx_word' id='word_1_235' title='bbox 418 2178 501 2209; x_wconf 90' lang='lat' dir='ltr'>enim</span> <span class='ocrx_word' id='word_1_236' title='bbox 517 2190 614 2210; x_wconf 89' lang='lat' dir='ltr'>sensu</span> <span class='ocrx_word' id='word_1_237' title='bbox 631 2185 663 2210; x_wconf 94' lang='lat' dir='ltr'>et</span> <span class='ocrx_word' id='word_1_238' title='bbox 675 2180 797 2211; x_wconf 86' lang='lat' dir='ltr'>Paulus</span> <span class='ocrx_word' id='word_1_239' title='bbox 816 2180 901 2224; x_wconf 88' lang='lat' dir='ltr'>apud</span> <span class='ocrx_word' id='word_1_240' title='bbox 914 2180 1048 2212; x_wconf 81' lang='lat' dir='ltr'>Festum</span> 
     </span>
     <span class='ocr_line' id='line_1_33' title="bbox 100 2240 1047 2286; baseline 0.001 -12"><span class='ocrx_word' id='word_1_241' title='bbox 100 2240 253 2274; x_wconf 69' lang='lat' dir='ltr'>»Satura«</span> <span class='ocrx_word' id='word_1_242' title='bbox 281 2241 385 2286; x_wconf 85' lang='lat' dir='ltr'>inquit</span> <span class='ocrx_word' id='word_1_243' title='bbox 416 2247 467 2274; x_wconf 85' lang='lat' dir='ltr'>»et</span> <span class='ocrx_word' id='word_1_244' title='bbox 489 2242 552 2274; x_wconf 86' lang='lat' dir='ltr'>cibi</span> <span class='ocrx_word' id='word_1_245' title='bbox 575 2255 676 2285; x_wconf 81' lang='lat' dir='ltr'>genus</span> <span class='ocrx_word' id='word_1_246' title='bbox 694 2243 809 2275; x_wconf 84' lang='lat' dir='ltr'>dieitur</span> <span class='ocrx_word' id='word_1_247' title='bbox 823 2256 864 2275; x_wconf 89' lang='lat' dir='ltr'>ex</span> <span class='ocrx_word' id='word_1_248' title='bbox 881 2244 975 2275; x_wconf 78' lang='lat' dir='ltr'>variis</span> <span class='ocrx_word' id='word_1_249' title='bbox 997 2256 1047 2275; x_wconf 87' lang='lat' dir='ltr'>re-</span> 
     </span>
     <span class='ocr_line' id='line_1_34' title="bbox 94 2304 1048 2350; baseline 0.004 -14"><span class='ocrx_word' id='word_1_250' title='bbox 94 2304 154 2336; x_wconf 87' lang='lat' dir='ltr'>bus</span> <span class='ocrx_word' id='word_1_251' title='bbox 171 2305 344 2346; x_wconf 87' lang='lat' dir='ltr'>eonditum,</span> <span class='ocrx_word' id='word_1_252' title='bbox 373 2312 405 2338; x_wconf 90' lang='lat' dir='ltr'>et</span> <span class='ocrx_word' id='word_1_253' title='bbox 421 2306 475 2338; x_wconf 82' lang='lat' dir='ltr'>lex</span> <span class='ocrx_word' id='word_1_254' title='bbox 490 2306 598 2338; x_wconf 88' lang='lat' dir='ltr'>multis</span> <span class='ocrx_word' id='word_1_255' title='bbox 616 2307 686 2338; x_wconf 89' lang='lat' dir='ltr'>aliis</span> <span class='ocrx_word' id='word_1_256' title='bbox 707 2308 848 2339; x_wconf 81' lang='lat' dir='ltr'>conserta</span> <span class='ocrx_word' id='word_1_257' title='bbox 861 2308 997 2350; x_wconf 84' lang='lat' dir='ltr'>legibus,</span> <span class='ocrx_word' id='word_1_258' title='bbox 1015 2314 1048 2341; x_wconf 86' lang='lat' dir='ltr'>et</span> 
     </span>
     <span class='ocr_line' id='line_1_35' title="bbox 95 2367 988 2413; baseline 0.004 -16"><span class='ocrx_word' id='word_1_259' title='bbox 95 2377 194 2408; x_wconf 82' lang='lat' dir='ltr'>genus</span> <span class='ocrx_word' id='word_1_260' title='bbox 213 2367 376 2408; x_wconf 81' lang='lat' dir='ltr'>carminis,</span> <span class='ocrx_word' id='word_1_261' title='bbox 408 2368 464 2400; x_wconf 92' lang='lat' dir='ltr'>ubi</span> <span class='ocrx_word' id='word_1_262' title='bbox 481 2369 521 2400; x_wconf 92' lang='lat' dir='ltr'>de</span> <span class='ocrx_word' id='word_1_263' title='bbox 538 2368 647 2400; x_wconf 87' lang='lat' dir='ltr'>multis</span> <span class='ocrx_word' id='word_1_264' title='bbox 667 2369 764 2401; x_wconf 89' lang='lat' dir='ltr'>rebus</span> <span class='ocrx_word' id='word_1_265' title='bbox 782 2369 969 2413; x_wconf 85' lang='lat' dir='ltr'>disputatur.</span> <span class='ocrx_word' id='word_1_266' title='bbox 977 2384 988 2398; x_wconf 90' lang='lat'>«</span> 
     </span>
    </p>

    <p class='ocr_par' dir='ltr' id='par_1_6' title="bbox 94 2429 1046 2601">
     <span class='ocr_line' id='line_1_36' title="bbox 169 2429 1045 2476; baseline 0.005 -15"><span class='ocrx_word' id='word_1_267' title='bbox 169 2429 328 2476; x_wconf 72' lang='lat' dir='ltr'>luem-nas]</span> <span class='ocrx_word' id='word_1_268' title='bbox 367 2432 520 2463; x_wconf 85' lang='lat' dir='ltr'>Pluribus</span> <span class='ocrx_word' id='word_1_269' title='bbox 547 2433 609 2465; x_wconf 91' lang='lat' dir='ltr'>hoc</span> <span class='ocrx_word' id='word_1_270' title='bbox 642 2433 822 2476; x_wconf 69' lang='lat' dir='ltr'>symbolum</span> <span class='ocrx_word' id='word_1_271' title='bbox 849 2433 929 2465; x_wconf 88' lang='lat' dir='ltr'>locis</span> <span class='ocrx_word' id='word_1_272' title='bbox 960 2434 1045 2466; x_wconf 82' lang='lat' dir='ltr'>Mar·-</span> 
     </span>
     <span class='ocr_line' id='line_1_37' title="bbox 94 2490 1045 2538; baseline 0.005 -17"><span class='ocrx_word' id='word_1_273' title='bbox 94 2490 200 2522; x_wconf 86' lang='lat' dir='ltr'>tianus</span> <span class='ocrx_word' id='word_1_274' title='bbox 213 2493 378 2536; x_wconf 78' lang='lat' dir='ltr'>usurpavit</span> <span class='ocrx_word' id='word_1_275' title='bbox 389 2492 432 2537; x_wconf 61' lang='grc' dir='ltr'>(ἓ.</span> <span class='ocrx_word' id='word_1_276' title='bbox 445 2494 524 2525; x_wconf 76' lang='grc'>124.</span> <span class='ocrx_word' id='word_1_277' title='bbox 544 2494 627 2526; x_wconf 76' lang='grc'>219.</span> <span class='ocrx_word' id='word_1_278' title='bbox 647 2494 755 2538; x_wconf 78' lang='grc'>996).·,</span> <span class='ocrx_word' id='word_1_279' title='bbox 783 2495 870 2538; x_wconf 84' lang='lat' dir='ltr'>quod</span> <span class='ocrx_word' id='word_1_280' title='bbox 889 2495 979 2527; x_wconf 74' lang='lat' dir='ltr'>avide</span> <span class='ocrx_word' id='word_1_281' title='bbox 998 2507 1045 2526; x_wconf 85' lang='lat' dir='ltr'>ar-</span> 
     </span>
     <span class='ocr_line' id='line_1_38' title="bbox 95 2552 1046 2601; baseline 0.005 -17"><span class='ocrx_word' id='word_1_282' title='bbox 95 2552 213 2598; x_wconf 86' lang='lat' dir='ltr'>ripiens</span> <span class='ocrx_word' id='word_1_283' title='bbox 229 2553 418 2596; x_wconf 77' lang='lat' dir='ltr'>Fulgentius</span> <span class='ocrx_word' id='word_1_284' title='bbox 443 2553 553 2598; x_wconf 73' lang='lat' dir='ltr'>(myth.</span> <span class='ocrx_word' id='word_1_285' title='bbox 577 2557 607 2588; x_wconf 87' lang='lat'>1.</span> <span class='ocrx_word' id='word_1_286' title='bbox 630 2568 661 2600; x_wconf 87' lang='lat' dir='ltr'>p.</span> <span class='ocrx_word' id='word_1_287' title='bbox 681 2557 754 2589; x_wconf 76' lang='lat'>507</span> <span class='ocrx_word' id='word_1_288' title='bbox 774 2556 895 2601; x_wconf 53' lang='lat' dir='ltr'>Saum),</span> <span class='ocrx_word' id='word_1_289' title='bbox 927 2563 963 2589; x_wconf 92' lang='lat' dir='ltr'>ut</span> <span class='ocrx_word' id='word_1_290' title='bbox 979 2557 1046 2600; x_wconf 88' lang='lat' dir='ltr'>jam</span> 
     </span>
    </p>
   </div>
   <div class='ocr_carea' id='block_1_5' title="bbox 1906 328 2120 377">
    <p class='ocr_par' dir='ltr' id='par_1_7' title="bbox 1906 328 2120 377">
     <span class='ocr_line' id='line_1_39' title="bbox 1906 328 2120 377; baseline 0.028 -9"><span class='ocrx_word' id='word_1_291' title='bbox 1906 328 2056 377; x_wconf 86' lang='lat' dir='ltr'>Quum</span> <span class='ocrx_word' id='word_1_292' title='bbox 2087 332 2120 374; x_wconf 85' lang='lat'>5</span> 
     </span>
    </p>
   </div>
   <div class='ocr_carea' id='block_1_6' title="bbox 1096 423 2063 2539">
    <p class='ocr_par' dir='ltr' id='par_1_8' title="bbox 1101 423 2063 1226">
     <span class='ocr_line' id='line_1_40' title="bbox 1103 423 2057 479; baseline 0.019 -27"><span class='ocrx_word' id='word_1_293' title='bbox 1103 423 1226 455; x_wconf 84' lang='lat' dir='ltr'>monuit</span> <span class='ocrx_word' id='word_1_294' title='bbox 1251 424 1411 467; x_wconf 89' lang='lat' dir='ltr'>Goezius,</span> <span class='ocrx_word' id='word_1_295' title='bbox 1450 435 1642 462; x_wconf 88' lang='lat' dir='ltr'>»nocturna«</span> <span class='ocrx_word' id='word_1_296' title='bbox 1680 432 1784 477; x_wconf 82' lang='lat' dir='ltr'>inquit</span> <span class='ocrx_word' id='word_1_297' title='bbox 1817 435 1982 479; x_wconf 79' lang='lat' dir='ltr'>»praesule</span> <span class='ocrx_word' id='word_1_298' title='bbox 2009 435 2057 470; x_wconf 87' lang='lat' dir='ltr'>lu-</span> 
     </span>
     <span class='ocr_line' id='line_1_41' title="bbox 1103 487 2058 544; baseline 0.017 -27"><span class='ocrx_word' id='word_1_299' title='bbox 1103 497 1196 518; x_wconf 87' lang='lat' dir='ltr'>cerna</span> <span class='ocrx_word' id='word_1_300' title='bbox 1211 487 1350 521; x_wconf 79' lang='lat' dir='ltr'>fabulam</span> <span class='ocrx_word' id='word_1_301' title='bbox 1366 497 1563 524; x_wconf 83' lang='lat' dir='ltr'>commentus</span> <span class='ocrx_word' id='word_1_302' title='bbox 1578 505 1676 525; x_wconf 81' lang='lat' dir='ltr'>sum.«</span> <span class='ocrx_word' id='word_1_303' title='bbox 1708 496 1860 529; x_wconf 84' lang='lat' dir='ltr'>Omnium</span> <span class='ocrx_word' id='word_1_304' title='bbox 1880 500 1956 540; x_wconf 85' lang='lat' dir='ltr'>fere,</span> <span class='ocrx_word' id='word_1_305' title='bbox 1977 512 2058 544; x_wconf 81' lang='lat' dir='ltr'>quae</span> 
     </span>
     <span class='ocr_line' id='line_1_42' title="bbox 1102 550 2057 594; baseline 0.017 -16"><span class='ocrx_word' id='word_1_306' title='bbox 1102 554 1200 580; x_wconf 91' lang='lat' dir='ltr'>noctu</span> <span class='ocrx_word' id='word_1_307' title='bbox 1223 550 1354 591; x_wconf 76' lang='lat' dir='ltr'>(iebant,</span> <span class='ocrx_word' id='word_1_308' title='bbox 1385 554 1544 585; x_wconf 84' lang='lat' dir='ltr'>consciam</span> <span class='ocrx_word' id='word_1_309' title='bbox 1562 561 1686 587; x_wconf 67' lang='lat' dir='ltr'>veteres</span> <span class='ocrx_word' id='word_1_310' title='bbox 1703 560 1934 591; x_wconf 68' lang='lat' dir='ltr'>venerabantur</span> <span class='ocrx_word' id='word_1_311' title='bbox 1956 561 2057 594; x_wconf 86' lang='lat' dir='ltr'>lucer—</span> 
     </span>
     <span class='ocr_line' id='line_1_43' title="bbox 1102 611 2056 667; baseline 0.013 -23"><span class='ocrx_word' id='word_1_312' title='bbox 1102 624 1175 644; x_wconf 87' lang='lat' dir='ltr'>nam</span> <span class='ocrx_word' id='word_1_313' title='bbox 1193 611 1371 658; x_wconf 74' lang='lat' dir='ltr'>(Aristopli.</span> <span class='ocrx_word' id='word_1_314' title='bbox 1388 616 1543 649; x_wconf 89' lang='lat' dir='ltr'>Concion.</span> <span class='ocrx_word' id='word_1_315' title='bbox 1563 618 1601 649; x_wconf 90' lang='lat' dir='ltr'>ab</span> <span class='ocrx_word' id='word_1_316' title='bbox 1626 619 1704 660; x_wconf 66' lang='lat' dir='ltr'>init,</span> <span class='ocrx_word' id='word_1_317' title='bbox 1722 621 1854 655; x_wconf 85' lang='lat' dir='ltr'>Lucian.</span> <span class='ocrx_word' id='word_1_318' title='bbox 1875 624 1999 667; x_wconf 83' lang='lat' dir='ltr'>Catapl.</span> <span class='ocrx_word' id='word_1_319' title='bbox 2020 626 2056 656; x_wconf 93' lang='lat' dir='ltr'>T.</span> 
     </span>
     <span class='ocr_line' id='line_1_44' title="bbox 1102 677 2057 732; baseline 0.015 -26"><span class='ocrx_word' id='word_1_320' title='bbox 1102 677 1135 707; x_wconf 84' lang='lat'>5.</span> <span class='ocrx_word' id='word_1_321' title='bbox 1159 688 1189 719; x_wconf 88' lang='lat' dir='ltr'>p.</span> <span class='ocrx_word' id='word_1_322' title='bbox 1211 677 1284 708; x_wconf 79' lang='lat'>209</span> <span class='ocrx_word' id='word_1_323' title='bbox 1298 678 1406 722; x_wconf 85' lang='lat' dir='ltr'>Bip.),</span> <span class='ocrx_word' id='word_1_324' title='bbox 1431 680 1514 711; x_wconf 88' lang='lat' dir='ltr'>unde</span> <span class='ocrx_word' id='word_1_325' title='bbox 1534 681 1730 715; x_wconf 82' lang='lat' dir='ltr'>Graecorum</span> <span class='ocrx_word' id='word_1_326' title='bbox 1753 687 1955 728; x_wconf 68' lang='lat' dir='ltr'>proverbium</span> <span class='ocrx_word' id='word_1_327' title='bbox 1975 684 2057 732; x_wconf 78' lang='grc' dir='ltr'>»λή-</span> 
     </span>
     <span class='ocr_line' id='line_1_45' title="bbox 1103 737 2057 791; baseline 0.01 -19"><span class='ocrx_word' id='word_1_328' title='bbox 1103 739 1232 774; x_wconf 72' lang='grc' dir='ltr'><em>κυθον</em></span> <span class='ocrx_word' id='word_1_329' title='bbox 1258 741 1324 773; x_wconf 78' lang='lat' dir='ltr'>sive</span> <span class='ocrx_word' id='word_1_330' title='bbox 1350 737 1504 786; x_wconf 76' lang='grc' dir='ltr'><em>λύχνον</em></span> <span class='ocrx_word' id='word_1_331' title='bbox 1519 741 1636 784; x_wconf 74' lang='grc' dir='ltr'>ὄζειν.</span> <span class='ocrx_word' id='word_1_332' title='bbox 1677 747 1830 779; x_wconf 83' lang='lat' dir='ltr'>Libanius</span> <span class='ocrx_word' id='word_1_333' title='bbox 1852 749 1897 791; x_wconf 83' lang='lat' dir='ltr'>(in</span> <span class='ocrx_word' id='word_1_334' title='bbox 1916 751 1980 781; x_wconf 69' lang='lat' dir='ltr'>vita</span> <span class='ocrx_word' id='word_1_335' title='bbox 1993 751 2057 782; x_wconf 86' lang='lat' dir='ltr'>De-</span> 
     </span>
     <span class='ocr_line' id='line_1_46' title="bbox 1102 804 2059 853; baseline 0.013 -20"><span class='ocrx_word' id='word_1_336' title='bbox 1102 804 1216 834; x_wconf 88' lang='lat' dir='ltr'>mosth.</span> <span class='ocrx_word' id='word_1_337' title='bbox 1234 817 1263 847; x_wconf 86' lang='lat' dir='ltr'>p.</span> <span class='ocrx_word' id='word_1_338' title='bbox 1278 804 1311 836; x_wconf 83' lang='lat'>4.</span> <span class='ocrx_word' id='word_1_339' title='bbox 1326 817 1354 836; x_wconf 70' lang='lat' dir='ltr'>v.</span> <span class='ocrx_word' id='word_1_340' title='bbox 1376 807 1421 837; x_wconf 83' lang='grc'>15</span> <span class='ocrx_word' id='word_1_341' title='bbox 1438 807 1567 852; x_wconf 79' lang='lat' dir='ltr'>Reisl:)=</span> <span class='ocrx_word' id='word_1_342' title='bbox 1591 824 1601 837; x_wconf 74' lang='lat' dir='ltr'>n</span> <span class='ocrx_word' id='word_1_343' title='bbox 1613 805 1709 844; x_wconf 66' lang='grc' dir='ltr'>Οὐδὲ</span> <span class='ocrx_word' id='word_1_344' title='bbox 1726 808 1797 850; x_wconf 65' lang='grc' dir='ltr'>τὰς</span> <span class='ocrx_word' id='word_1_345' title='bbox 1818 808 1962 853; x_wconf 65' lang='grc' dir='ltr'><em>νύκτας</em></span> <span class='ocrx_word' id='word_1_346' title='bbox 1977 811 2059 850; x_wconf 69' lang='grc' dir='ltr'><em>ἐκά-</em></span> 
     </span>
     <span class='ocr_line' id='line_1_47' title="bbox 1102 862 2059 919; baseline 0.011 -21"><span class='ocrx_word' id='word_1_347' title='bbox 1102 866 1264 908; x_wconf 71' lang='grc' dir='ltr'><em>θευδεν,</em></span> <span class='ocrx_word' id='word_1_348' title='bbox 1298 862 1399 901; x_wconf 66' lang='grc' dir='ltr'>ἀλλὰ</span> <span class='ocrx_word' id='word_1_349' title='bbox 1419 870 1635 904; x_wconf 77' lang='grc' dir='ltr'><em>διεπονεῖτο</em></span> <span class='ocrx_word' id='word_1_350' title='bbox 1662 868 1761 917; x_wconf 80' lang='grc' dir='ltr'><em>πρὸς</em></span> <span class='ocrx_word' id='word_1_351' title='bbox 1784 872 1872 919; x_wconf 78' lang='grc' dir='ltr'>φώς</span> <span class='ocrx_word' id='word_1_352' title='bbox 1891 873 1978 919; x_wconf 80' lang='grc' dir='ltr'><em>περὶ</em></span> <span class='ocrx_word' id='word_1_353' title='bbox 2000 871 2059 908; x_wconf 72' lang='grc' dir='ltr'>λό-</span> 
     </span>
     <span class='ocr_line' id='line_1_48' title="bbox 1101 925 2060 982; baseline 0.01 -21"><span class='ocrx_word' id='word_1_354' title='bbox 1101 940 1210 973; x_wconf 66' lang='grc' dir='ltr'>γους.</span> <span class='ocrx_word' id='word_1_355' title='bbox 1239 925 1355 963; x_wconf 72' lang='grc' dir='ltr'><em>Ὅθεν</em></span> <span class='ocrx_word' id='word_1_356' title='bbox 1375 928 1438 964; x_wconf 79' lang='grc' dir='ltr'>καὶ</span> <span class='ocrx_word' id='word_1_357' title='bbox 1452 931 1620 972; x_wconf 71' lang='grc' dir='ltr'><em>Πυθέας</em></span> <span class='ocrx_word' id='word_1_358' title='bbox 1642 930 1834 968; x_wconf 56' lang='lat' dir='ltr'>(mamm</span> <span class='ocrx_word' id='word_1_359' title='bbox 1852 933 1940 982; x_wconf 71' lang='grc' dir='ltr'>ἔφη,</span> <span class='ocrx_word' id='word_1_360' title='bbox 1965 933 2060 976; x_wconf 75' lang='grc' dir='ltr'><em>τοὺς</em></span> 
     </span>
     <span class='ocr_line' id='line_1_49' title="bbox 1102 988 2059 1041; baseline 0.01 -17"><span class='ocrx_word' id='word_1_361' title='bbox 1102 988 1248 1037; x_wconf 70' lang='grc' dir='ltr'><em>λόγους</em></span> <span class='ocrx_word' id='word_1_362' title='bbox 1280 991 1351 1027; x_wconf 77' lang='grc' dir='ltr'>τοῦ</span> <span class='ocrx_word' id='word_1_363' title='bbox 1375 993 1662 1039; x_wconf 71' lang='grc' dir='ltr'><em>Δημοσθένους</em></span> <span class='ocrx_word' id='word_1_364' title='bbox 1689 993 1852 1041; x_wconf 72' lang='grc' dir='ltr'><em>λύχνων</em></span> <span class='ocrx_word' id='word_1_365' title='bbox 1883 994 2059 1038; x_wconf 71' lang='grc' dir='ltr'><em>ἀπόζειν·</em></span> 
     </span>
     <span class='ocr_line' id='line_1_50' title="bbox 1102 1048 2056 1105; baseline 0.008 -20"><span class='ocrx_word' id='word_1_366' title='bbox 1102 1048 1148 1086; x_wconf 84' lang='grc' dir='ltr'>ὃν</span> <span class='ocrx_word' id='word_1_367' title='bbox 1166 1050 1187 1086; x_wconf 84' lang='grc' dir='ltr'><em>ὁ</em></span> <span class='ocrx_word' id='word_1_368' title='bbox 1208 1053 1471 1100; x_wconf 70' lang='grc' dir='ltr'>Λημοσθένης</span> <span class='ocrx_word' id='word_1_369' title='bbox 1500 1052 1662 1096; x_wconf 64' lang='grc' dir='ltr'><em>ἀστείως</em></span> <span class='ocrx_word' id='word_1_370' title='bbox 1688 1055 1767 1101; x_wconf 69' lang='grc' dir='ltr'>ἅμα</span> <span class='ocrx_word' id='word_1_371' title='bbox 1794 1056 1858 1092; x_wconf 76' lang='grc' dir='ltr'>καὶ</span> <span class='ocrx_word' id='word_1_372' title='bbox 1886 1058 2056 1105; x_wconf 77' lang='grc' dir='ltr'><em>πικρῶς·</em></span> 
     </span>
     <span class='ocr_line' id='line_1_51' title="bbox 1103 1110 2063 1162; baseline 0.005 -13"><span class='ocrx_word' id='word_1_373' title='bbox 1103 1110 1215 1157; x_wconf 72' lang='grc' dir='ltr'><em>Οἶδα,</em></span> <span class='ocrx_word' id='word_1_374' title='bbox 1242 1116 1335 1161; x_wconf 73' lang='grc' dir='ltr'>ἔφη,</span> <span class='ocrx_word' id='word_1_375' title='bbox 1363 1112 1423 1149; x_wconf 73' lang='grc' dir='ltr'>ὅτι</span> <span class='ocrx_word' id='word_1_376' title='bbox 1445 1116 1561 1150; x_wconf 74' lang='grc' dir='ltr'>λυπῶ</span> <span class='ocrx_word' id='word_1_377' title='bbox 1588 1119 1628 1151; x_wconf 74' lang='grc' dir='ltr'>σε</span> <span class='ocrx_word' id='word_1_378' title='bbox 1646 1114 1802 1162; x_wconf 73' lang='grc' dir='ltr'><em>λύχνον</em></span> <span class='ocrx_word' id='word_1_379' title='bbox 1823 1118 1974 1154; x_wconf 55' lang='lat' dir='ltr'>aalma«</span> <span class='ocrx_word' id='word_1_380' title='bbox 2015 1122 2063 1154; x_wconf 82' lang='lat' dir='ltr'>Et</span> 
     </span>
     <span class='ocr_line' id='line_1_52' title="bbox 1101 1177 1936 1226; baseline 0.005 -16"><span class='ocrx_word' id='word_1_381' title='bbox 1101 1177 1206 1210; x_wconf 81' lang='lat' dir='ltr'>Cinna</span> <span class='ocrx_word' id='word_1_382' title='bbox 1227 1177 1289 1222; x_wconf 87' lang='lat' dir='ltr'>(ap.</span> <span class='ocrx_word' id='word_1_383' title='bbox 1303 1178 1417 1210; x_wconf 84' lang='lat' dir='ltr'>Isidor.</span> <span class='ocrx_word' id='word_1_384' title='bbox 1429 1185 1522 1223; x_wconf 76' lang='lat' dir='ltr'>etym.</span> <span class='ocrx_word' id='word_1_385' title='bbox 1543 1182 1577 1220; x_wconf 79' lang='lat' dir='ltr'>G,</span> <span class='ocrx_word' id='word_1_386' title='bbox 1599 1182 1655 1220; x_wconf 73' lang='lat'>12,</span> <span class='ocrx_word' id='word_1_387' title='bbox 1676 1194 1706 1224; x_wconf 86' lang='lat' dir='ltr'>p.</span> <span class='ocrx_word' id='word_1_388' title='bbox 1723 1182 1796 1213; x_wconf 75' lang='grc'>259</span> <span class='ocrx_word' id='word_1_389' title='bbox 1814 1182 1936 1226; x_wconf 57' lang='lat' dir='ltr'>Areu).</span> 
     </span>
    </p>

    <p class='ocr_par' dir='ltr' id='par_1_9' title="bbox 1156 1239 2008 1287">
     <span class='ocr_line' id='line_1_53' title="bbox 1156 1239 2008 1287; baseline 0.007 -18"><span class='ocrx_word' id='word_1_390' title='bbox 1156 1239 1267 1270; x_wconf 75' lang='lat' dir='ltr'>»Haec</span> <span class='ocrx_word' id='word_1_391' title='bbox 1287 1240 1345 1271; x_wconf 73' lang='lat' dir='ltr'>tibi</span> <span class='ocrx_word' id='word_1_392' title='bbox 1367 1242 1500 1273; x_wconf 74' lang='lat' dir='ltr'>Arateis</span> <span class='ocrx_word' id='word_1_393' title='bbox 1523 1242 1659 1273; x_wconf 80' lang='lat' dir='ltr'>multum</span> <span class='ocrx_word' id='word_1_394' title='bbox 1681 1243 1850 1287; x_wconf 71' lang='lat' dir='ltr'>inve&#39;qilata</span> <span class='ocrx_word' id='word_1_395' title='bbox 1865 1244 2008 1276; x_wconf 68' lang='lat' dir='ltr'>lucernis</span> 
     </span>
    </p>

    <p class='ocr_par' dir='ltr' id='par_1_10' title="bbox 1096 1302 2061 1969">
     <span class='ocr_line' id='line_1_54' title="bbox 1150 1302 1522 1335; baseline 0.011 -2"><span class='ocrx_word' id='word_1_396' title='bbox 1150 1302 1307 1335; x_wconf 80' lang='lat' dir='ltr'>Carmina</span> <span class='ocrx_word' id='word_1_397' title='bbox 1335 1322 1383 1329; x_wconf 97' lang='lat'>—</span> <span class='ocrx_word' id='word_1_398' title='bbox 1405 1323 1451 1328; x_wconf 91' lang='lat'>—</span> <span class='ocrx_word' id='word_1_399' title='bbox 1471 1323 1522 1330; x_wconf 88' lang='lat'>·—</span> 
     </span>
     <span class='ocr_line' id='line_1_55' title="bbox 1100 1365 2058 1412; baseline 0.006 -15"><span class='ocrx_word' id='word_1_400' title='bbox 1100 1365 1241 1398; x_wconf 84' lang='lat' dir='ltr'>Causam</span> <span class='ocrx_word' id='word_1_401' title='bbox 1260 1378 1336 1398; x_wconf 66' lang='lat' dir='ltr'>vero</span> <span class='ocrx_word' id='word_1_402' title='bbox 1357 1379 1414 1399; x_wconf 83' lang='lat' dir='ltr'>cur</span> <span class='ocrx_word' id='word_1_403' title='bbox 1432 1373 1597 1411; x_wconf 83' lang='lat' dir='ltr'>tantopere</span> <span class='ocrx_word' id='word_1_404' title='bbox 1616 1369 1750 1401; x_wconf 83' lang='lat' dir='ltr'>amarint</span> <span class='ocrx_word' id='word_1_405' title='bbox 1768 1371 1850 1401; x_wconf 84' lang='lat' dir='ltr'>hane</span> <span class='ocrx_word' id='word_1_406' title='bbox 1874 1370 2058 1412; x_wconf 79' lang='lat' dir='ltr'>allegoriam</span> 
     </span>
     <span class='ocr_line' id='line_1_56' title="bbox 1100 1426 2059 1477; baseline 0.009 -22"><span class='ocrx_word' id='word_1_407' title='bbox 1100 1426 1282 1469; x_wconf 85' lang='lat' dir='ltr'>scriptores,</span> <span class='ocrx_word' id='word_1_408' title='bbox 1302 1427 1514 1469; x_wconf 82' lang='lat' dir='ltr'>Epicharmus</span> <span class='ocrx_word' id='word_1_409' title='bbox 1531 1428 1594 1472; x_wconf 91' lang='lat' dir='ltr'>(ap.</span> <span class='ocrx_word' id='word_1_410' title='bbox 1613 1429 1747 1461; x_wconf 86' lang='lat' dir='ltr'>Cornut.</span> <span class='ocrx_word' id='word_1_411' title='bbox 1760 1431 1814 1462; x_wconf 81' lang='lat'>14.</span> <span class='ocrx_word' id='word_1_412' title='bbox 1832 1444 1862 1474; x_wconf 86' lang='lat' dir='ltr'>p.</span> <span class='ocrx_word' id='word_1_413' title='bbox 1882 1433 1950 1463; x_wconf 80' lang='lat'>161</span> <span class='ocrx_word' id='word_1_414' title='bbox 1971 1432 2059 1477; x_wconf 89' lang='lat' dir='ltr'>Gal.)</span> 
     </span>
     <span class='ocr_line' id='line_1_57' title="bbox 1099 1488 2060 1538; baseline 0.012 -21"><span class='ocrx_word' id='word_1_415' title='bbox 1099 1488 1206 1530; x_wconf 87' lang='lat' dir='ltr'>prodit</span> <span class='ocrx_word' id='word_1_416' title='bbox 1223 1489 1311 1519; x_wconf 87' lang='lat' dir='ltr'>hisce</span> <span class='ocrx_word' id='word_1_417' title='bbox 1330 1489 1454 1519; x_wconf 70' lang='lat' dir='ltr'>verbis:</span> <span class='ocrx_word' id='word_1_418' title='bbox 1478 1490 1533 1524; x_wconf 78' lang='grc' dir='ltr'>»εἴ</span> <span class='ocrx_word' id='word_1_419' title='bbox 1551 1489 1592 1523; x_wconf 80' lang='grc' dir='ltr'>τὲ</span> <span class='ocrx_word' id='word_1_420' title='bbox 1614 1502 1650 1523; x_wconf 85' lang='grc' dir='ltr'>τι</span> <span class='ocrx_word' id='word_1_421' title='bbox 1670 1490 1800 1535; x_wconf 78' lang='grc' dir='ltr'><em>ζητεῖς</em></span> <span class='ocrx_word' id='word_1_422' title='bbox 1821 1491 1958 1538; x_wconf 77' lang='grc' dir='ltr'><em>σοφὸν,</em></span> <span class='ocrx_word' id='word_1_423' title='bbox 1985 1494 2060 1538; x_wconf 78' lang='grc' dir='ltr'>τῆς</span> 
     </span>
     <span class='ocr_line' id='line_1_58' title="bbox 1098 1547 2061 1598; baseline 0.007 -17"><span class='ocrx_word' id='word_1_424' title='bbox 1098 1547 1242 1587; x_wconf 71' lang='grc' dir='ltr'><em>νυκτὸς</em></span> <span class='ocrx_word' id='word_1_425' title='bbox 1274 1549 1553 1594; x_wconf 75' lang='grc' dir='ltr'>ἐνθ·υμητεόν.«</span> <span class='ocrx_word' id='word_1_426' title='bbox 1616 1552 1734 1584; x_wconf 81' lang='lat' dir='ltr'>Omnia</span> <span class='ocrx_word' id='word_1_427' title='bbox 1763 1555 1847 1586; x_wconf 86' lang='lat' dir='ltr'>enim</span> <span class='ocrx_word' id='word_1_428' title='bbox 1878 1557 2061 1598; x_wconf 85' lang='lat' dir='ltr'>praeclara,</span> 
     </span>
     <span class='ocr_line' id='line_1_59' title="bbox 1099 1603 2059 1658; baseline 0.011 -19"><span class='ocrx_word' id='word_1_429' title='bbox 1099 1610 1263 1641; x_wconf 83' lang='lat' dir='ltr'>Cornutus</span> <span class='ocrx_word' id='word_1_430' title='bbox 1282 1610 1386 1651; x_wconf 83' lang='lat' dir='ltr'>addit,</span> <span class='ocrx_word' id='word_1_431' title='bbox 1413 1611 1527 1641; x_wconf 87' lang='lat' dir='ltr'>melius</span> <span class='ocrx_word' id='word_1_432' title='bbox 1544 1617 1660 1652; x_wconf 72' lang='lat' dir='ltr'>noctu,</span> <span class='ocrx_word' id='word_1_433' title='bbox 1683 1626 1779 1656; x_wconf 86' lang='lat' dir='ltr'>quam</span> <span class='ocrx_word' id='word_1_434' title='bbox 1799 1616 1867 1656; x_wconf 89' lang='lat' dir='ltr'>die,</span> <span class='ocrx_word' id='word_1_435' title='bbox 1890 1603 2059 1658; x_wconf 79' lang='lat' dir='ltr'>cogitando</span> 
     </span>
     <span class='ocr_line' id='line_1_60' title="bbox 1096 1661 2057 1716; baseline 0.009 -14"><span class='ocrx_word' id='word_1_436' title='bbox 1096 1671 1309 1715; x_wconf 52' lang='lat' dir='ltr'>«reperiuntur.</span> <span class='ocrx_word' id='word_1_437' title='bbox 1336 1671 1543 1716; x_wconf 74' lang='lat' dir='ltr'>Quapropter</span> <span class='ocrx_word' id='word_1_438' title='bbox 1559 1673 1747 1716; x_wconf 63' lang='lat' dir='ltr'>Propertius</span> <span class='ocrx_word' id='word_1_439' title='bbox 1771 1661 1966 1708; x_wconf 55' lang='lat' dir='ltr'>»estremasu</span> <span class='ocrx_word' id='word_1_440' title='bbox 1993 1691 2057 1711; x_wconf 86' lang='lat' dir='ltr'>me-</span> 
     </span>
     <span class='ocr_line' id='line_1_61' title="bbox 1098 1734 2059 1783; baseline 0.009 -17"><span class='ocrx_word' id='word_1_441' title='bbox 1098 1740 1201 1766; x_wconf 87' lang='lat' dir='ltr'>morat</span> <span class='ocrx_word' id='word_1_442' title='bbox 1229 1734 1432 1775; x_wconf 71' lang='lat' dir='ltr'>»lucernas«,</span> <span class='ocrx_word' id='word_1_443' title='bbox 1467 1741 1500 1766; x_wconf 88' lang='lat' dir='ltr'>ct</span> <span class='ocrx_word' id='word_1_444' title='bbox 1517 1735 1685 1768; x_wconf 63' lang='lat' dir='ltr'>«luvenalis</span> <span class='ocrx_word' id='word_1_445' title='bbox 1708 1738 1765 1782; x_wconf 82' lang='lat'>(1,</span> <span class='ocrx_word' id='word_1_446' title='bbox 1788 1740 1849 1783; x_wconf 70' lang='lat'>51)</span> <span class='ocrx_word' id='word_1_447' title='bbox 1872 1741 2059 1775; x_wconf 69' lang='lat' dir='ltr'>Venusinae</span> 
     </span>
     <span class='ocr_line' id='line_1_62' title="bbox 1099 1799 2059 1847; baseline 0.008 -17"><span class='ocrx_word' id='word_1_448' title='bbox 1099 1799 1247 1830; x_wconf 86' lang='lat' dir='ltr'>lucernae</span> <span class='ocrx_word' id='word_1_449' title='bbox 1266 1799 1393 1831; x_wconf 87' lang='lat' dir='ltr'>nomine</span> <span class='ocrx_word' id='word_1_450' title='bbox 1410 1799 1605 1832; x_wconf 65' lang='lat' dir='ltr'>Horati-‘inas</span> <span class='ocrx_word' id='word_1_451' title='bbox 1626 1801 1867 1835; x_wconf 82' lang='lat' dir='ltr'>lucubrationes</span> <span class='ocrx_word' id='word_1_452' title='bbox 1884 1805 2059 1847; x_wconf 71' lang='lat' dir='ltr'>insignivit.</span> 
     </span>
     <span class='ocr_line' id='line_1_63' title="bbox 1098 1862 2058 1914; baseline 0.008 -21"><span class='ocrx_word' id='word_1_453' title='bbox 1098 1863 1277 1906; x_wconf 87' lang='lat' dir='ltr'>Utrumque</span> <span class='ocrx_word' id='word_1_454' title='bbox 1307 1862 1417 1904; x_wconf 85' lang='lat' dir='ltr'>junxit</span> <span class='ocrx_word' id='word_1_455' title='bbox 1437 1862 1607 1895; x_wconf 84' lang='lat' dir='ltr'>Ausonius</span> <span class='ocrx_word' id='word_1_456' title='bbox 1640 1865 1863 1909; x_wconf 77' lang='lat' dir='ltr'>epigrammate</span> <span class='ocrx_word' id='word_1_457' title='bbox 1887 1867 1940 1912; x_wconf 83' lang='lat'>(4)</span> <span class='ocrx_word' id='word_1_458' title='bbox 1970 1870 2058 1914; x_wconf 78' lang='lat' dir='ltr'>quod</span> 
     </span>
     <span class='ocr_line' id='line_1_64' title="bbox 1097 1925 1586 1969; baseline -0.002 -11"><span class='ocrx_word' id='word_1_459' title='bbox 1097 1926 1186 1958; x_wconf 83' lang='lat' dir='ltr'>fastis</span> <span class='ocrx_word' id='word_1_460' title='bbox 1209 1925 1390 1969; x_wconf 84' lang='lat' dir='ltr'>praemisit,</span> <span class='ocrx_word' id='word_1_461' title='bbox 1424 1927 1586 1959; x_wconf 71' lang='lat' dir='ltr'>versibusz</span> 
     </span>
    </p>

    <p class='ocr_par' dir='ltr' id='par_1_11' title="bbox 1155 1990 2002 2037">
     <span class='ocr_line' id='line_1_65' title="bbox 1155 1990 2002 2037; baseline 0.007 -16"><span class='ocrx_word' id='word_1_462' title='bbox 1155 1990 1224 2022; x_wconf 82' lang='lat' dir='ltr'>»Sit</span> <span class='ocrx_word' id='word_1_463' title='bbox 1241 1996 1316 2022; x_wconf 77' lang='lat' dir='ltr'>tuus</span> <span class='ocrx_word' id='word_1_464' title='bbox 1334 1991 1386 2022; x_wconf 75' lang='grc' dir='ltr'>Ιιὶι·</span> <span class='ocrx_word' id='word_1_465' title='bbox 1398 1990 1548 2033; x_wconf 63' lang='lat' dir='ltr'>fluetus,</span> <span class='ocrx_word' id='word_1_466' title='bbox 1574 1992 1726 2035; x_wconf 58' lang='lat' dir='ltr'>vigilatas</span> <span class='ocrx_word' id='word_1_467' title='bbox 1744 1995 1851 2037; x_wconf 73' lang='lat' dir='ltr'>accipe</span> <span class='ocrx_word' id='word_1_468' title='bbox 1874 2001 2002 2036; x_wconf 85' lang='lat' dir='ltr'>noctes,</span> 
     </span>
    </p>

    <p class='ocr_par' dir='ltr' id='par_1_12' title="bbox 1096 2054 2056 2287">
     <span class='ocr_line' id='line_1_66' title="bbox 1149 2054 1844 2101; baseline 0.006 -16"><span class='ocrx_word' id='word_1_469' title='bbox 1149 2054 1348 2101; x_wconf 70' lang='lat' dir='ltr'>Obseqvtt&#39;tm·</span> <span class='ocrx_word' id='word_1_470' title='bbox 1362 2056 1470 2087; x_wconf 77' lang='lat' dir='ltr'>studio</span> <span class='ocrx_word' id='word_1_471' title='bbox 1485 2061 1598 2087; x_wconf 67' lang='lat' dir='ltr'>twstra</span> <span class='ocrx_word' id='word_1_472' title='bbox 1612 2055 1743 2088; x_wconf 77' lang='lat' dir='ltr'>lucerna</span> <span class='ocrx_word' id='word_1_473' title='bbox 1761 2063 1825 2089; x_wconf 80' lang='lat' dir='ltr'>tuo.</span> <span class='ocrx_word' id='word_1_474' title='bbox 1833 2072 1844 2085; x_wconf 75' lang='lat' dir='ltr'>u</span> 
     </span>
     <span class='ocr_line' id='line_1_67' title="bbox 1096 2116 2056 2166; baseline 0.007 -18"><span class='ocrx_word' id='word_1_475' title='bbox 1096 2116 1191 2149; x_wconf 84' lang='lat' dir='ltr'>Unde</span> <span class='ocrx_word' id='word_1_476' title='bbox 1211 2123 1244 2149; x_wconf 84' lang='lat' dir='ltr'>et</span> <span class='ocrx_word' id='word_1_477' title='bbox 1261 2116 1388 2149; x_wconf 86' lang='lat' dir='ltr'>Gellius</span> <span class='ocrx_word' id='word_1_478' title='bbox 1407 2117 1525 2150; x_wconf 87' lang='lat' dir='ltr'>librum</span> <span class='ocrx_word' id='word_1_479' title='bbox 1553 2131 1646 2150; x_wconf 89' lang='lat' dir='ltr'>suum</span> <span class='ocrx_word' id='word_1_480' title='bbox 1666 2120 1787 2152; x_wconf 77' lang='lat' dir='ltr'>IVoctes</span> <span class='ocrx_word' id='word_1_481' title='bbox 1807 2121 1969 2166; x_wconf 84' lang='lat' dir='ltr'>inscripsit</span> <span class='ocrx_word' id='word_1_482' title='bbox 1995 2121 2056 2154; x_wconf 84' lang='lat' dir='ltr'>At-</span> 
     </span>
     <span class='ocr_line' id='line_1_68' title="bbox 1098 2177 2054 2226; baseline 0.005 -17"><span class='ocrx_word' id='word_1_483' title='bbox 1098 2178 1185 2211; x_wconf 88' lang='lat' dir='ltr'>ticas.</span> <span class='ocrx_word' id='word_1_484' title='bbox 1230 2177 1396 2211; x_wconf 83' lang='lat' dir='ltr'>Arnobius</span> <span class='ocrx_word' id='word_1_485' title='bbox 1431 2180 1568 2224; x_wconf 88' lang='lat' dir='ltr'>denique</span> <span class='ocrx_word' id='word_1_486' title='bbox 1590 2180 1646 2225; x_wconf 87' lang='lat'>(4.</span> <span class='ocrx_word' id='word_1_487' title='bbox 1667 2193 1698 2225; x_wconf 88' lang='lat' dir='ltr'>p.</span> <span class='ocrx_word' id='word_1_488' title='bbox 1723 2181 1816 2226; x_wconf 76' lang='lat'>·144)</span> <span class='ocrx_word' id='word_1_489' title='bbox 1849 2185 2054 2216; x_wconf 57' lang='lat' dir='ltr'>lucernarum</span> 
     </span>
     <span class='ocr_line' id='line_1_69' title="bbox 1097 2241 1832 2287; baseline 0.005 -16"><span class='ocrx_word' id='word_1_490' title='bbox 1097 2241 1338 2272; x_wconf 80' lang='lat' dir='ltr'>moderatricem</span> <span class='ocrx_word' id='word_1_491' title='bbox 1356 2241 1534 2274; x_wconf 79' lang='lat' dir='ltr'>Minervam</span> <span class='ocrx_word' id='word_1_492' title='bbox 1560 2242 1700 2286; x_wconf 85' lang='lat' dir='ltr'>appellat</span> <span class='ocrx_word' id='word_1_493' title='bbox 1720 2243 1832 2287; x_wconf 82' lang='lat' dir='ltr'>ipsam.</span> 
     </span>
    </p>

    <p class='ocr_par' dir='ltr' id='par_1_13' title="bbox 1097 2303 2054 2539">
     <span class='ocr_line' id='line_1_70' title="bbox 1165 2303 2053 2352; baseline 0.006 -17"><span class='ocrx_word' id='word_1_494' title='bbox 1165 2303 1349 2350; x_wconf 46' lang='lat' dir='ltr'>prolixitas]</span> <span class='ocrx_word' id='word_1_495' title='bbox 1377 2304 1502 2338; x_wconf 86' lang='lat' dir='ltr'>Sensus</span> <span class='ocrx_word' id='word_1_496' title='bbox 1526 2305 1611 2337; x_wconf 88' lang='lat' dir='ltr'>idem</span> <span class='ocrx_word' id='word_1_497' title='bbox 1630 2311 1694 2347; x_wconf 87' lang='lat' dir='ltr'>est,</span> <span class='ocrx_word' id='word_1_498' title='bbox 1725 2307 1780 2351; x_wconf 85' lang='lat' dir='ltr'>qui</span> <span class='ocrx_word' id='word_1_499' title='bbox 1806 2308 1840 2340; x_wconf 80' lang='lat' dir='ltr'>in</span> <span class='ocrx_word' id='word_1_500' title='bbox 1862 2307 1999 2340; x_wconf 78' lang='lat' dir='ltr'>Arnobii</span> <span class='ocrx_word' id='word_1_501' title='bbox 2018 2308 2053 2352; x_wconf 86' lang='lat' dir='ltr'>(l.</span> 
     </span>
     <span class='ocr_line' id='line_1_71' title="bbox 1099 2367 2050 2415; baseline 0.002 -16"><span class='ocrx_word' id='word_1_502' title='bbox 1099 2368 1129 2399; x_wconf 85' lang='lat'>1.</span> <span class='ocrx_word' id='word_1_503' title='bbox 1151 2380 1181 2411; x_wconf 89' lang='lat' dir='ltr'>p.</span> <span class='ocrx_word' id='word_1_504' title='bbox 1192 2369 1262 2400; x_wconf 62' lang='lat'>158</span> <span class='ocrx_word' id='word_1_505' title='bbox 1285 2367 1436 2413; x_wconf 74' lang='lat' dir='ltr'>Salmas.)</span> <span class='ocrx_word' id='word_1_506' title='bbox 1456 2370 1578 2401; x_wconf 65' lang='lat' dir='ltr'>verbis:</span> <span class='ocrx_word' id='word_1_507' title='bbox 1598 2382 1657 2401; x_wconf 79' lang='lat' dir='ltr'>»ne</span> <span class='ocrx_word' id='word_1_508' title='bbox 1674 2370 1756 2402; x_wconf 84' lang='lat' dir='ltr'>sorte</span> <span class='ocrx_word' id='word_1_509' title='bbox 1778 2371 1944 2415; x_wconf 80' lang='lat' dir='ltr'>prolixitas</span> <span class='ocrx_word' id='word_1_510' title='bbox 1963 2371 2050 2402; x_wconf 85' lang='lat' dir='ltr'>sasti-</span> 
     </span>
     <span class='ocr_line' id='line_1_72' title="bbox 1097 2431 2054 2476; baseline 0.004 -15"><span class='ocrx_word' id='word_1_511' title='bbox 1097 2431 1183 2462; x_wconf 83' lang='lat' dir='ltr'>dium</span> <span class='ocrx_word' id='word_1_512' title='bbox 1195 2432 1373 2464; x_wconf 80' lang='lat' dir='ltr'>audientiae</span> <span class='ocrx_word' id='word_1_513' title='bbox 1387 2432 1497 2476; x_wconf 81' lang='lat' dir='ltr'>pariat.</span> <span class='ocrx_word' id='word_1_514' title='bbox 1506 2447 1517 2462; x_wconf 77' lang='grc' dir='ltr'><strong>α</strong></span> <span class='ocrx_word' id='word_1_515' title='bbox 1541 2433 1646 2465; x_wconf 82' lang='lat' dir='ltr'>Multo</span> <span class='ocrx_word' id='word_1_516' title='bbox 1663 2434 1841 2475; x_wconf 77' lang='lat' dir='ltr'>elegantius</span> <span class='ocrx_word' id='word_1_517' title='bbox 1858 2434 1968 2465; x_wconf 82' lang='lat' dir='ltr'>eadem</span> <span class='ocrx_word' id='word_1_518' title='bbox 1977 2433 2054 2467; x_wconf 81' lang='lat' dir='ltr'>Vir-</span> 
     </span>
     <span class='ocr_line' id='line_1_73' title="bbox 1097 2486 1812 2539; baseline 0.003 -16"><span class='ocrx_word' id='word_1_519' title='bbox 1097 2492 1190 2535; x_wconf 80' lang='lat' dir='ltr'>gilius</span> <span class='ocrx_word' id='word_1_520' title='bbox 1215 2492 1336 2538; x_wconf 83' lang='lat' dir='ltr'>(georg.</span> <span class='ocrx_word' id='word_1_521' title='bbox 1358 2495 1396 2535; x_wconf 83' lang='lat'>1,</span> <span class='ocrx_word' id='word_1_522' title='bbox 1417 2486 1515 2539; x_wconf 53' lang='lat'>177)</span> <span class='ocrx_word' id='word_1_523' title='bbox 1531 2495 1679 2539; x_wconf 85' lang='lat' dir='ltr'>exprimit</span> <span class='ocrx_word' id='word_1_524' title='bbox 1701 2507 1812 2527; x_wconf 65' lang='lat' dir='ltr'>versu:</span> 
     </span>
    </p>
   </div>
   <div class='ocr_carea' id='block_1_7' title="bbox 1153 2557 2042 2606">
    <p class='ocr_par' dir='ltr' id='par_1_14' title="bbox 1153 2557 2042 2606">
     <span class='ocr_line' id='line_1_74' title="bbox 1153 2557 2042 2606; baseline 0.002 -17"><span class='ocrx_word' id='word_1_525' title='bbox 1153 2557 1218 2590; x_wconf 70' lang='lat' dir='ltr'>»Ni</span> <span class='ocrx_word' id='word_1_526' title='bbox 1234 2558 1373 2602; x_wconf 52' lang='lat' dir='ltr'>refuqzb,</span> <span class='ocrx_word' id='word_1_527' title='bbox 1398 2564 1574 2606; x_wconf 77' lang='lat' dir='ltr'>tenuesque</span> <span class='ocrx_word' id='word_1_528' title='bbox 1596 2562 1684 2603; x_wconf 70' lang='lat' dir='ltr'>piyet</span> <span class='ocrx_word' id='word_1_529' title='bbox 1706 2570 1894 2602; x_wconf 71' lang='lat' dir='ltr'>coquoscere</span> <span class='ocrx_word' id='word_1_530' title='bbox 1916 2570 2042 2592; x_wconf 53' lang='lat' dir='ltr'>cut-usn</span> 
     </span>
    </p>
   </div>
  </div>
 </body>
</html>
