2310 2860
733 181 931 223 Martiani
963 181 1162 238 Capellae
1191 180 1263 223 lib.
1291 180 1346 223 V.
1376 183 1408 233 §.
1432 181 1534 223 531.
2025 185 2117 226 455

162 294 392 349 pugnantia
422 293 530 333 inter
560 306 603 332 se
634 290 810 346 paribus
841 289 1018 330 vocibus
1048 288 1326 339 colliduntur,
1366 287 1435 329 vel
1466 288 1585 344 paria
1618 290 1791 345 paribus
1822 299 2116 346 opponuntur,

161 383 207 415 ut
239 384 299 415 est
332 374 566 415 Ciceronis:
596 372 778 424 „domus
815 372 888 412 tibi
915 372 1077 422 deerat,
1122 381 1163 412 at
1198 369 1408 422 habebas3
1452 370 1633 425 pecunia
1670 370 1920 426 superabat,
1951 380 1991 412 at
2020 386 2116 427 ege—

160 453 276 505 bas“,
319 464 392 494 aut
425 455 458 495 si
490 454 622 494 dicas:
659 453 729 504 „in
768 467 871 508 pace
908 451 961 492 ad
1001 452 1216 493 vexandos
1259 452 1370 493 cives
1412 452 1669 502 acerrimus,
1713 452 1756 492 in
1795 453 1906 493 bello
1947 452 1999 493 ad
2038 468 2116 494 ex-

159 534 410 590 pu'gnandos
444 534 584 575 hostes
615 534 933 576 inertissimusf‘
989 533 1181 574 Isocolon
1225 542 1515 588 exaequatum
1549 533 1775 583 membris,
1807 533 1923 587 quod
1956 532 2000 574 fit
2030 548 2117 574 non

159 615 201 656 in
230 616 515 671 pugnantibus
555 616 662 657 inter
701 631 745 656 se
778 615 941 662 verbis,
981 614 1054 655 sed
1086 614 1261 670 paribus
1293 614 1561 668 exaequatis,
1606 623 1652 654 ut
1681 614 1714 654 si
1745 613 1877 655 dicas:
1909 615 2115 666 „classem

158 696 509 750 speciosissimam
549 706 589 737 et
627 696 963 738 robustissimam
1000 696 1219 745 instruxit,
1268 695 1501 736 exercitum
1535 693 1876 750 pulcherrimum
1909 705 1948 735 et
1977 695 2117 736 fortis-

160 780 319 821 simum
361 779 480 833 legit,
527 779 738 819 sociorum
780 779 1017 819 maximam
1064 787 1102 817 ct
1139 776 1427 817 fidelissimam
1462 791 1640 816 manum
1673 776 1977 830 co1nparavit.“
2036 777 2117 816 Pa·—

158 858 271 899 rison
316 874 450 914 prope
492 868 738 912 aequatum.
793 859 910 900 Haec
948 857 1083 913 figura
1117 857 1258 899 differt
1293 872 1318 900 a
1360 858 1603 913 superiore,
1667 857 1781 912 quod
1820 857 1878 896 ibi
1920 858 2116 898 omnium

159 940 459 982 membrorum
501 956 654 996 genera
691 942 811 997 paria
843 951 941 982 sunt
975 956 1179 991 numero,
1218 940 1288 981 hio
1319 954 1406 980 uno
1438 939 1506 980 vel
1546 939 1676 980 altero
1711 937 1851 979 addito
1882 937 1924 977 in
1963 937 2116 990 quovis

157 1020 249 1061 loco
281 1031 420 1062 cetera
452 1032 699 1063 excurrunt.
729 1023 1072 1077 Homoeoptoton
1097 1021 1232 1062 simile
1260 1022 1447 1074 casibus,
1478 1036 1578 1062 nam
1599 1036 1652 1062 ex
1683 1035 1731 1061 eo
1762 1034 1917 1060 nomen
1945 1019 2116 1074 accepit,
2146 1019 2239 1063 552

158 1101 275 1155 quod
307 1102 398 1142 cola
431 1103 574 1143 omnia
603 1103 644 1142 iu
680 1102 850 1142 eosdem
886 1117 1006 1143 casus
1037 1103 1215 1153 cadunt,
1266 1113 1313 1144 ut
1343 1114 1421 1144 est:
1454 1103 1584 1154 „huic
1614 1103 1746 1143 socios
1777 1111 1939 1144 vestros
1970 1102 2115 1142 crimi-

154 1181 294 1232 nanti,
339 1191 378 1222 et
409 1181 460 1222 ad
492 1182 654 1222 bellum
688 1197 763 1223 vos
795 1182 1050 1233 cohortanti,
1094 1193 1133 1223 et
1172 1184 1371 1224 omnibus
1418 1183 1555 1224 modis
1594 1193 1641 1224 ut
1681 1184 1722 1223 in
1756 1183 1944 1224 tumultu
1977 1184 2116 1224 essetis

157 1261 360 1302 volenti“.
420 1264 826 1315 Homoeoteleuton,
878 1264 1005 1304 simili
1053 1264 1181 1305 modo
1225 1264 1579 1315 determinatum,
1633 1263 1773 1305 differt
1811 1279 1835 1305 a
1877 1265 2116 1321 superiore,

157 1342 276 1396 quod*
305 1343 412 1384 illud
449 1352 489 1383 et
521 1358 623 1383 casu
658 1353 697 1384 et
728 1359 831 1385 sono
867 1345 993 1385 simili
1033 1354 1246 1398 postrema
1283 1344 1416 1385 verba
1455 1344 1729 1396 determinat,
1774 1344 1857 1386 hoc
1888 1361 1991 1387 vero
2026 1346 2117 1387 soni

156 1431 322 1463 tantum
365 1423 639 1463 similitudine
682 1423 763 1463 sub
802 1438 1064 1478 quacunque
1098 1425 1220 1465 verbi
1254 1424 1548 1464 enunciatione
1584 1425 1868 1478 componitur.
1926 1425 2116 1465 Pareno—

156 1505 290 1546 masia
346 1504 452 1545 levis
500 1504 743 1545 immutatio
788 1504 909 1544 verbi
955 1518 1003 1544 ae
1042 1503 1248 1553 nominis,
1310 1503 1353 1544 id
1402 1513 1460 1544 est
1500 1518 1638 1559 quum
1675 1504 1839 1559 syllaba
1884 1514 1956 1545 aut
1996 1505 2118 1546 litera

155 1624 220 1645 11011
247 1613 352 1645 solum
381 1625 422 1645 ex
446 1612 568 1657 Aquila
593 1614 643 1657 (p.
665 1612 770 1655 166);
797 1612 854 1644 sed
879 1624 919 1644 ex
943 1612 1111 1644 Ciceronis
1164 1624 1289 1643 50115001
1308 1612 1352 1655 (in
1371 1612 1471 1653 judic.
1485 1613 1524 1643 de
1541 1613 1641 1644 Isocr.
1655 1611 1798 1656 passim),
1817 1620 1849 1646 et
1862 1613 2116 1657 Quinctilianum

150 1675 248 1718 (orat.
268 1675 329 1717 50)
352 1675 446 1706 etiam
470 1676 558 1707 hisce
584 1675 704 1707 verbis:
729 1686 873 1718 »semper
903 1676 997 1714 hacc,
1029 1685 1110 1717 quae

156 1738 272 1770 Graeci
302 1736 491 1773 ἀντίθετα
517 1739 698 1779 nominant,
738 1750 836 1781 quum
863 1737 1030 1770 contrariis
1059 1749 1110 1780 op-

153 1808 319 1844 ponuntur
339 1802 514 1842 contraria,
549 1814 716 1834 numerum
744 1802 910 1833 efficiunt.-
951 1800 1110 1833 Subtilius

155 1873 173 1893 0
195 1862 319 1894 Rutilio
339 1864 381 1906 (p.
396 1863 480 1905 125)
502 1863 742 1905 Quinctilianus
760 1863 808 1905 (9,
831 1864 867 1902 5,
889 1864 954 1898 81;
980 1875 1010 1905 p.
1026 1863 1110 1900 506,

155 1929 187 1954 et
211 1924 251 1963 9,
272 1925 312 1963 5,
337 1924 404 1963 923
437 1935 468 1966 p.
492 1925 564 1955 515
586 1923 720 1967 Spald.)
749 1924 903 1954 antitheta
935 1923 1111 1964 distinguit.

155 1984 350 2027 Exemplum
370 1995 434 2027 quo
458 1985 558 2015 utitur
579 1990 705 2024 noster,
732 1996 798 2016 non
822 1984 926 2015 solum
948 1985 1032 2028 apud
1057 1984 1110 2016 Ci-

154 2059 302 2079 ceronem
320 2048 426 2092 ipsum
449 2048 540 2091 (orat.
556 2047 634 2091 67),
663 2048 720 2079 scd
739 2049 822 2091 apud
842 2048 994 2091 Aquilam
1016 2048 1110 2080 etiam

155 2117 186 2144 et
206 2111 461 2153 Quinctilianum
479 2111 533 2155 (9,
559 2112 599 2151 4,
627 2111 717 2152 122,
746 2124 776 2155 p.
794 2111 881 2154 624)
898 2112 1024 2153 legitur.

228 2181 287 2206 aut
311 2176 342 2206 si
368 2173 476 2220 dicas]
503 2175 556 2205 Ex
578 2176 639 2206 hoc
669 2180 819 2218 apparet,
851 2187 915 2206 non
942 2174 1109 2206 Ciceronis

156 2237 336 2280 exemplum
365 2249 453 2278 0550,
483 2237 542 2268 sed
564 2236 603 2268 ab
627 2235 750 2281 Aquila
770 2237 889 2269 fletum.
903 2237 1033 2269 RunNK.
1055 2236 1109 2281 (ad

156 2298 242 2343 Aqu.
263 2311 294 2342 p.
312 2300 406 2343 167).

232 2361 466 2409 exaequatum]
504 2364 590 2396 Male
620 2364 770 2397 Grotius:
805 2369 871 2395 »est
898 2369 1100 2411 aequatum.u

155 2422 230 2456 Non
264 2423 438 2455 anteriores
467 2429 589 2456 tantum
617 2426 774 2457 editiones
806 2437 912 2457 veram
937 2426 1108 2457 lectionem

155 2485 365 2529 praebebant,
389 2485 446 2516 sed
468 2484 589 2529 Aquila
612 2486 704 2518 etiam
728 2488 773 2531 (p.
789 2488 892 2532 167);
919 2500 983 2531 quo
1008 2488 1107 2530 magis

156 2547 334 2590 culpandus
359 2546 492 2578 Grotius
523 2552 582 2578 est.
613 2547 664 2578 De
686 2548 756 2591 ipsa
775 2549 877 2591 figura
901 2551 1010 2582 confer
1031 2549 1105 2581 Ari-

158 2610 303 2643 stotelem
321 2610 412 2653 (rhet.
431 2610 470 2641 ad
489 2608 583 2642 Alex.
599 2610 671 2653 26),
690 2611 882 2656 Dionysium
897 2613 1102 2645 Halicarnas-

1162 1675 1216 1717 (9,
1239 1675 1279 1714 5,
1307 1675 1371 1713 803
1398 1673 1539 1717 9505).

1236 1734 1346 1780 prope]
1374 1736 1441 1766 Pro
1467 1737 1595 1779 proprie
1617 1735 1650 1767 in
1677 1736 1771 1767 editis
1796 1747 1861 1768 non
1885 1742 2007 1768 tantum
2032 1737 2117 1768 codi-

1160 1809 1215 1829 ces
1238 1797 1520 1837 Darmstattensis,
1550 1797 1841 1837 Reichenauensis,
1871 1804 1903 1829 et
1937 1798 2115 1830 Grotianus

1162 1859 1298 1900 hahent3
1323 1860 1380 1890 sed
1408 1858 1528 1902 Aquila
1553 1859 1647 1890 etiam
1669 1859 1712 1903 (p.
1729 1861 1799 1891 168
1817 1860 1969 1903 Ruhnk.).

1238 1921 1392 1967 onmium]
1411 1922 1631 1964 Corrigendus
1650 1935 1691 1956 ex
1711 1921 1832 1967 Aquila
1852 1924 1945 1956 Mart.
1969 1924 2118 1968 Capella,

1163 1984 1218 2015 uhi
1239 1984 1282 2015 ita
1301 1984 1433 2025 legitur:
1457 1984 1562 2028 »quod
1579 1984 1624 2016 ibi
1641 1986 1747 2016 omnia
1764 1985 1976 2017 membrorum
1996 1998 2117 2029 genera

1161 2047 1266 2091 paria«
1286 2053 1347 2081 eet.
1363 2047 1464 2080 MSS.
1485 2048 1663 2080 Leidenses
1687 2064 1698 2077 n
1707 2051 1846 2081 omnium
1867 2050 2110 2082 menibroriim.u

1161 2111 1275 2144 Recte.
1293 2112 1422 2143 Rrfflm.
1438 2112 1488 2156 (ad
1503 2111 1590 2156 Aqu.
1610 2125 1644 2158 p.
1663 2112 1747 2156 168)
1762 2131 1809 2137 —
1828 2114 2001 2145 Praeterea
2019 2116 2116 2146 verba

1160 2173 1257 2204 hahet
1275 2185 1333 2217 pro
1356 2186 1476 2219 qenera
1497 2172 1635 2218 Aquila,
1662 2174 1720 2206 sed
1736 2174 1844 2207 invitis
1866 2175 2030 2208 codicibus
2047 2186 2112 2207 mu-

1159 2240 1228 2267 tare
1253 2235 1352 2267 nolui.
1441 2278 1443 2280 η

1234 2297 1374 2344 volenti]
1406 2297 1527 2343 Aquila
1551 2299 1596 2344 (p.
1621 2300 1706 2344 169)
1732 2301 1892 2339 molienti,
1919 2300 2004 2343 quod
2030 2299 2113 2343 apud

1160 2366 1305 2393 nostrum
1331 2373 1460 2405 quoque
1486 2362 1600 2406 reponi
1625 2362 1693 2394 vult
1715 2361 1945 2400 Ruhnkeuius3
1983 2368 2112 2392 temere.

1233 2422 1522 2468 homoeoteleuton]
1546 2425 1681 2455 Praeter
1700 2422 1854 2467 Aquilam
1873 2423 1916 2466 (p.
1936 2420 2020 2465 169)
2035 2433 2111 2454 0011-

1158 2487 1206 2519 ser
1227 2486 1385 2518 Rutilium
1404 2487 1533 2530 Lupum
1551 2488 1593 2532 (p.
1615 2487 1715 2531 125),
1739 2492 1771 2519 et
1793 2485 2044 2531 Quinctilianum
2062 2486 2110 2529 (9,

1156 2552 1197 2592 5,
1222 2551 1287 2590 803
1315 2563 1346 2594 p.
1362 2552 1434 2583 505
1456 2550 1591 2595 Spald.).

1231 2613 1421 2659 immutatio]
1448 2608 1503 2647 lta'
1519 2620 1552 2648 et
1572 2614 1688 2648 Cicero
1710 2612 1750 2643 de
1769 2617 1903 2643 oratore.
1930 2611 1968 2643 In
1988 2610 2109 2655 Aquila
