2310 2860
753 201 953 244 Martiani
992 200 1192 259 Capellae
1228 200 1368 244 lib.II.
1406 201 1555 254 §.158

2049 204 2139 247 189

176 310 346 366 puellae
377 323 511 367 quam
543 310 709 368 plureS,
752 325 941 366 quarum
973 309 1095 351 Artes
1129 309 1254 361 aliae,
1297 309 1402 350 aliae
1433 308 1568 351 dietae
1597 319 1695 352 sunt
1724 309 2006 367 Disciplinae,
2039 311 2144 353 sub-

176 391 295 445 inde,
337 407 449 448 quae
481 393 601 448 virgo
632 407 684 433 ex
715 407 789 434 ore
820 390 1050 442 effuderat,
1097 391 1370 446 colligebant,
1408 390 1450 430 in
1481 404 1611 431 suum
1644 406 1935 448 unaquaeque
1966 392 2144 434 illarum

175 472 461 513 necessarium
502 487 633 513 usum
679 471 1013 525 facultatemque
1051 471 1296 526 corripiens.

177 551 342 594 Urania
374 553 674 610 Calliopeque‚
714 556 942 593 innumera
972 551 1135 606 gremio
1176 565 1424 606 congessere
1465 551 1701 594 volumina.

1362 470 1483 526 Ipsae
1524 471 1651 511 etium
1685 473 1856 524 Musae,
1896 473 2147 528 praesertim

1768 553 1817 595 In
1861 553 1950 594 aliis
1983 554 2147 610 quippe

175 630 392 675 distinctae
424 633 477 674 ad
507 626 658 674 tonum
690 647 738 674 ac
779 631 986 674 deductae
1027 632 1228 688 paginae,
1280 631 1324 674 in
1367 634 1455 675 aliis
1496 634 1646 675 circuli
1689 634 1936 690 lineaeque,
1985 635 2148 676 hemis-

177 713 445 770 phaeriaque
468 730 569 756 eum
600 715 771 771 trigonis
795 725 835 756 et
857 713 1099 771 quadratiS,
1133 713 1532 769 multiangulaeque
1558 715 1722 756 formae
1749 716 2149 771 protheorematnm

175 795 245 837 vel
285 796 596 838 elementorum
646 796 887 838 diversitate
933 796 1157 838 formatae.

176 878 462 933 multigensnn
500 877 543 919 in
583 892 716 919 unam
755 878 942 934 speeiem
980 877 1276 934 eomplicabat.

175 959 289 1000 mela
315 960 520 1015 signaque
545 973 831 1001 numerorum
863 968 902 1000 et
933 960 1129 1001 cantandi
1156 959 1373 1016 quaedam
1402 974 1533 1015 opera
1564 960 1877 1015 praeferebant.
1908 962 2143 1017 Postquain
2178 959 2264 1002 139

1227 795 1396 837 Dehine
1441 796 1607 852 pictura
1653 797 1902 839 animalium
1944 798 2148 840 membra

1346 877 1482 919 Erant
1513 878 1641 919 etiam
1671 878 1792 930 libri,
1834 880 1910 935 qui
1943 895 2148 922 sonorum

175 1039 301 1094 igitur
325 1039 445 1080 illam
472 1038 818 1082 bibliothecalein
851 1040 1018 1097 copiam
1042 1042 1143 1084 nixa
1166 1042 1354 1085 imitatus
1382 1042 1500 1099 virgo
1526 1041 1719 1096 diffudit,
1753 1042 1961 1086 exhausto
1988 1044 2153 1100 pallore

176 1208 237 1254 14)
267 1220 337 1241 tres
361 1210 515 1241 humanas
532 1214 720 1254 praeceptas
741 1210 877 1243 hahere«
903 1215 937 1242 et
953 1209 1049 1255 (ox-at.
1065 1223 1137 1256 par·

174 1271 224 1306 tit.
245 1270 304 1315 19)
334 1272 567 1315 »praecipiendi
588 1284 710 1314 genus«
742 1272 832 1304 dixit.

250 1332 391 1379 puellae]
418 1333 467 1365 Ita
486 1333 628 1366 Galaton
646 1334 826 1366 Homerum
843 1334 991 1379 pinxerat
1008 1345 1138 1367 vomen-

175 1402 258 1438 tem,
283 1396 425 1441 reliquos
444 1402 549 1428 autem
572 1402 686 1441 poetas
707 1409 760 1438 ea,
788 1409 870 1441 quae
900 1398 955 1430 ille
980 1397 1138 1430 evomuis-

177 1465 248 1500 set,
274 1459 456 1492 haurientes
481 1458 570 1504 (Ael.
592 1472 657 1492 var.
684 1461 748 1501 15,
777 1460 850 1504 22).
872 1461 1030 1493 Ceterum
1054 1465 1138 1493 teste

176 1523 356 1556 Arntzenio
373 1523 480 1567 (misc.
498 1535 529 1567 p.
548 1524 621 1555 209
640 1523 682 1566 s.)
702 1523 736 1555 in
756 1523 920 1556 vossiano
939 1524 1048 1556 codiee
1072 1535 1138 1556 nou

174 1589 211 1617 ut
230 1584 365 1617 Grotius
388 1584 505 1625 edidit,
532 1585 616 1616 aliae
639 1604 688 1609 —-
711 1584 852 1624 alterae,
885 1585 944 1617 sed
974 1585 1024 1617 bis
1053 1586 1137 1617 aliae

174 1648 309 1692 legitur,
334 1647 417 1679 sicut
436 1647 598 1692 rescripsi.

250 1708 425 1755 deductae]
460 1710 607 1751 Tenues,
640 1714 677 1741 ut
707 1709 824 1741 crassis
855 1709 920 1742 sint
950 1708 1136 1754 oppositae,

175 1771 208 1805 id
234 1772 322 1817 quod
346 1771 488 1816 apprime
513 1771 664 1804 convenit
687 1783 810 1816 papyro
832 1770 881 1802 illi
907 1770 1138 1815 Aegyptiacae.

175 1836 358 1870 Macrobius
374 1835 520 1880 (Saturn.
538 1836 573 1876 G,
592 1834 629 1879 4)
646 1835 686 1866 ad
704 1835 786 1866 illud
800 1834 930 1877 Virgilii
948 1834 1020 1880 (ecl.
1036 1836 1070 1875 G,
1084 1834 1136 1878 5)=

233 1899 391 1931 „Pascere
412 1903 534 1941 oportet
557 1908 644 1939 oves,
668 1897 841 1929 deductum
858 1897 962 1928 dicere
982 1909 1128 1928 carmen«

178 1961 342 1994 observat:
371 1961 561 1993 »deductum
585 1971 645 2004 pro
672 1959 763 1991 tenui
787 1964 819 1991 et
841 1959 951 1992 subtili
974 1960 1138 2001 eleganter

177 2026 317 2069 positum
345 2030 410 2057 est:
446 2024 494 2057 sie
522 2030 628 2055 autem
660 2028 693 2056 et
728 2022 884 2056 Afranius
923 2023 957 2055 in
986 2023 1135 2066 Virgine:

177 2087 295 2120 Verbis
330 2085 476 2131 pauculis
514 2085 697 2130 respondit,
739 2085 839 2118 tristis
876 2097 956 2118 voce
991 2086 1138 2118 deducta.

175 2150 257 2185 Item
274 2150 360 2195 apud
379 2149 603 2183 Cornificium:
620 2149 770 2181 Deducta
787 2149 863 2180 mihi
883 2160 961 2181 voce
976 2149 1137 2191 garrienti.

177 2214 246 2248 Sed
270 2215 349 2246 haec
379 2214 418 2245 ab
443 2213 499 2245 illo
529 2213 691 2244 fluxerunt
697 2235 711 2253 ,
743 2213 831 2257 quod
860 2213 1061 2257 Pomponius
1087 2231 1137 2238 ——

178 2279 238 2311 ain
253 2290 364 2311 vocem
389 2278 528 2310 deducas
555 2282 699 2321 oportet,
729 2282 766 2309 ut
796 2277 940 2309 mulieris
963 2278 1138 2310 videantur

178 2340 283 2372 verba.
329 2339 416 2371 Juhe
447 2339 543 2371 modo
576 2340 725 2370 afferatur
760 2350 897 2380 munus;
931 2351 992 2381 ego
1026 2351 1137 2372 vocem

179 2403 309 2436 reddam
331 2408 458 2435 tenuem
475 2408 507 2434 et
526 2403 715 2435 timzulmn.«
748 2402 849 2434 Plura
870 2403 910 2435 de
930 2404 1026 2446 liujus
1048 2403 1136 2437 vocis

180 2473 244 2498 tam
270 2466 460 2508 generaliori
490 2478 585 2510 qnam
613 2466 794 2511 specialiori
826 2478 924 2498 sensu
953 2467 1025 2499 vide
1051 2467 1136 2512 apud

180 2527 320 2561 Nonium
339 2526 528 2560 Marcellum
549 2527 593 2570 (p.
615 2528 689 2560 289
713 2527 838 2572 Mere.),
866 2528 918 2560 eui
945 2529 1025 2561 adde
1056 2528 1135 2562 Ovi-

181 2590 268 2623 dium
295 2587 389 2633 (trist.
414 2589 451 2629 1,
478 2588 515 2628 1,
541 2589 589 2619 59
616 2594 649 2620 et
673 2601 714 2622 ex
743 2590 852 2622 Ponto
875 2591 915 2631 1,
944 2592 984 2631 3,
1015 2590 1085 2635 15).

1188 1212 1274 1245 niam
1298 1212 1378 1245 haec
1407 1217 1553 1257 spectare
1582 1212 1751 1253 videntur,
1778 1212 2047 1257 quemadmodum
2080 1212 2154 1245 illae

1195 1277 1255 1308 »ad
1276 1282 1388 1308 tonum
1409 1275 1578 1309 distinctae
1599 1281 1631 1310 et
1651 1277 1807 1310 deductae
1832 1278 1987 1322 paginae«
2013 1278 2053 1309 ad
2076 1283 2152 1322 poe-

1189 1339 1241 1371 sin
1270 1337 1516 1383 Calliopenque.

1262 1400 1571 1447 protheorematum]
1608 1402 1701 1434 Unus
1734 1403 1913 1435 Martianus
1940 1403 2027 1447 quod
2056 1403 2154 1435 seiam

1189 1464 1347 1497 Graecam
1372 1467 1454 1498 hane
1479 1477 1590 1498 vocem
1616 1466 1773 1498 latinitate
1800 1467 1938 1499 donavit.
1982 1468 2070 1499 Usus
2099 1479 2153 1498 au—

1188 1531 1253 1558 tem
1273 1539 1310 1558 ea
1335 1533 1385 1558 est
1409 1527 1470 1567 ita,
1497 1532 1533 1558 ut
1556 1527 1726 1568 iudicaret,
1762 1528 1881 1570 figuras
1913 1529 1985 1559 illas
2023 1529 2153 1572 quidem

1188 1588 1398 1630 geometricas
1424 1600 1514 1630 esse,
1541 1589 1599 1620 sed
1625 1593 1826 1622 astronomos
1851 1601 1906 1622 eas
1923 1592 2152 1636 praecognitos

1187 1651 1305 1681 habere
1330 1650 1363 1680 in
1388 1661 1480 1680 suum
1504 1661 1598 1681 usum
1621 1649 1748 1681 debere.

1261 1708 1428 1756 imitatus]
1465 1710 1634 1742 Pontanus
1662 1716 1774 1743 noster
1799 1712 1908 1744 imitus
1933 1712 2027 1755 legit,
2059 1720 2152 1746 acute

1186 1772 1369 1805 mehercule
1393 1778 1425 1804 et
1448 1772 1621 1815 eleganter.
1659 1772 1728 1806 Sed
1755 1772 1829 1806 MS.
1855 1779 1967 1806 noster
1994 1777 2154 1807 uniuntur

1187 1835 1239 1867 vel
1259 1835 1360 1866 simile
1381 1835 1459 1879 quid
1485 1835 1643 1879 praefert,
1677 1846 1718 1866 ex
1740 1847 1804 1880 quo
1831 1847 1891 1878 ego
1918 1837 2081 1869 undanter
2106 1837 2151 1869 le-

1187 1897 1328 1940 gendum
1352 1909 1424 1929 esse
1443 1897 1636 1939 colligerem.
1657 1895 1714 1930 Sic
1737 1909 1850 1942 supra:
1879 1899 1954 1931 »sed
1979 1899 2055 1930 dum
2077 1900 2152 1931 talia

1188 1958 1278 2001 virgo
1308 1959 1467 1990 undanter
1489 1964 1660 1992 evomeret.
1669 1972 1680 1987 «
1708 1959 1813 1992 Guor.
1829 1978 1877 1984 --·
1901 1961 2018 1993 Imitus
2045 1967 2094 1993 est
2110 1973 2152 1993 ex

1188 2022 1261 2054 imo.
1285 2021 1381 2053 Hanc
1397 2021 1580 2063 lectionem,
1604 2033 1686 2065 quae
1708 2021 1802 2054 unice
1825 2034 1899 2054 vera
1924 2029 1974 2055 est
1991 2023 2044 2067 (⁶2),
2063 2030 2150 2055 reete

1189 2082 1324 2116 Grotius
1357 2095 1398 2115 ex
1427 2083 1614 2126 conjectura
1641 2083 1782 2115 Pontaui
1813 2085 1968 2128 reposuit.
1999 2085 2085 2118 Geli.
2114 2085 2151 2117 I.-

1187 2147 1231 2183 Π,
1251 2148 1316 2179 5οι
1333 2147 1518 2192 »undasque
1535 2167 1583 2172 —-
1595 2147 1625 2179 vi
1639 2146 1747 2179 imitus
1763 2154 1947 2180 commotas.
1955 2163 1966 2177 «
1986 2148 2089 2181 Gonz.
2104 2167 2150 2172 -—

1188 2209 1257 2242 Sed
1282 2209 1353 2241 vide
1381 2222 1477 2254 quam
1501 2209 1602 2241 salsus
1618 2209 1667 2241 vir
1690 2209 1803 2246 doetus
1823 2210 1874 2251 sit,
1900 2210 1956 2255 qui
1975 2210 2009 2242 in
2028 2217 2150 2242 textum

1187 2272 1346 2317 reciperet
1380 2275 1508 2312 imitus,
1544 2273 1632 2317 quod
1658 2284 1699 2304 ne
1729 2273 1864 2306 Grotius
1894 2274 2022 2318 quidem
2051 2285 2148 2304 ausus

1188 2340 1265 2367 erat.
1290 2334 1401 2379 Atque
1427 2335 1511 2367 unde
1530 2340 1729 2379 compertum
1748 2335 1902 2376 habehat,
1927 2335 2017 2366 uuiee
2042 2347 2148 2366 veram

1187 2400 1269 2431 hane
1299 2411 1371 2430 esse
1397 2398 1595 2432 lectionem?
1621 2398 1765 2432 Gellium
1788 2398 1910 2430 laudat:
1933 2410 2010 2430 num
2040 2404 2147 2430 autem

1187 2463 1328 2505 cogitur,
1355 2463 1549 2495 Martia-ium
1576 2463 1690 2495 eodem
1716 2462 1815 2495 verbo
1838 2473 1930 2493 usum
1959 2472 2046 2501 esse,
2082 2472 2147 2504 quo

1188 2525 1355 2558 Gellium?
1382 2524 1451 2558 Sed
1477 2537 1518 2557 ne
1550 2524 1659 2557 Gellio
1688 2524 1816 2568 quidem
1842 2522 1923 2553 illud
1948 2523 2058 2554 imitus
2090 2534 2146 2554 un-

1186 2601 1281 2634 quam
1301 2588 1334 2620 in
1351 2593 1490 2620 mentem
1514 2588 1642 2621 venisse
1663 2587 1739 2619 mihi
1758 2585 1886 2630 quidem
1909 2584 1945 2616 fit
1961 2585 2144 2618 verisimile·

254 2649 379 2698 circuli]
397 2650 453 2684 Ad
469 2651 694 2685 astronomiam
708 2652 842 2699 ejusque
859 2654 1037 2699 praesidem
1054 2655 1133 2687 Cra·
1183 2652 1321 2686 Duobus
1345 2652 1475 2698 quidem
1497 2652 1577 2685 locis
1595 2651 1629 2684 id
1652 2649 1753 2683 critici
1778 2648 1808 2682 ei
1831 2648 2054 2690 obtruso-unt,
2082 2650 2144 2694 pri-
