2310 2860
771 169 967 211 Martiani
1007 170 1205 225 Capellae
1241 171 1312 212 lib.
1330 171 1403 212 III.
1439 171 1590 223 §.268
2051 176 2144 220 285

200 274 364 329 syllaba
393 284 465 315 aut
483 275 621 329 gravis
645 285 720 326 est,
745 285 817 316 aut
841 285 977 326 acuta,
1005 284 1079 316 aut
1103 274 1392 328 circumflexa,
1423 286 1462 317 et
1484 286 1531 318 ut
1551 277 1668 320 nulla
1692 294 1776 320 vox
1799 280 1887 321 sine
1913 281 2050 322 vocali
2073 293 2146 332 est,

198 354 254 394 ita
276 353 363 394 sine
395 363 569 395 accentu
587 354 717 395 nulla.
748 354 802 395 Et
821 362 879 394 est
899 362 1108 410 accentus,
1131 363 1179 394 ut
1202 354 1378 410 quidam
1400 364 1672 410 putaverunt,
1699 357 1841 400 anima
1865 359 1994 411 vocis,
2019 368 2059 400 et
2080 374 2146 400 se-

199 434 431 475 minarium
457 435 653 486 Musices‚
686 434 800 490 quod
826 435 961 475 omnis
993 434 1226 476 modulatio
1254 450 1305 476 ex
1333 436 1504 490 fastigiis
1531 450 1688 477 vocum
1712 439 2003 495 gravitateque
2024 455 2144 481 com-

198 516 383 571 ponitur,
408 516 591 571 ideoque
611 526 804 557 accentus
826 517 948 571 quasi
968 516 1317 558 accantus'dietus
1336 524 1408 557 est.
1442 516 1593 556 Omnis
1610 517 1735 571 igitur
1759 532 1840 559 vox
1860 520 2022 571 Latina,
2044 521 2148 562 sim-
2176 519 2265 562 269

200 595 297 651 plex
321 598 409 638 sivo
440 599 686 653 composita,
717 597 844 638 habet
875 611 1009 638 unum
1034 611 1202 648 sonum,
1233 606 1307 638 aut
1337 605 1525 648 acutum,
1559 606 1631 637 aut
1654 598 2005 652 circumflexu1u3
2035 600 2142 641 duos

199 685 343 718 autem
363 688 504 720 acutos
530 689 602 721 aut
624 678 798 720 inflexos
820 678 978 719 habero
1002 692 1225 733 nunquam
1244 686 1390 733 potest,
1413 676 1552 731 gravis
1574 692 1676 718 vcro
1700 692 1837 733 saepe.
1864 680 2052 721 Acutum
2066 680 2145 722 ha-

202 757 273 797 bet
293 759 334 799 in
358 760 496 814 prima
520 759 701 814 syllaba,
730 759 764 799 si
792 758 905 799 dicas
931 758 1118 810 Caelius3
1149 758 1191 798 in
1215 756 1399 798 secunda
1427 757 1670 809 Salli'istius3
1700 758 1742 798 in
1765 759 1885 799 tertia
1910 758 2146 811 Curiatiu83

201 838 408 879 inflexum
436 840 535 880 item
569 840 610 879 in
644 839 805 894 prima,
840 839 874 879 si
901 837 1014 879 dieas
1051 837 1240 888 coeluum
1281 835 1446 889 syllaba
1477 845 1620 877 autem
1657 837 1891 892 penultima
1919 853 2143 894 nunquam

203 922 370 962 acuitur
393 932 544 963 natura
565 922 666 977 ipsa,
695 921 766 962 sed
797 920 1052 976 praecedens
1078 919 1184 973 ejus,
1214 917 1254 958 id
1282 927 1340 958 est
1367 918 1421 959 ab
1446 918 1594 959 ultima
1620 919 1752 970 tertia,
1781 920 1871 960 sive
1896 919 2037 960 brevis
2056 919 2145 960 sive

203 1000 324 1054 longa
348 1002 415 1050 sit,
447 1010 493 1040 ut
525 1000 697 1051 Cicero,
740 1001 918 1042 Caclius.
977 1000 1135 1042 flexus
1169 1008 1310 1040 autem
1341 1015 1468 1040 sonus
1500 1001 1541 1040 iu
1576 1015 1625 1040 ca
1656 1000 1952 1041 tantummodo
1982 1000 2147 1055 syllaba

202 1080 382 1120 consistit
413 1094 523 1134 quae
558 1080 769 1135 praeeedit
798 1081 1016 1130 ultimam,
1048 1094 1124 1120 nec
1160 1079 1279 1120 aliter
1310 1094 1441 1134 quain
1474 1089 1520 1120 ut
1554 1080 1642 1135 ipsa
1672 1089 1825 1121 natura
1859 1080 1981 1135 longa
2007 1079 2079 1131 sit,
2110 1088 2149 1119 et

201 1162 351 1204 ultima
382 1172 521 1203 tamon
555 1162 717 1214 brevis,
755 1171 802 1203 ut
839 1162 1042 1202 Galenus.
1101 1162 1158 1202 At
1188 1160 1222 1201 si
1255 1161 1403 1201 ultima
1432 1160 1577 1214 longa,
1617 1169 1689 1200 aut
1723 1159 1957 1215 penultima
1996 1168 2149 1199 natura

202 1243 268 1284 vel
317 1244 517 1298 positione
560 1244 704 1299 longa,
747 1244 842 1284 licet
885 1243 1036 1283 ultima
1075 1242 1235 1291 brevis,
1289 1250 1436 1282 acutus
1481 1250 1623 1282 tamen
1674 1255 1801 1281 sonus
1843 1239 1934 1291 fiet,
1978 1238 2149 1288 Caleni,

203 1338 277 1379 (15,
297 1338 349 1379 G):
377 1339 487 1380 »Quas
512 1338 663 1377 Graeci«,
686 1338 805 1380 iuquit,
837 1337 1080 1384 nffpogcpdlag
1104 1338 1148 1369 di-
1199 1338 1245 1370 1111
1269 1337 1493 1381 adscripsisse,
1515 1349 1609 1380 quem
1630 1342 1736 1368 tamen
1755 1336 1794 1367 ab
1816 1347 1854 1367 eo
1872 1346 1938 1366 non
1954 1333 2150 1364 intellectum

205 1404 292 1438 cunt,
317 1411 370 1430 cas
393 1404 517 1430 veteres
538 1399 624 1430 docti
640 1404 706 1429 tum
728 1405 821 1430 ’totas
843 1410 972 1437 vocum,
996 1404 1062 1429 tum
1084 1410 1149 1429 mo-
1198 1401 1296 1431 fuisse
1311 1411 1469 1443 eprorsus
1483 1401 1561 1431 salsa
1578 1400 1832 1442 interpunctione
1844 1404 1941 1442 patet,
1959 1394 2154 1441 qiiajunxit:

205 1463 401 1502 deramenta,
431 1468 497 1493 tuni
529 1463 806 1500 aecemiaemcnlas,
838 1468 904 1492 tuni
933 1461 1149 1492 voculationes

205 1526 435 1570 appellaliaut.«
467 1526 512 1556 Et
538 1525 633 1568 paulo
662 1524 792 1555 inferius
812 1525 888 1567 (15,
911 1524 988 1567 23)=
1015 1524 1071 1556 »P.
1094 1523 1149 1554 Ni-

204 1588 306 1629 gidius
336 1599 493 1619 summum
522 1592 632 1616 tonum
661 1583 886 1631 προςῳὸἰαι’
914 1591 1040 1616 aculam
1064 1584 1151 1623 dicit,

203 1656 251 1689 et,
281 1661 374 1692 quem
401 1653 567 1679 accentum
588 1657 647 1677 nos
669 1646 819 1685 dicimus,
844 1646 1073 1676 voeulationem
1097 1657 1149 1687 ap-

203 1712 319 1755 pellata
341 1710 383 1753 (v.
402 1710 483 1741 infra
504 1708 532 1753 ξ.
548 1708 644 1751 275).
676 1707 726 1738 De
751 1706 934 1738 accentibus
963 1707 996 1737 in
1027 1706 1150 1737 univer-

205 1786 274 1804 snm
297 1778 422 1817 praeter
448 1772 588 1814 reliquos
614 1768 832 1811 grammaticos
862 1768 1072 1799 conserendus
1102 1773 1151 1799 est

205 1834 362 1866 Prisciani
382 1834 461 1864 liber
487 1831 657 1873 singularis
681 1831 720 1862 de
743 1832 805 1862 hoc
829 1835 1031 1871 argumento3
1069 1842 1150 1873 eque

206 1895 432 1927 recentioribus
449 1893 638 1925 Franciseus
651 1892 795 1923 Ritterus
813 1891 918 1933 (elem.
933 1902 1063 1931 gramm.
1081 1891 1151 1922 Lat.

207 1958 226 1988 l.
247 1957 296 1996 11,
322 1956 432 1988 Bcrol.
454 1954 580 1996 1851),
604 1953 678 1984 lieet
702 1951 772 1992 ejus
799 1951 941 1985 rationes
963 1952 1097 1995 probare
1119 1952 1152 1983 in

206 2018 351 2050 omnibus
375 2016 617 2058 haudquaquam
643 2013 814 2056 possimus-

278 2078 444 2123 aecantns]
460 2078 604 2110 Isidorus
618 2080 724 2120 (etym.
738 2077 769 2116 1,
790 2077 845 2115 18,
864 2075 904 2116 23
924 2076 1013 2119 p.2G
1029 2074 1151 2119 Arev.):

215 2142 394 2174 »Accentus
422 2141 542 2179 (lictus,
578 2137 666 2181 quod
693 2138 793 2181 jnsm
823 2143 953 2168 cantum
981 2137 1036 2177 sit,
1072 2137 1153 2168 sicut

208 2207 404 2243 adverbium,
429 2203 503 2247 quia
524 2203 623 2246 juxta
639 2202 769 2232 verbum
792 2205 868 2231 est.«
900 2200 992 2231 Beda
1011 2200 1063 2242 (de
1086 2206 1152 2231 arte

209 2275 296 2300 metr.
310 2268 374 2311 Op.
389 2268 415 2308 Ι,
440 2267 518 2309 29)2
538 2265 643 2309 „quod
661 2264 701 2295 ad
721 2263 908 2295 cantilenam
924 2263 1012 2295 vocis
1031 2275 1091 2294 nos
1109 2264 1153 2294 sa-

210 2333 271 2363 ciat
289 2341 459 2372 agnoscere
475 2329 642 2372 syllabas«
676 2327 792 2359 Cicero
809 2327 901 2370 (orat.
920 2328 965 2358 17
981 2326 1033 2370 I'.):
1055 2326 1155 2358 »Mira

211 2401 259 2426 est
284 2394 438 2437 quaedam
463 2398 572 2422 natura
600 2391 704 2422 vocis:
731 2391 822 2432 cujus
850 2390 977 2433 quidem
1006 2401 1024 2421 e
1053 2390 1154 2421 'tribus

213 2457 340 2487 omuino
368 2455 473 2493 sonis,
501 2454 634 2494 inflexo,
660 2459 771 2494 acuto,
804 2453 906 2495 gravi,
937 2457 1023 2484 tanta
1051 2453 1092 2484 sit
1122 2459 1155 2484 et

212 2527 274 2550 tam
296 2515 400 2547 suasis
423 2515 557 2546 varietas
576 2515 715 2558 perfecta
738 2515 771 2546 in
799 2515 971 2547 cantibus«

287 2580 364 2610 duos
387 2574 504 2621 aulem]
532 2576 632 2609 Miror
651 2575 799 2608 Grotium
816 2576 960 2607 ati-hunc
983 2576 1088 2607 locum
1111 2575 1157 2608 ni-

1209 1463 1329 1504 »gravis
1354 1474 1429 1494 xero
1458 1474 1552 1505 saepe
1580 1468 1706 1493 acutum
1732 1462 1867 1493 habetat
1902 1461 2008 1503 Quam
2030 1459 2059 1490 si
2084 1469 2150 1489 mu·

1201 1525 1327 1564 taveris,
1351 1530 1385 1555 ut
1403 1536 1496 1567 supra
1512 1525 1654 1563 fecimus,
1674 1530 1706 1554 et
1721 1535 1830 1555 vocem
1844 1524 1952 1566 ymnis
1965 1533 2023 1565 pro
2037 1526 2150 1564 quarto

1201 1589 1333 1631 pluralis
1357 1589 1527 1630 acceperis,
1552 1601 1633 1630 quac
1657 1588 1788 1631 scriptio
1802 1586 1960 1619 Martiano
1980 1584 2149 1618 admodum

1200 1649 1363 1680 familiaris
1386 1650 1451 1688 est,
1475 1660 1605 1679 sensum
1628 1649 1754 1678 demum
1776 1648 1892 1690 capies.

1274 1715 1382 1740 autem
1397 1706 1585 1752 penultima]
1613 1707 1748 1740 Grotius
1769 1707 1868 1739 edidit
1885 1707 2152 1749 antepenultima.-

1201 1781 1265 1814 quo
1293 1771 1376 1802 sacto
1403 1775 1534 1801 coactus
1559 1775 1629 1800 erat
1649 1770 1730 1800 lianc
1752 1769 1868 1800 addere
1891 1773 2013 1800 notam:
2046 1767 2150 1809 »Lege

1201 1833 1324 1877 syllaba
1351 1839 1458 1864 aulem
1486 1833 1681 1876 penultimc13
1716 1833 1804 1876 quod
1832 1831 1884 1863 vel
1913 1843 1953 1862 ex
1979 1843 2017 1862 eo
2049 1830 2151 1873 liquet

1201 1907 1311 1926 verum
1336 1906 1408 1926 esse
1438 1894 1511 1938 quia
1544 1894 1722 1935 subjungit:
1751 1894 1827 1925 »sed
1860 1893 2053 1936 praecedens
2080 1892 2149 1932 ejus

1201 1956 1235 1987 id
1260 1961 1309 1987 est
1325 1956 1364 1987 ab
1389 1956 1497 1986 ultima
1525 1955 1648 1988 tortian
1680 1955 1724 1986 Et
1749 1955 1792 1986 ita
1816 1954 1925 1986 habuit
1946 1953 2018 1985 MS.
2039 1953 2093 1996 qui
2118 1958 2149 1983 et

2081 2015 2149 2048 Sed

1200 2080 1303 2124 ipsius
1328 2086 1450 2112 tantum
1466 2080 1573 2112 Grotii
1591 2092 1679 2112 error
1700 2085 1784 2119 erat⁷
1807 2079 1965 2123 siquidem
1978 2078 2045 2119 jam
2061 2083 2147 2109 ante-

1202 2028 1328 2063 semper
1364 2031 1422 2062 pro
1449 2020 1626 2062 penultima
1653 2031 1735 2062 pene
1762 2019 1873 2050 ultima
1904 2018 2028 2048 referta-

1200 2144 1302 2175 riores
1325 2144 1480 2175 editiones
1499 2157 1606 2176 veram
1627 2144 1835 2176 exhibuerant
1849 2142 2030 2182 lectionem,
2054 2151 2147 2185 (piam

1198 2206 1460 2236 Darmstattensis
1483 2217 1611 2249 quoque
1634 2206 1736 2237 codex
1760 2204 1934 2237 confirmat.

1276 2273 1310 2298 at
1327 2269 1357 2298 si
1374 2266 1499 2311 ultima]
1525 2267 1613 2309 Lege
1626 2267 1758 2309 juvante
1774 2278 1812 2297 ex
1830 2271 1918 2309 parte
1934 2260 2146 2303 manuscripto

1213 2334 1263 2359 »at
1286 2328 1313 2359 si
1334 2328 1443 2360 ultima
1464 2329 1560 2370 longa
1585 2335 1696 2360 natura
1722 2334 1777 2359 aut
1797 2327 1954 2371 positione
1974 2325 2084 2362 longa,
2109 2320 2147 2352 ll·

1205 2395 1256 2421 cet
1285 2389 1394 2420 ultima
1424 2390 1546 2430 brevis,
1577 2395 1691 2421 acutus
1720 2401 1818 2420 sonus
1844 2389 1912 2426 fiet,
1952 2390 1986 2415 ut
2011 2381 2145 2423 Galeni,

1205 2450 1392 2483 Camilliana
1421 2451 1527 2483 Gnor.
1545 2469 1592 2474 —-
1615 2451 1654 2482 ln
1675 2450 1769 2482 editis
1792 2448 1873 2480 enim
1893 2445 2056 2486 legebatur
2075 2449 2146 2474 aut.

1209 2513 1261 2546 cui
1285 2524 1378 2545 verns
1412 2526 1528 2546 sensus
1557 2526 1624 2547 non
1652 2512 1880 2556 respondebat,
1906 2507 1990 2539 unde
2016 2507 2049 2538 in
2071 2506 2147 2538 Rei-

1209 2577 1402 2609 chenauensi
1428 2577 1521 2610 etiam
1545 2578 1655 2611 codice
1681 2575 1766 2618 qnod
1790 2586 1807 2604 a
1833 2572 1933 2616 prima
1956 2583 2049 2603 manu
2075 2570 2147 2602 scri-

1674 2632 1753 2669 56*
