2310 2860
78 330 166 371 4357

76 731 163 772 658

75 1448 165 1488 1352)

197 145 285 187 520
768 138 966 180 Martiani
995 136 1193 192 Capellae
1222 134 1295 176 lib.
1321 133 1396 176 VI.
1423 135 1452 186 §.
1477 133 1578 176 656.

198 249 502 291 illuminatione
527 243 819 301 perfunditur,
848 243 1018 285 inchoat
1048 251 1177 296 atque
1207 240 1420 282 descendit
1448 240 1568 281 Italia
1596 240 1720 295 longe
1743 250 1837 282 aute
1865 243 1964 283 alias
1988 255 2133 282 omnes

197 331 393 373 laudibus
432 337 625 369 veterum
661 327 704 366 in
741 325 858 367 urbis
893 325 1057 365 Romae
1095 322 1227 377 gratia
1257 319 1552 375 praedicanda.
1611 319 1745 372 Cujus
1779 320 2036 374 principium
2066 320 2140 362 Li-

198 423 320 463 gures
352 416 513 458 tenent3
558 405 710 447 dehinc
747 419 857 460 quae
888 405 1078 445 ubertate
1105 403 1182 443 soli
1205 410 1365 442 sacrata
1398 400 1622 455 occupavit
1654 400 1856 441 Hetruria
1887 400 2022 454 regio,
2053 409 2139 441 tam

198 488 385 543 indigetis
422 488 591 529 Aeneae
624 485 814 536 foedere,
865 498 996 539 quam
1028 481 1320 524 remediorum
1352 482 1511 536 origine
1550 491 1677 535 atque
1707 482 1837 536 ipsius
1868 480 2036 534 Tagetis
2067 495 2140 520 ex-

198 569 383 610 aratione
418 567 647 618 celebrata3
690 564 847 605 Umbri
876 578 1001 615 mox,
1047 563 1308 616 Latiumque
1349 571 1477 617 atquo
1518 562 1621 602 ostia
1653 561 1858 602 Tiberina
1901 559 2142 614 dehincque

198 651 290 704 ipsa
323 657 450 704 caput
470 647 658 702 gentium
688 646 848 695 Roma,
887 645 1033 695 armis,
1074 645 1195 694 viris,
1232 642 1468 697 sacrisque,
1507 641 1716 696 quamdiu
1747 642 1899 696 viguit,
1940 641 2142 681 coeliferis

193 730 390 771 laudibus
423 727 699 779 conferenda3
729 726 834 767 haec
866 740 890 767 a
922 725 1031 766 mari
1062 725 1277 766 sexdecim
1301 737 1507 778 passuum
1537 722 1726 763 millibus
1758 722 2011 777 disparatur.
2055 721 2144 761 De—

195 811 293 851 hinc
324 809 436 850 littus
466 809 507 849 in
539 808 795 850 Volscorum
825 821 983 848 nomen
1014 814 1263 859 sortemque
1296 802 1518 855 concessit3
1559 817 1661 844 mox
1694 803 1950 858 Campania,
1997 801 2143 842 Picen-

194 900 364 944 tesquc‚
410 902 456 929 ac
495 889 721 929 Lucanum
758 887 870 928 littus
910 886 1198 940 Brutiumque
1239 884 1529 939 conjungitur3
1573 885 1694 938 cujus
1726 884 2069 939 promontorium
2100 883 2143 924 in

194 968 417 1010 meridiem
460 977 739 1022 austrumque
785 976 1022 1023 respectans
1062 968 1104 1008 in
1150 981 1270 1008 mare
1316 965 1532 1021 procurrit
1570 965 1779 1018 laevaque
1821 965 1902 1005 alia
1938 964 2144 1005 interioris

193 1049 307 1088 sinus
349 1047 507 1088 fluenta
546 1048 860 1103 complectitur,
904 1056 952 1088 ut
987 1047 1021 1087 si
1060 1061 1084 1086 a
1122 1046 1270 1101 primis
1305 1045 1486 1100 Alpibus
1530 1044 1730 1086 dextrum
1769 1045 1877 1085 latus
1919 1056 1957 1086 et
1991 1045 2143 1099 prolixi

193 1130 347 1170 montis
393 1128 620 1170 brachium
666 1127 984 1182 contempleris,
1036 1127 1338 1181 prominentias
1380 1127 1583 1180 utrinque
1624 1139 1881 1180 componens
1928 1125 2142 1165 theatrum

196 1206 415 1261 quoddam
455 1217 643 1262 spectare
683 1205 863 1248 videaris
903 1205 1132 1247 undarum.
1204 1207 1372 1247 Lunata
1410 1207 1569 1261 quippe
1599 1215 1637 1246 et
1668 1206 1856 1260 quodam
1889 1205 2141 1259 hemicyclio

193 1288 235 1327 iu
271 1288 609 1342 promontorium
649 1296 935 1328 memoratum
977 1285 1277 1327 circumfertur
1316 1286 1458 1336 Italia,
1507 1285 1693 1339 denique
1725 1285 1777 1324 ab
1809 1285 1907 1339 ipsis
1939 1283 2144 1334 Gadibus,

195 1382 282 1421 qua
312 1383 354 1408 se
384 1368 526 1409 fauces
559 1368 652 1408 freti
690 1367 965 1408 interfluentis
999 1366 1215 1421 aperiunt,
1260 1365 1302 1405 in
1333 1366 1528 1407 Brutium
1563 1366 1728 1416 sinum,
1775 1366 1850 1420 qui
1891 1375 1950 1406 est
1980 1366 2144 1421 primus

194 1447 414 1502 Europae,
461 1448 612 1488 emissa
640 1448 776 1489 maria
806 1448 1123 1503 conquiescunt.
1185 1446 1364 1487 Interior
1394 1460 1497 1486 vero
1528 1445 1673 1496 tellus,
1722 1460 1833 1500 quae
1864 1445 1906 1486 in
1936 1460 2144 1502 superum

193 1542 313 1568 mare
345 1528 616 1584 Boreamque
647 1527 885 1584 profertur,
926 1527 1131 1568 Graeciae
1163 1542 1259 1578 ora,
1304 1526 1549 1577 Salaminis,
1588 1526 1819 1578 Pediculis,
1858 1528 2031 1582 Apulis,
2066 1528 2144 1568 Pe-

267 1681 379 1726 ortiui]
411 1681 460 1713 Ita
485 1681 610 1713 codices
638 1680 918 1720 Darnistattcusis‚
945 1680 1145 1713 Reiclienau-
1262 1676 1427 1722 Picentes]
1446 1678 1579 1710 Rectius
1597 1678 1784 1710 Picentino-5
1804 1678 1953 1719 dixisset,
1976 1679 2048 1711 vide
2070 1679 2143 1712 Cel-

196 1744 297 1783 cusis,
324 1748 356 1774 et
379 1744 590 1775 Monacenses
612 1742 666 1786 (A.
687 1743 728 1786 C)
749 1754 806 1786 pro
832 1749 960 1775 ortuum
982 1743 1016 1774 in
1037 1743 1145 1776 editis.

268 1817 488 1863 perfunditur]
517 1818 572 1851 Sic
591 1818 716 1850 codices
735 1818 946 1850 Monacenses
961 1817 1014 1862 (A.
1026 1817 1067 1860 C)
1085 1828 1144 1861 pro

194 1881 405 1924 profunditur
430 1882 463 1913 iu
498 1881 601 1913 editis.
647 1881 725 1913 Mox
758 1881 865 1925 expuli
896 1881 982 1925 quod
1012 1880 1145 1912 Grotius

195 1945 303 1977 nescio
335 1945 419 1977 unde
448 1945 620 1976 intruserat
649 1946 717 1977 sola
743 1950 816 1988 post
844 1946 958 1983 Italia,
991 1957 1087 1989 quum
1112 1944 1145 1976 in

195 2006 273 2037 meis
295 2017 422 2049 quoquc
445 2005 606 2037 codicibus
634 2017 698 2037 non
723 2010 837 2037 exstet.

269 2082 304 2111 in
330 2080 417 2111 urbis
441 2078 577 2123 Romae]
609 2078 680 2110 Aut
703 2080 738 2110 ιή.
763 2079 972 2123 superfluum,
1007 2084 1061 2110 aut
1086 2090 1143 2122 pro

194 2145 301 2186 qratia
320 2142 521 2175 scribendum
537 2143 692 2186 qratiam3
711 2142 767 2173 sed
781 2142 906 2174 codices
918 2140 996 2173 nihil
1014 2140 1145 2173 variant.

269 2218 412 2248 ubertate
431 2214 502 2260 soli]
531 2215 663 2248 Grotius
692 2214 761 2248 Soli
786 2215 928 2260 scripsit,
960 2215 1052 2259 quasi
1073 2215 1146 2249 Soli

196 2284 318 2310 sacrata
339 2277 434 2308 fuerit
451 2276 617 2316 fleti-uria,
640 2276 697 2308 sed
713 2277 771 2307 hac
793 2277 832 2309 de
850 2288 884 2308 re
907 2275 985 2308 nihil
1003 2282 1145 2318 constat3

195 2341 293 2374 malui
318 2340 413 2382 igitur
437 2340 499 2372 soli
520 2340 694 2371 ubertatem
714 2339 858 2381 jungere.

275 2414 304 2444 T
302 2411 415 2457 agetis]
442 2412 526 2444 Vide
552 2423 648 2456 supra
671 2410 723 2454 (ad
743 2409 771 2454 §.
791 2411 885 2453 157).
911 2411 977 2445 Pro
996 2412 1145 2445 remedio-

197 2487 268 2507 rum
294 2486 404 2507 vereor
425 2487 465 2507 ne
489 2474 678 2518 religionum
697 2471 867 2514 legendum
892 2472 944 2506 sit.

274 2547 446 2593 sexdecim]
474 2547 542 2581 Alii
560 2547 633 2581 XV.
645 2547 748 2581 Gnor.

1196 1740 1308 1772 larium
1329 1741 1380 1784 (T.
1400 1741 1432 1781 1,
1457 1753 1487 1785 p.
1503 1740 1602 1784 839).

1271 1803 1440 1834 Lucanum
1462 1800 1563 1846 littus]
1591 1800 1769 1833 Salmasius
1790 1803 1843 1846 (ad
1862 1802 1964 1835 Solin.
1986 1816 2016 1847 p.
2036 1804 2096 1846 57)
2114 1804 2147 1835 in

1198 1863 1335 1906 antiquis
1360 1875 1430 1894 csse
1456 1864 1540 1894 latus
1564 1863 1673 1903 tradit,
1702 1863 1798 1906 idque
1821 1870 1852 1895 ct
1874 1865 2146 1897 Reielnenauensis

1196 1932 1229 1958 ct
1252 1926 1516 1957 Darnistattcnsis
1543 1926 1669 1957 codices
1702 1927 1870 1970 praebent,
1896 1933 2017 1959 mutare
2042 1934 2146 1959 tamen

1196 1988 1301 2028 nolui,
1333 1988 1406 2032 quia
1435 1989 1541 2020 »littus
1569 1989 1601 2019 in
1624 1989 1834 2020 Volscorum
1859 1996 1916 2022 cct.
1941 1990 2121 2033 praecessit.

1270 2051 1423 2096 laevaque
1439 2048 1515 2094 alia]
1543 2048 1638 2082 Alios
1661 2051 1713 2081 ala
1736 2050 1843 2092 legere
1862 2051 1994 2083 Grotius
2014 2050 2047 2080 in
2066 2062 2144 2081 mar-

1197 2113 1269 2155 gine
1293 2112 1423 2144 notavit.

1273 2175 1330 2220 qm‘
1344 2179 1392 2205 est
1407 2171 1542 2216 primus]
1570 2173 1719 2215 Quattuor
1736 2172 1818 2204 enim
1834 2184 1903 2203 eum
1917 2172 2023 2205 Plinio
2043 2174 2091 2217 (5,
2113 2175 2146 2215 l)

1197 2236 1384 2281 praecipuos
1407 2235 1629 2266 mediterranei
1642 2235 1737 2266 maris
1759 2235 1848 2266 sinus
1873 2242 2027 2276 numerat,
2052 2248 2146 2280 »quo-

1197 2311 1267 2331 rum
1292 2298 1412 2342 primus
1437 2310 1455 2329 a
1482 2297 1583 2340 Calpe
1610 2296 1786 2340 Hispaniae
1809 2298 1944 2338 extimo,
1970 2305 2005 2330 ut
2030 2299 2147 2330 dietum

1197 2365 1262 2399 est,
1286 2364 1393 2391 monte
1410 2358 1532 2390 Locros
1551 2363 1583 2389 ct
1600 2357 1749 2389 Brutium
1773 2370 1876 2403 usqne
1897 2360 2148 2404 promontorium

1197 2424 1351 2456 immenso
1379 2420 1498 2453 ambitu
1523 2421 1685 2453 flcctitur.«

1271 2481 1434 2527 superma]
1462 2482 1500 2513 Id
1525 2488 1573 2513 est
1592 2483 1804 2522 ,lib-inliciunt,
1830 2490 1865 2516 ut
1888 2485 2086 2527 Tyrrhenum
2101 2485 2145 2514 in-

1198 2548 1307 2579 ferum.
1335 2545 1419 2577 Vide
1447 2544 1620 2577 Callai-ium
1649 2546 1692 2588 (p.
1713 2546 1809 2586 656).
