2310 2860
701 133 898 174 Martiani
938 131 1136 187 Capellae
1175 130 1247 170 lib.
1272 128 1348 171 VI.
1387 130 1417 180 ς).
1442 127 1540 169 722.
2029 127 2113 168 577

160 248 344 281 stremus
381 239 424 281 in
467 238 668 295 pulvere,
708 237 815 280 haec
856 237 1053 294 primitus
1093 234 1361 276 concedenda
1402 234 1464 275 fas
1508 234 1569 275 sit.
1641 232 1710 275 Ab
1746 233 1863 274 omni
1901 233 2017 288 signo
2061 233 2113 275 ad

160 335 288 362 omne
319 321 486 376 signum
518 321 721 362 directam
753 320 907 361 lineam
940 318 1121 368 ducere,
1155 301 1195 357 et
1225 315 1492 356 terminatam
1518 312 1719 355 directam
1754 328 1829 369 per
1861 314 2112 355 continuum

158 401 201 441 in
236 400 440 442 directam
473 402 683 452 emittere;
724 411 763 442 et
787 401 902 441 omni
927 409 1076 480 Jntro
1107 407 1147 440 et
1175 397 1392 438 interstitio
1421 395 1629 436 circulum
1660 395 1863 447 scribere3
1897 404 1936 435 et
1966 408 2111 434 omnes

159 481 337 524 directos
383 482 557 538 angulos
595 483 778 524 invicem
818 482 1017 537 aequales
1051 481 1128 522 sibi
1166 495 1275 533 esse3
1311 489 1360 532 get
1389 493 1560 519 omnem
1601 477 1802 518 directam
1841 477 1995 517 lineam
2028 483 2112 515 ter-

159 563 366 604 minatam
407 572 617 618 quantum
663 561 830 602 videtur
873 561 1130 615 producere3
1182 572 1222 603 et
1263 562 1294 603 si
1335 562 1377 602 in
1416 560 1522 601 duas
1565 559 1741 600 directas
1780 559 1909 598 lineas
1952 556 2110 596 directa

159 642 272 695 linea
308 643 461 684 incidet
498 644 609 684 intus
650 652 689 683 ct
735 640 881 682 eadem
923 652 1039 696 parte
1086 642 1194 683 duos
1235 642 1408 697 angulos
1454 641 1622 681 duobus
1659 640 1780 680 rectis
1819 640 2003 680 minores
2048 635 2112 677 fa-

160 724 261 775 ciat,
315 738 367 764 ex
406 724 477 765 illa
515 732 643 779 parte·
674 738 760 778 qua
805 733 902 764 sunt
945 723 1128 764 minores
1173 722 1342 763 duobus
1387 721 1509 762 rectis
1560 714 1737 760 directas
1785 719 1915 758 lineas
1957 731 2113 757 conve-

159 804 263 845 nire.
336 803 598 845 Communes
641 804 770 844 animi
810 804 1101 860 conceptiones
1138 814 1237 845 sunt
1274 813 1376 845 tres:
1416 817 1526 856 quae
1566 801 1701 841 eidem
1753 799 1946 852 aequalia
1990 806 2107 846 sunt,

160 894 200 926 et
227 885 410 926 invicem
450 884 528 925 sibi
568 884 764 939 aequalia
801 894 918 937 sunt3
976 886 1010 926 si
1047 886 1298 941 aequalibus
1339 883 1533 938 aequalia
1577 881 1728 931 addas,
1790 890 1871 921 tota
1917 878 2113 934 aequalia

160 979 271 1017 esse3
306 974 345 1006 et
382 965 415 1006 si
454 965 705 1020 aequalibus
752 966 947 1021 aequalia
988 965 1172 1016 adimas,
1218 965 1414 1020 aequalia
1453 972 1549 1004 sunt
1586 963 1767 1017 reliqua.
1827 961 1943 1001 Haec
1973 973 2113 1014 quum

159 1046 365 1101 permissa
396 1046 673 1101 conspiceret,
704 1045 860 1087 lineam
890 1047 933 1087 in
965 1047 1097 1088 abaco
1127 1056 1285 1088 rectam
1318 1046 1496 1095 ducens,
1534 1044 1591 1084 sic
1624 1044 1697 1084 ait:
1729 1039 2112 1092 Quemadmodum

159 1134 291 1181 potest
329 1139 459 1180 super
494 1125 636 1166 datam
677 1125 881 1167 directam
912 1127 1183 1168 terminatam
1224 1128 1380 1168 lineam
1419 1127 1633 1181 trigonum
1668 1125 1978 1179 aequilaterum
2011 1138 2113 1163 con-

157 1205 300 1247 stitui?
332 1206 431 1256 Quo
456 1205 565 1247 dicto
593 1220 732 1261 quum
763 1207 908 1262 plures
932 1207 1197 1263 philosophi,
1230 1207 1306 1262 qui
1339 1206 1654 1261 undiquesecus
1679 1204 1908 1259 constipato
1942 1202 2108 1258 agmine

158 1284 457 1337 consistebant,
501 1288 691 1341 primum
723 1288 909 1329 Euclidis
940 1289 1160 1330 theorema
1184 1289 1372 1329 formare
1403 1299 1497 1328 eam
1524 1286 1633 1328 velle
1661 1292 1980 1339 cognoscerent,
2012 1297 2113 1322 con—

159 1365 297 1407 festim
339 1366 574 1407 acclamare
610 1367 778 1407 Euclidi
815 1367 1108 1423 plaudereque
1138 1376 1382 1424 coeperunt.
1444 1365 1578 1418 Cujus
1621 1363 1822 1404 laudibus
1858 1363 1982 1403 etiam
2025 1362 2114 1416 ipsa

160 1446 406 1488 Geometria
439 1447 678 1503 plurimum
708 1446 937 1502 gratulata,
969 1462 1014 1487 se
1043 1462 1119 1502 per
1157 1446 1347 1487 sectantis
1378 1444 1556 1499 gloriam
1593 1443 1817 1484 sublimari
1846 1441 2113 1496 provehique

162 1542 413 1582 cognoscens
448 1527 502 1568 ab
538 1526 711 1577 eodem,
748 1525 878 1566 libros
916 1526 1027 1579 ejus,
1067 1541 1175 1582 quos
1214 1541 1315 1567 casu
1354 1524 1568 1581 apportari
1614 1530 1913 1577 conspexerat,
1969 1519 2114 1561 festina

160 1608 385 1662 corripuit,
438 1617 566 1662 atque
603 1608 646 1648 in
692 1616 855 1648 ceterae
895 1607 1188 1649 adstructionis
1227 1608 1532 1662 doctrinaeque
1574 1604 1884 1646 documentum
1928 1602 2024 1643 Jovi
2066 1615 2114 1642 ae

159 1687 321 1727 senatui
358 1687 557 1727 coelitum
602 1686 783 1728 offerens
827 1688 1050 1732 intimavit.
1116 1689 1217 1739 Quo
1260 1689 1367 1729 sacto
1409 1697 1449 1727 et
1493 1685 1736 1728 doctissima
1780 1693 2032 1724 cunctarum
2077 1691 2117 1722 et

161 1767 460 1822 benignissima
488 1767 806 1824 comprobatur.

233 1876 273 1906 ab
305 1877 390 1907 omm'
411 1875 522 1921 signo]
557 1876 649 1907 Haec
676 1876 697 1907 l.
724 1876 742 1907 1
765 1875 892 1906 Euclidi
919 1872 1112 1920 αἰτήματα

162 1942 323 1969 vocantur.
335 1938 439 1970 Gnor.

236 2012 417 2033 communes
440 1998 672 2043 conceptiones]
695 1995 835 2032 Ηοιναὶ
851 1999 1004 2034 ἔννοιαι.
1018 1997 1110 2029 Eucl-

160 2064 215 2096 lib.
236 2063 433 2096 I.Gnow.—
450 2063 536 2094 Sunt
559 2074 598 2092 ex
617 2062 784 2106 disciplina
803 2060 1002 2101 Stoicorum,
1029 2074 1111 2106 quae

161 2129 200 2161 ab
229 2127 376 2159 omnibus
398 2127 578 2158 hominibus
600 2126 719 2170 pariter
741 2138 833 2157 verae
856 2127 1020 2158 habentur.

237 2191 501 2238 quemadmodum
531 2187 654 2234 polest]
693 2189 785 2220 Eucl.
803 2189 858 2220 lib.
877 2189 907 2220 1:
930 2186 1013 2223 -e‘n‘i
1039 2188 1112 2234 τῆς

163 2251 347 2297 δοθείσης
389 2250 547 2290 εὐθείας
592 2249 885 2297 πεπερασμένης
921 2252 1113 2297 τρίγωνον

166 2312 395 2360 ἰσόπλευρον
440 2312 719 2360 συστήσασθαι.
760 2315 864 2347 ῦηοτ.
897 2333 944 2339 —
989 2316 1112 2347 Eadem

166 2377 403 2420 Quinctilianus
423 2377 478 2419 (1,
508 2378 568 2417 10,
591 2378 632 2417 ὅς
662 2390 690 2421 p.
707 2377 808 2419 210)2
831 2377 1113 2420 »quemadmodum

907 2496 952 2502 ...,,
959 2486 1270 2509 fflw‘-

1164 1875 1196 1906 in
1230 1876 1301 1907 (lata
1337 1876 1422 1907 linea
1453 1874 1604 1906 constitui
1634 1873 1790 1916 trhngula
1822 1872 1932 1917 aequis
1961 1871 2112 1904 lateribus

1162 1938 1329 1982 possint‘h

1236 2014 1298 2049 quo
1318 2002 1401 2032 dicto
1425 1997 1541 2047 quum]
1575 1999 1632 2032 Sic
1660 1999 1788 2031 codices
1815 1999 2028 2031 Monacenscs
2053 1996 2112 2040 (A.

1163 2063 1224 2107 C),
1255 2062 1530 2095 Reicbcnauensis
1559 2068 1592 2093 et
1617 2061 1893 2093 Darmstattcnsis.
1940 2060 1978 2091 In
2007 2059 2112 2090 editis:

1169 2138 1252 2173 „quo
1277 2126 1351 2156 dato
1376 2125 1590 2168 complure-w,-
1620 2124 1679 2155 scd
1699 2136 1762 2171 qno
1784 2124 1869 2155 dicto
1887 2123 1955 2164 jam
1979 2121 2111 2155 Grotius

1162 2189 1196 2221 in
1219 2187 1360 2229 margine
1385 2186 1517 2218 notavit.

1237 2248 1489 2299 undiquesecus]
1527 2249 1582 2282 Sic
1605 2249 1810 2283 Monacensis
1838 2247 1896 2291 (C)
1921 2253 1953 2277 et
1976 2245 2109 2277 Rciclie-

1163 2315 1329 2354 naueusisg
1361 2315 1443 2346 male
1473 2314 1505 2345 in
1534 2314 1626 2345 editis
1655 2325 1760 2345 secum
1789 2311 1873 2356 (add.
1895 2308 2044 2342 Oudcnd,
2070 2309 2108 2340 ad

1163 2377 1318 2422 Appulcj.
1347 2377 1387 2409 T.
1408 2377 1446 2417 1,
1472 2389 1502 2420 p.
1519 2376 1590 2417 92).

1664 2606 1711 2637 75

2146 798 2233 840 725

2145 961 2228 1003 724
