2310 2860
760 136 959 179 Martiani
997 136 1196 194 Capellae
1235 137 1305 179 lib.
1330 137 1406 180 IV.
1446 140 1475 191 ᾗ.
1501 138 1603 180 405.
2086 145 2168 185 571

215 252 371 300 potest,
421 244 524 300 quia
560 259 645 286 non
688 255 924 301 exspectas,
968 254 1016 286 ut
1052 244 1134 286 hoc
1171 245 1295 287 etiam
1332 245 1405 286 tibi
1450 245 1717 288 adversarius
1749 248 1971 300 concedat,
2013 249 2087 291 sed
2119 266 2168 294 eo

213 324 344 365 invito
380 327 595 380 sequitur,
642 327 675 367 si
715 327 843 368 modo
882 327 1044 369 ratione
1083 335 1252 367 servata
1294 326 1423 367 fuerit
1458 327 1638 368 filatum.
1706 329 1760 370 Et
1798 339 1844 371 ut
1877 330 1959 371 hoc
1988 332 2165 387 planum

213 402 283 444 fiat
314 406 534 461 exemplo,
577 416 777 462 putemus
820 406 1114 462 quaestionem
1152 420 1258 446 esse:
1295 415 1443 447 utrum
1487 407 1684 463 voluptas
1729 409 1839 450 utilis
1869 411 1932 451 sit.
1992 412 2035 453 Si
2066 428 2166 469 pro—

212 499 422 540 ponamus
470 487 544 527 ita:
588 487 725 528 omnis
776 487 970 542 voluptas
1020 489 1186 529 bonum
1229 497 1307 539 est,
1365 489 1490 545 plena
1535 490 1710 545 quidem
1758 494 1959 534 sententia
2005 504 2082 546 est,
2128 505 2168 536 et

210 576 402 607 sumtum
436 566 638 619 efficitur,
668 568 702 609 si
731 567 813 608 hoc
844 567 1116 609 adversarius
1149 569 1372 622 concedat3
1433 583 1520 625 quo
1553 586 1766 623 conce580‚
1809 573 2077 630 adjungenda
2107 586 2168 618 est

212 648 293 689 alia
316 649 539 690 sententia:
570 663 697 690 omne
728 658 870 689 autem
902 648 1066 690 bonum
1099 650 1200 691 utile
1231 661 1311 704 est;
1349 652 1383 693 si
1412 652 1536 694 etiam
1569 653 1650 694 hoc
1680 656 1951 707 concesserit,
1982 655 2164 699 efficitur

209 740 424 782 sumtum,
477 747 530 772 ex
579 731 735 786 quibus
774 731 944 774 duobus
981 733 1130 774 sumtis
1168 734 1291 775 etiam
1333 733 1464 775 invito
1506 749 1555 776 eo
1600 735 1814 791 sequitur,
1871 737 2007 779 omnis
2038 738 2163 794 igitur

211 811 406 867 voluptas
440 812 551 854 utilis
586 821 658 854 est.

809 969 958 1019 QUID
999 969 1091 1011 SIT
1136 970 1558 1012 SYLLOGISMUS.

375 1073 467 1113 Hoc
499 1082 660 1124 totuin,
700 1073 819 1128 quod
850 1083 1009 1114 constat
1040 1089 1092 1115 cx
1137 1075 1308 1116 duobus
1347 1077 1496 1116 sumtis
1536 1086 1575 1117 et
1604 1077 1810 1129 illatione,
1848 1078 2106 1119 ratiocinatio
2138 1092 2162 1118 a
2191 1077 2282 1118 406

205 1150 341 1201 nobis,
362 1166 383 1192 a
404 1154 576 1193 Graecis
593 1155 852 1203 συλλογισμὸς
873 1154 1124 1209 appellatur.
1146 1154 1220 1195 Est
1243 1169 1342 1209 ergo
1366 1156 1626 1197 ratiocinatio
1648 1173 1699 1198 ex
1723 1158 1892 1199 duobus
1911 1159 2163 1214 pluribusve

206 1234 409 1274 concessis
441 1233 493 1274 ad
524 1233 561 1274 id
598 1233 715 1289 quod
745 1250 830 1276 non
862 1236 1107 1276 conceditur
1137 1235 1373 1276 necessaria
1404 1238 1638 1291 perventio.
1699 1239 1879 1280 Possunt
1908 1255 2006 1296 ergo
2036 1241 2163 1297 plura

206 1328 293 1354 esse
323 1314 489 1365 sumta,
526 1314 598 1355 sed
630 1315 773 1355 minus
809 1330 832 1356 a
863 1315 1032 1356 duobus
1065 1331 1153 1356 esse
1183 1331 1269 1357 non
1299 1326 1485 1371 possunt.
1548 1318 1718 1360 Etenim
1749 1328 1810 1361 est
1841 1320 2003 1376 integra
2036 1322 2164 1362 ratio-

206 1394 376 1445 cinatio,
415 1394 447 1435 si
481 1393 533 1435 ad
564 1393 691 1445 illud,
731 1394 849 1449 quod
882 1396 1085 1436 volumus
1115 1395 1356 1447 ostendere,
1396 1398 1545 1439 utilem
1577 1414 1665 1440 esse
1697 1401 1987 1456 voluptatem,
2027 1402 2162 1443 tribus

206 1475 332 1515 ctiam
375 1477 524 1517 sumtis
559 1477 786 1532 pervenire
826 1477 1032 1529 velimus,
1078 1487 1142 1518 ut:
1183 1476 1319 1517 omnis
1360 1476 1555 1532 voluptas
1586 1479 1823 1520 secundum
1853 1490 2054 1522 naturam
2085 1490 2166 1532 est;

203 1569 331 1595 omne
362 1555 479 1610 quod
509 1555 748 1596 secundum
783 1565 983 1596 naturam
1015 1567 1095 1609 est,
1129 1558 1293 1598 bonum
1326 1566 1406 1608 est;
1435 1572 1561 1597 omne
1594 1559 1755 1599 bonum
1781 1560 1881 1601 utile
1912 1571 1992 1613 est;
2027 1562 2164 1602 omnis

202 1637 327 1691 igitur
359 1637 554 1693 voluptas
584 1637 695 1678 utilis
727 1647 799 1678 est.
857 1638 927 1679 Ex
959 1638 1040 1679 hoc
1072 1647 1246 1694 apparet
1278 1639 1402 1692 plura
1434 1640 1559 1678 etiam
1592 1639 1718 1680 licere
1753 1640 1930 1691 addere,
1969 1640 2003 1681 si
2036 1656 2164 1696 opor-

202 1720 340 1760 tuerit.
400 1720 728 1775 Nonnunquam
766 1719 892 1761 etiam
925 1720 1222 1761 concludimus
1253 1719 1477 1760 inferentes
1518 1735 1602 1761 non
1634 1720 1809 1775 quidem
1840 1721 1883 1762 id
1914 1721 2030 1775 quod
2065 1738 2165 1764 con—
2193 1723 2282 1764 407

204 1799 363 1850 ficitur,
412 1800 485 1841 sed
516 1800 633 1855 quod
665 1816 719 1842 ex
748 1801 861 1856 ipso,
901 1800 1019 1855 quod
1049 1800 1206 1841 inferre
1245 1800 1475 1851 debemus,
1517 1801 1753 1842 necessario
1787 1799 2030 1852 conficitur,
2086 1801 2167 1843 hoc

204 1879 352 1921 modo:
384 1881 521 1921 omnis
546 1882 681 1922 virtus
706 1881 870 1921 bonum
896 1890 975 1930 est,
1012 1894 1140 1920 omne
1162 1880 1326 1920 bonum
1353 1881 1454 1922 utile
1479 1891 1558 1932 est,
1593 1882 1730 1922 onmis
1761 1882 1887 1937 igitur
1915 1882 2048 1923 virtus
2079 1898 2164 1924 non

203 1970 336 2002 nocet.
369 1960 648 2002 Inferendum
670 1970 773 2012 erat,
803 1961 940 2001 omnis
960 1961 1086 2016 igitur
1109 1961 1246 2002 virtus
1270 1962 1381 2002 utilis
1406 1972 1477 2013 est,
1513 1973 1553 2004 ct
1575 1978 1626 2004 ex
1644 1978 1693 2004 eo
1715 1963 1949 2004 necessario
1973 1964 2165 2018 sequitur

201 2057 286 2084 non
317 2057 493 2095 nocere3
524 2041 642 2099 quod
673 2043 786 2083 enim
818 2041 918 2083 utile
948 2051 1028 2095 est,
1071 2057 1300 2098 nunquam
1329 2053 1463 2085 nocet.
1521 2044 1614 2085 Hoc
1644 2059 1668 2085 a
1699 2045 1872 2086 Graecis
1905 2048 2161 2096 συμπέρασμα

204 2200 307 2245 Gan),
325 2200 395 2241 alii3
418 2200 569 2233 Ciceroni
585 2201 664 2246 (top.
678 2200 737 2244 15)
753 2200 910 2245 nobisque
923 2206 972 2233 est
989 2201 1161 2240 conclusio,
1213 2202 1257 2234 tio
1280 2208 1329 2234 est
1350 2203 1451 2234 oratio
1484 2215 1524 2235 ex
1542 2203 1611 2248 ipsa
1636 2216 1670 2236 re
1690 2205 1855 2249 probabile
1883 2205 2002 2250 aliquid
2020 2204 2159 2239 eliciens,

202 2262 253 2294 vel
275 2262 370 2294 etiam
393 2263 446 2307 (de
470 2263 534 2295 inv.
558 2264 596 2303 1,
621 2263 684 2307 57)
707 2264 890 2307 complexio.
1212 2264 1298 2308 quod
1327 2265 1509 2308 expositum
1537 2271 1569 2297 et
1597 2278 1655 2310 pei·
1685 2278 1720 2298 se
1742 2267 1909 2309 ¹cognitum
1939 2279 1996 2298 sua
2019 2278 2052 2297 se
2077 2265 2107 2296 vi
2130 2271 2163 2296 et

275 2325 493 2371 ratiocinatio]
521 2325 655 2368 Cicero,
685 2327 740 2371 qui
766 2339 845 2359 voce
872 2327 1073 2371 sylloqismus
1095 2338 1159 2357 non
1209 2325 1332 2357 ratione
1359 2326 1553 2359 confirmet.«

203 2386 318 2427 utitur,
368 2389 626 2420 ratiocinationis
671 2388 750 2420 duas
788 2389 910 2433 profert
946 2388 1159 2420 definitiones.
1284 2390 1391 2420 minus
1407 2400 1427 2419 a
1444 2387 1584 2434 duobus]
1611 2389 1699 2430 Lege
1721 2390 1827 2421 minus
1851 2389 1980 2420 duobus.
1996 2387 2158 2419 Gnou—

209 2447 312 2479 nEsse
339 2447 441 2479 enim«
476 2448 520 2480 ait
547 2448 600 2492 (de
625 2448 743 2482 invent.
767 2450 810 2491 2,
838 2451 874 2494 5)
899 2450 1103 2493 »diligentem
1129 2455 1161 2481 et
1211 2449 1353 2482 Omnino
1388 2450 1435 2482 sie
1469 2450 1729 2493 intelligendum3
1770 2455 1890 2482 mutare
1922 2454 2026 2480 autem
2050 2453 2159 2480 contra

203 2511 436 2543 consideratam
476 2511 613 2544 faciendi
653 2512 775 2556 aliquid
821 2519 876 2545 aut
918 2526 984 2546 non
1017 2513 1161 2555 ⁴faciendi
1209 2511 1356 2546 codicum
1378 2512 1595 2544 auctoritatem
1617 2512 1743 2543 minime
1765 2511 1873 2542 ausim.

203 2572 506 2615 excogitationem«3
538 2571 594 2605 sed
621 2579 762 2618 praestat
788 2575 841 2618 (1,
867 2575 943 2618 54)=
976 2575 1158 2608 »ratiocina-
1286 2573 1556 2622 συμπέρασμα]
1572 2575 1745 2609 Recentior
1762 2576 1839 2606 haec
1855 2572 2001 2606 vocabuli
2014 2572 2073 2614 vis,
2097 2584 2159 2616 qua

1683 2637 1729 2668 47
1740 2633 1762 2659 ²¹<
