2310 2860
710 114 909 156 Martiani
947 114 1145 171 Capellae
1185 115 1255 156 lib.
1282 114 1357 156 IV.
1397 116 1551 167 §.5711
2035 121 2125 164 555

174 223 395 280 qualitates
427 222 602 278 quidem
634 238 710 278 per
741 224 850 278 ipsas
882 223 1132 263 substantias
1164 222 1322 277 possint
1343 223 1543 278 recipere.
1601 222 1708 264 Item
1732 226 1991 268 contrarium
2015 241 2124 283 qua-

171 304 261 345 litas
286 304 428 355 habet,
459 319 536 344 nee
559 314 700 344 tamen
719 304 867 343 omnis.
902 304 1018 344 Nam
1043 305 1206 346 sanitati
1232 320 1369 360 quum
1397 306 1447 346 sit
1476 306 1736 349 imbecillitas
1766 309 1987 359 contraria,
2017 309 2122 351 nihil

173 394 233 425 est
272 384 438 439 quadro
477 384 716 426 rotundove
751 385 1025 425 contrarium.
1086 384 1334 426 Videndum
1366 394 1424 425 est
1462 395 1628 437 autom,
1676 390 1880 442 quoniam
1913 390 2124 446 quidquid

172 467 433 507 eontrarium
480 466 671 521 qualitati
717 476 795 518 est,
844 466 1024 520 qualitas
1062 466 1112 507 sit
1150 479 1319 507 11000550
1356 473 1426 507 est.
1499 465 1693 509 Dulcedo
1739 478 1882 512 autem
1922 470 2123 526 qualitas,

173 548 353 603 qualitas
386 547 511 603 igitur
547 547 804 598 amaritudo,
848 557 887 589 et
915 548 1080 590 similia.

879 704 957 745 DE
1008 704 1415 755 QUANTITATE.

344 811 567 862 Quantitas
599 811 795 868 bipartita
827 821 907 863 est,
939 811 1056 867 quod
1090 813 1169 853 alia
1201 811 1380 852 discreta
1411 820 1490 862 est,
1530 812 1610 854 alia
1641 814 1850 855 continua.
1908 815 2124 866 Discreta,
2154 820 2233 861 571

170 898 217 930 ut
246 892 418 931 numeri
449 901 488 932 et
518 892 749 943 orationes;
806 891 1026 941 continua,
1065 900 1112 931 ut
1140 891 1275 931 lineae
1318 906 1367 933 ac
1397 900 1578 948 tempus.
1638 893 1744 934 Item
1777 894 1858 935 alia
1883 896 2124 950 quantitatis

170 970 319 1012 divisio
352 981 430 1023 est,
485 972 601 1027 quod
642 972 721 1013 alia
754 973 881 1012 situm
913 970 1131 1025 quendam
1167 972 1354 1025 partium
1385 971 1536 1023 habet,
1585 973 1665 1014 alia
1694 989 1779 1014 non
1810 974 1948 1017 habet.
2010 978 2125 1018 Nam

169 1052 281 1093 linea
310 1052 391 1092 situ
417 1053 607 1106 quodam
630 1052 886 1107 intelligitur,
917 1051 1131 1106 siquidem
1158 1051 1239 1092 dici
1268 1062 1401 1108 potest
1432 1068 1543 1108 quae
1574 1070 1671 1109 pars
1703 1056 1794 1109 ejus
1827 1071 1913 1111 quo
1945 1056 2036 1097 1000
2060 1057 2124 1108 511,

167 1133 452 1187 dextramque
492 1148 538 1173 ae
575 1134 787 1174 sinistram
827 1133 994 1174 videtur
1032 1133 1212 1184 habere;
1269 1144 1310 1174 at
1354 1150 1455 1175 vero
1493 1151 1700 1177 numerus
1749 1147 1821 1178 aut
1867 1139 2002 1177 oratio
2052 1147 2124 1178 aut

168 1222 336 1268 tempus
376 1212 482 1253 nihil
516 1212 676 1254 horum
715 1213 892 1265 habent,
941 1214 1142 1269 quamvis
1181 1213 1375 1255 ordinem
1415 1215 1574 1257 habere
1605 1218 1782 1272 possint,
1828 1227 1875 1258 ut
1904 1218 1954 1258 sit
1983 1218 2027 1259 in
2058 1218 2122 1259 1115

170 1294 332 1349 aliquid
368 1296 559 1349 primum
605 1305 645 1336 et
677 1295 916 1336 seeundum
959 1305 998 1336 et
1034 1295 1237 1336 ultimum
1284 1305 1324 1337 et
1360 1296 1575 1349 medium,
1630 1298 1735 1338 nihil
1776 1308 1945 1349 tamen,
2002 1299 2123 1354 quod

172 1375 213 1415 111
259 1375 352 1415 1000
395 1375 669 1429 intelligatur,
719 1375 890 1415 habent.
964 1375 1190 1423 Quantitas
1242 1378 1378 1417 omnis
1423 1388 1536 1419 earet
1580 1380 1813 1432 eontrari03
1866 1381 1971 1434 quid
2016 1382 2128 1423 enim
2158 1378 2246 1421 572

170 1455 356 1510 bipedali
397 1454 645 1509 tripedalive
684 1454 974 1495 contrarium?
1033 1455 1088 1495 Et
1134 1455 1167 1495 si
1206 1458 1301 1511 quis
1339 1457 1493 1499 dixerit
1529 1460 1739 1500 contraria
1783 1474 1871 1500 esse
1909 1461 2049 1514 majus
2088 1470 2128 1502 et

169 1536 333 1585 minus,
378 1550 490 1589 quae
528 1534 729 1575 videntur
760 1550 847 1575 esse
878 1535 1011 1576 verba
1051 1536 1312 1589 quantitatis,
1363 1538 1464 1578 sciat
1499 1553 1584 1578 11011
1615 1553 1702 1578 0550
1735 1538 1952 1580 definitam
1985 1554 2125 1594 quan-

168 1618 339 1658 titatem.
398 1615 549 1670 Itaque
579 1615 613 1655 si
643 1615 754 1657 dicat
787 1615 949 1669 aliquid
980 1616 1120 1669 majus
1153 1630 1260 1666 esse,
1304 1617 1473 1657 videtur
1504 1632 1592 1657 esse
1632 1618 1669 1658 ei
1705 1620 1966 1659 contrarium
2006 1619 2124 1674 quod

169 1698 309 1739 minus
345 1706 425 1748 est3
485 1698 519 1737 si
550 1705 714 1737 certum
747 1697 1022 1751 quaesivero,
1060 1712 1147 1753 quo
1180 1696 1318 1750 majus
1353 1697 1441 1737 est?
1477 1706 1517 1737 et
1545 1698 1809 1753 responderit
1840 1699 1958 1754 quod
1990 1701 2124 1755 tripe-

167 1778 270 1829 dali,
311 1787 485 1834 apparet
517 1778 622 1818 nihil
653 1793 740 1819 esse
771 1779 1045 1820 eontrarium.
1090 1780 1188 1836 Ipsa
1219 1788 1376 1828 autem,
1409 1792 1520 1833 quae
1549 1778 1627 1818 sibi
1656 1777 1857 1820 dicuntur
1888 1780 2052 1834 majora
2085 1791 2125 1823 et

170 1860 356 1911 minora,
404 1860 579 1901 relative
627 1859 709 1900 dici
753 1860 1027 1901 manifestum
1067 1870 1140 1906 est,
1206 1860 1439 1911 Quodlibet
1477 1860 1590 1900 enim
1630 1860 1786 1901 minori
1826 1871 2126 1916 comparatum

169 1939 308 1992 majus
339 1948 417 1989 est,
446 1938 650 1993 idemque
684 1938 838 1992 majori
869 1949 1166 1994 comparatum
1198 1941 1340 1981 minus
1379 1949 1449 1981 est.
1510 1941 1553 1981 Si
1583 1941 1708 1995 igitur
1742 1942 1881 1996 majus
1913 1951 1953 1982 et
1982 1943 2124 1983 minus

168 2019 378 2060 contraria
406 2027 526 2070 sunt,
566 2018 759 2073 cogimur
789 2018 996 2070 confiteri,
1044 2019 1162 2074 quod
1193 2019 1317 2061 valde
1357 2019 1596 2061 absurdum
1628 2030 1709 2071 est,
1749 2037 1869 2076 posse
1902 2021 2028 2061 alicui
2062 2022 2125 2061 rei

166 2115 254 2142 uno
284 2110 476 2156 tempore
506 2100 634 2140 simul
666 2100 837 2141 evenire
868 2100 1091 2141 contraria.
1152 2101 1318 2141 Rursus
1351 2100 1465 2141 aliud
1508 2100 1746 2142 absurdum
1778 2102 1971 2156 cogimur
2000 2103 2122 2143 intel-

167 2181 317 2237 ligere,
358 2195 492 2222 unam
540 2179 809 2236 eandemque
853 2195 948 2221 rem
989 2180 1156 2221 sibimet
1199 2195 1287 2221 esse
1326 2183 1595 2225 contrariam.
1666 2182 1888 2237 Siquidem
1930 2199 1996 2224 res
2035 2197 2121 2224 una

241 2299 346 2342 mnjus
368 2304 400 2331 et
423 2296 547 2344 minus]
573 2298 663 2340 Lege
688 2300 810 2343 11101113,-
842 2303 874 2330 et
899 2304 1009 2331 eontra
1038 2298 1118 2330 infra
1170 2296 1254 2341 apud
1276 2307 1370 2340 quem
1399 2302 1449 2328 est
1471 2294 1571 2342 μέγα
1598 2295 1663 2331 καὶ
1691 2295 1826 2344 μικρὸν
1857 2298 1975 2342 (eateg.
1998 2298 2037 2337 4,
2072 2298 2116 2329 11

169 2358 257 2399 lego:
289 2359 479 2401 »Quantitas
497 2372 563 2392 non
587 2360 701 2405 recipit
719 2362 821 2405 maqis
839 2366 871 2392 et
894 2360 1035 2401 minus«,
1052 2372 1118 2391 non
1169 2359 1277 2404 sequ.)
1299 2371 1420 2391 morem
1447 2361 1533 2402 gessi
1562 2360 1693 2401 Grotio,
1722 2361 1909 2405 praesertim
1937 2372 2034 2403 quum
2055 2365 2117 2392 sta-

168 2420 291 2463 majus,
324 2418 473 2463 μᾶλλον
494 2418 558 2454 καὶ
582 2414 713 2467 ἧττον.
731 2422 895 2454 GROT·—
922 2422 1012 2454 Edili
1034 2422 1117 2453 enim
1167 2424 1223 2456 tim
1256 2423 1429 2455 identidem
1465 2425 1569 2468 majus
1599 2430 1766 2468 sequatur,
1798 2435 1856 2467 pro
1885 2433 1947 2465 quo
1984 2428 2016 2453 et
2046 2423 2118 2467 ipso

168 2482 305 2526 librique
329 2482 535 2526 manuscripti
561 2486 663 2528 magis
689 2486 824 2527 hahent3
850 2486 908 2518 sed
933 2498 1031 2531 quum
1052 2497 1116 2517 ma·
1168 2486 1248 2517 alios
1268 2492 1415 2532 corrupte
1436 2489 1538 2533 magis
1564 2487 1714 2520 exhibere
1733 2487 1818 2518 idem
1839 2485 1873 2516 iu
1897 2485 2037 2528 margine
2060 2498 2116 2520 no-

168 2545 318 2579 111ΐο51οω
337 2546 378 2578 sit
397 2546 587 2581 Mattianum
609 2548 660 2580 hie
677 2547 887 2583 Aristotelem
904 2549 1114 2595 expressisse,
1165 2548 1253 2581 tavit.

1672 2608 1720 2639 43
