2310 2860
187 174 245 217 28

786 170 986 213 Martiani
1025 168 1226 226 Capellae
1264 169 1338 211 lib.
1365 169 1398 212 I.
1444 172 1475 223 §.
1497 170 1536 212 7.

189 279 396 336 apposuit.
451 278 562 319 Juno
594 291 770 333 quoque
800 292 853 318 ex
883 276 1136 333 purgatioris
1168 276 1263 318 auri
1294 276 1541 332 splendente
1571 293 1679 321 vena
1707 278 1926 321 addiderat
1956 277 2145 322 crinibus

188 358 340 401 sociale
373 357 607 399 vinculum.
668 358 862 400 Tritonia
893 358 1020 399 etiam
1045 356 1249 409 interula,
1285 356 1473 399 resoluto
1500 358 1668 413 ricinio,
1708 360 1988 417 strophioque
2019 360 2146 402 flam-

187 468 248 511 egi.
280 468 524 511 Prosopopoeia
539 473 645 499 autem
665 467 716 501 hic
740 468 917 510 adhibetur,
945 480 1009 512 qua
1026 467 1139 499 docea-

938 531 1053 576 Neque
1083 541 1141 561 sua

185 597 310 625 tantum
326 592 513 625 auctoritate
533 599 645 625 noster
667 605 840 639 personam
857 592 1069 627 Aeternitatis
1093 591 1141 623 in-

185 537 238 564 tur
279 530 517 563 »aeternitatem
549 531 669 564 donum
705 532 756 564 dei
789 544 889 564 essem

185 655 294 696 duxit,
319 656 579 700 quandoquidem
604 656 685 689 etin
708 669 864 690 marmore
882 657 991 702 (Grut.
1017 656 1078 696 52,
1104 654 1142 699 9)

184 717 319 759 legitur:
344 716 556 750 »Aeternitati
578 730 730 751 sacrum«

252 780 464 826 honoratiori]
491 780 565 815 MS.
578 783 676 814 refert
695 784 878 815 oraeratimi.
894 781 999 815 Gnor.
1010 798 1059 806 —-
1075 779 1142 813 Ae-

185 842 326 874 ternitati
357 846 557 876 nucnusculn's
578 845 710 877 deorum
736 845 828 889 quasi
846 852 990 877 onustae.
1023 845 1142 877 Nullus

184 904 326 938 dubitavi
351 908 567 952 manuscripto
585 909 758 950 Bongarsii
774 908 816 953 (⁶2)
842 909 971 952 adjutus
993 909 1075 940 hanc
1096 907 1142 940 le·

183 966 320 998 ctionem
352 981 427 1012 prae
456 969 584 1010 vulgata
607 970 829 1009 honoratiori,
861 975 911 1010 et,
941 982 1037 1013 quam
1062 981 1141 1001 non-

181 1030 264 1061 nulli
289 1031 425 1071 liabent,
455 1034 623 1071 ornatiori,
649 1032 682 1064 in
707 1038 831 1064 textum
859 1033 1012 1076 recipcre.
1040 1033 1141 1064 Gonz.

182 1111 229 1118 —-
256 1092 324 1125 Sed
361 1094 443 1125 male
470 1094 502 1126 id
528 1095 655 1127 factum.
704 1095 848 1126 Primum
873 1096 957 1127 enim
981 1099 1144 1128 oneration-

181 1165 246 1186 non
268 1154 374 1187 differt
392 1155 431 1187 ab
446 1157 632 1188 honoratior
651 1156 713 1188 nisi
732 1156 893 1188 scribendi
909 1157 1044 1189 ratione.
1074 1157 1142 1200 Qui

180 1216 264 1248 enim
283 1218 393 1261 plures
410 1218 546 1260 legerint
565 1220 665 1250 libros
686 1220 833 1263 scriptos,
863 1231 928 1251 non
948 1219 1142 1261 ignorabunt

179 1277 304 1310 literam
326 1279 360 1310 11
379 1280 418 1311 ab
437 1280 508 1311 aliis
531 1280 615 1323 addi,
640 1281 679 1311 ab
698 1281 767 1311 aliis
787 1280 889 1312 omitti
911 1281 1027 1322 solere,
1045 1293 1144 1325 quum

179 1353 290 1373 verum
319 1342 512 1374 elementum
541 1356 613 1375 csse
645 1344 737 1375 multi
771 1350 927 1386 negarent
965 1344 1138 1389 (palaeogr.

179 1405 247 1435 crit.
271 1404 297 1437 1.
328 1403 357 1449 §.
375 1407 445 1438 511
462 1429 471 1446 ‚
505 1419 537 1450 p.
554 1405 652 1450 268).
689 1407 783 1438 Pnde
816 1407 849 1438 in
873 1407 1014 1452 lapidum
1038 1409 1140 1440 titulis

178 1466 322 1511 (Reines.
340 1481 373 1513 p.
397 1470 478 1501 185.
503 1482 535 1500 n.
555 1469 639 1512 165)
671 1469 907 1501 »astiserorum«
938 1471 1056 1512 legitur
1079 1482 1138 1515 pro

185 1529 462 1570 nbastil'erorum«,
491 1535 524 1561 ct
543 1530 627 1574 apud
647 1529 800 1562 Ovidium
823 1530 894 1575 (art.
911 1543 970 1563 am.
992 1534 1027 1572 5,
1050 1532 1138 1576 411)

177 1597 209 1623 et
228 1592 401 1633 Virgilium
421 1593 540 1637 ubique
567 1593 736 1633 aedera-3
764 1599 795 1624 et
814 1599 924 1625 contra
948 1594 1032 1637 apud
1060 1607 1137 1626 cun-

1068 1657 1137 1690 Sed

176 1729 293 1762 operae
324 1718 461 1762 pretium
494 1723 543 1749 est
576 1719 636 1751 hae
667 1718 706 1750 dc
740 1731 774 1751 re
805 1719 1005 1763 disputantes
1029 1721 1135 1763 legere

178 1780 321 1814 Gellium
344 1782 391 1825 (2,
414 1780 452 1825 5)
477 1787 509 1813 et
530 1781 786 1824 Quinctilianum
822 1783 869 1826 (l,
890 1784 923 1823 5,
946 1785 1003 1815 19.
1017 1797 1049 1828 p.
1066 1785 1132 1817 {01

176 1841 309 1887 Spald.)
338 1843 557 1886 ridentemque
597 1843 693 1875 etiam
723 1843 887 1876 Catullum
915 1844 1033 1888 (epigr.
1056 1847 1136 1891 84).

176 1655 249 1686 dem
285 1656 446 1694 alienum,
492 1656 580 1698 quod
614 1655 668 1686 alii
704 1655 848 1687 scribunt
877 1661 1005 1689 aenum.

175 1903 302 1936 Deinde
318 1904 486 1937 confundit
505 1904 647 1937 Goezius
662 1903 897 1937 Aeternitatem
912 1919 983 1938 eum
998 1907 1136 1951 Psyche.

175 1965 250 1998 Non
276 1965 364 1997 illam
387 1966 480 1997 donis
499 1972 647 1998 onustam
675 1978 747 1998 esse
766 1972 878 1999 noster
901 1968 1046 2013 scripsit,
1078 1969 1135 2002 sed

176 2027 268 2059 hanc.
313 2027 358 2059 Et
392 2033 476 2059 certe
508 2027 673 2069 diadema,
710 2040 775 2072 quo
809 2035 920 2061 ornata
947 2029 1135 2063 Aeternitas

177 2095 263 2131 erat,
299 2090 339 2121 ad
363 2091 527 2133 epitheton
551 2092 738 2124 honoratior
758 2094 924 2125 commode
948 2095 1060 2126 referri
1078 2108 1134 2139 po-

177 2156 249 2183 test.
285 2150 482 2183 Honoratior
511 2158 617 2185 autem
636 2152 731 2185 «Iovis
759 2154 823 2185 filia
848 2154 927 2194 suit,
962 2156 1037 2198 quia
1062 2157 1134 2189 reli-

178 2223 313 2256 quarum
333 2212 420 2243 nulla
440 2225 509 2244 eam
528 2219 630 2245 aetate
657 2216 848 2258 praecedere
868 2222 1005 2260 poterat.
1037 2218 1137 2261 Quod

177 2273 336 2317 reliquum
361 2278 421 2313 est,
450 2286 560 2306 omnes
576 2276 771 2319 perspicient
787 2277 826 2308 de
855 2278 977 2310 animae
1001 2281 1136 2313 aeterni-

179 2340 244 2367 tate
268 2334 446 2367 doctrinam
476 2335 664 2377 significari,
699 2339 887 2381 praesertim
926 2340 982 2383 qui
1017 2341 1137 2374 divina-

179 2396 300 2436 verint,
327 2407 384 2427 eur
412 2396 589 2428 Martianus
612 2398 763 2441 Psychen
791 2401 998 2433 Entelechiae
1023 2403 1139 2435 dixerit

179 2459 286 2492 filiam.
301 2459 396 2491 Plato
418 2459 522 2499 enim,
547 2460 670 2493 animae
698 2461 967 2496 immortalitatem
985 2465 1138 2499 docturus

182 2522 332 2567 (Pbaedr.
363 2535 392 2566 p.
419 2523 492 2555 245
519 2522 644 2567 Steph.)
679 2533 899 2567 argumentum
927 2528 966 2560 ab
991 2540 1029 2561 eo
1054 2542 1138 2564 sum-

184 2590 286 2626 serat,
314 2586 400 2630 quod
418 2597 543 2632 semper
569 2598 604 2619 se
625 2587 728 2632 ipsam
747 2589 849 2623 anima
871 2598 1025 2626 moveret.

1263 465 1418 512 interula]
1456 465 1581 498 Eadem
1617 467 1677 499 hae
1708 479 1787 501 voce
1816 467 1901 500 inter
1933 466 2014 498 alios
2048 465 2147 498 utitur

1188 525 1420 563 Tertullianus,
1455 530 1543 562 Huic
1567 531 1741 575 opponitur
1764 533 1950 576 supet-aria,
1983 528 2145 566 ἐπὲνὸυ·

1191 603 1262 637 τις,
1293 593 1431 636 glossae.
1456 594 1566 626 Utitur
1589 594 1767 627 Martianus
1790 596 1849 627 bae
1875 605 1954 627 voce
1980 593 2147 636 adjective,

1193 655 1240 687 sie
1260 655 1343 689 libro
1366 668 1470 688 nono:
1491 656 1601 700 »Quin
1624 655 1719 689 etiam
1742 655 1898 688 interulos
1917 656 2060 699 gaudens
2084 654 2147 688 dis·

1193 717 1318 750 solvere
1340 730 1470 750 nexus«
1498 718 1605 752 Gnor.
1622 736 1673 744 —
1705 717 1776 751 Sub
1798 717 1905 749 tunica
1923 718 2101 750 habebatur
2116 722 2150 749 et

1193 775 1346 823 ἀμέόως
1388 779 1515 825 corpori
1549 779 1727 821 insidebat,
1761 785 1857 824 atque
1887 777 1953 814 ἐπὶ
1981 777 2147 824 γυμνοῦ,

1193 848 1229 874 ut
1251 848 1368 876 vocant
1384 843 1512 877 Graeci.
1536 843 1672 876 Linteae
1697 848 1803 875 autem
1824 848 1915 874 erant
1944 841 2099 874 interulae
2116 847 2151 874 et

1192 906 1313 938 nostris
1336 907 1474 938 camisiis
1491 907 1740 950 respondebant.
1777 905 1874 938 conf.
1895 905 2090 938 salmasium
2110 904 2151 937 ad

1193 969 1330 1002 Tertull.
1357 969 1434 1015 pall.
1457 983 1490 1014 p.
1505 971 1590 1002 469.
1616 969 1718 1002 Gonz.
1735 989 1784 996 -
1820 969 2038 1002 Conferantur
2058 980 2148 1013 prae—

1192 1039 1281 1065 tcrea
1305 1046 1387 1077 quae
1413 1034 1453 1066 ad
1477 1033 1675 1078 Appulejum
1699 1033 1834 1078 (Florid.
1857 1033 1901 1066 Π.
1927 1046 1958 1077 Ρ.
1975 1033 2034 1066 55.
2050 1030 2151 1076 oud.)

1193 1095 1405 1126 observarunt
1433 1095 1493 1126 viri
1514 1095 1618 1136 docti,
1643 1095 1788 1140 inprimis
1811 1100 1917 1127 autem
1940 1094 2091 1136 Bottiger
2115 1093 2151 1126 in

1193 1155 1314 1188 Sabina
1338 1157 1375 1187 T.
1396 1156 1447 1196 11,
1475 1168 1507 1200 p.
1534 1157 1615 1188 115.

1266 1217 1394 1264 ricinia]
1421 1218 1578 1263 spinula,
1610 1231 1674 1263 qua
1696 1219 1885 1251 seminarum
1914 1218 2018 1251 crines
2048 1218 2148 1250 resol-

1191 1288 1318 1315 vuntur.
1332 1283 1436 1316 vute.
1451 1303 1500 1309 —
1540 1283 1678 1316 Festus:
1700 1283 1864 1316 »ricinium
1883 1282 2017 1327 pallium
2037 1282 2148 1314 mulie—

1191 1344 1248 1377 bre
1280 1345 1495 1389 quadratum.·
1526 1344 1628 1377 Gorz.
1656 1364 1704 1370 —-
1746 1344 1823 1376 Non
1852 1349 1927 1375 sunt
1953 1345 2032 1376 haec
2058 1342 2151 1376 Festi

1191 1407 1288 1438 verba
1317 1406 1360 1451 (V.
1387 1408 1545 1438 recinium
1577 1411 1609 1437 et
1635 1403 1737 1451 rica),
1770 1417 1806 1438 ac
1840 1405 1868 1437 si
1897 1404 2003 1437 omnia
2031 1404 2149 1448 legeris

1191 1481 1209 1502 a
1232 1469 1402 1501 duodecim
1426 1469 1606 1501 tabularum
1628 1469 1825 1512 temporibus
1849 1469 1924 1500 inde
1950 1468 2081 1512 (Cicero
2108 1468 2148 1501 de

1188 1532 1251 1575 leg.
1272 1533 1308 1572 2,
1338 1532 1399 1576 25)
1418 1544 1520 1575 usque
1540 1532 1580 1563 ad
1604 1531 1777 1563 novissima
1802 1537 1947 1577 tempora
1977 1543 1995 1563 a
2013 1531 2148 1564 diversis

1189 1595 1398 1639 scriptoribus
1426 1594 1536 1638 (Fest.
1555 1606 1584 1626 v.
1613 1596 1713 1626 ree-in.
1740 1600 1772 1626 et
1793 1597 1871 1627 rica.
1924 1595 2029 1628 Varro
2052 1594 2093 1627 L.
2108 1594 2148 1627 L.

1186 1656 1242 1688 lib.
1259 1656 1293 1688 4.
1315 1669 1346 1700 p.
1366 1668 1407 1688 m.
1427 1657 1487 1688 57.
1523 1655 1608 1688 Non.
1629 1655 1729 1688 Mare.
1754 1669 1781 1688 c.
1802 1657 1857 1688 14.
1876 1669 1907 1688 n.
1926 1657 1972 1688 16
1994 1662 2027 1688 et
2043 1670 2075 1688 n.
2088 1656 2148 1690 25.

1185 1733 1217 1765 Ρ.
1235 1721 1318 1752 789.
1337 1721 1420 1751 790.
1447 1719 1596 1752 Gothosr.
1616 1719 1708 1752 Serv.
1730 1720 1770 1751 ad
1790 1719 1875 1751 Aen.
1895 1721 1912 1751 1
1925 1743 1934 1760 ‚
1958 1721 2043 1752 282.
2068 1720 2147 1753 Isid.

1186 1787 1281 1825 etym.
1308 1782 1375 1822 19,
1404 1782 1464 1813 25.
1488 1781 1524 1813 4.
1558 1780 1697 1813 Salmas.
1725 1781 1766 1812 ad
1791 1781 1926 1825 Vopisc.
1951 1780 2064 1813 Aurcl.
2087 1782 2147 1814 45.

1185 1845 1297 1877 Pitisc.
1322 1846 1353 1876 l..
1379 1856 1409 1877 v.
1434 1850 1466 1876 et
1492 1845 1659 1876 abundans
1692 1856 1752 1876 scr.
1782 1844 1874 1888 eopia
1906 1845 1946 1876 ab
1969 1857 2007 1876 co
2036 1845 2145 1876 lauda-

1185 1913 1311 1948 torum3
1337 1907 1471 1939 Herald.
1489 1908 1529 1939 ad
1547 1907 1672 1939 Arnob.
1695 1907 1754 1940 VI.
1769 1908 1842 1939 209
1869 1920 1899 1951 p.
1915 1908 2009 1949 2563
2029 1908 2146 1941 Graev.

1186 1971 1326 2002 thesaur.
1337 1969 1397 2002 IV.
1418 1970 1525 2001 1480.
1541 1969 1602 2002 VI.
1627 1970 1733 2001 1065.
1770 1969 1974 2002 ἶὛίιιοΙωῙιιι.
1997 1970 2072 2003 hist.
2088 1976 2145 2003 art.

1185 2035 1221 2074 6,
1251 2035 1268 2065 1
1284 2056 1294 2074 ,
1320 2033 1379 2065 52.
1410 2032 1528 2065 Marini
1559 2033 1649 2064 fratr.
1667 2031 1747 2064 ΑΝ.
1766 2045 1797 2077 p.
1817 2034 1902 2065 278.
1929 2033 2080 2066 Vssconti
2104 2034 2144 2066 ad

1185 2106 1267 2127 mus.
1285 2094 1368 2126 Pio·
1380 2093 1483 2126 Clem.
1505 2093 1554 2125 ed.
1585 2094 1655 2125 Mil.
1678 2095 1716 2126 T.
1731 2094 1773 2126 V.
1788 2107 1821 2138 p.
1838 2095 1883 2125 21
1901 2094 1980 2137 not.)
2005 2094 2142 2138 scripta3

1184 2157 1326 2189 incertus
1352 2160 1459 2186 tamen
1477 2155 1588 2186 abibis,
1622 2155 1675 2186 Ex
1697 2154 1853 2196 glossario
1868 2153 2142 2188 Arabico-Latino

1185 2218 1365 2254 Vulcanius
1393 2218 1438 2263 (p.
1456 2218 1542 2263 709)
1571 2220 1651 2251 haec
1679 2219 1786 2249 affert:
1810 2217 1962 2250 »Ricinus
1985 2221 2142 2252 verticum

1185 2288 1319 2316 vocatus
1345 2287 1413 2323 est,
1441 2282 1529 2326 quod
1556 2281 1711 2323 rejectum
1734 2281 1773 2313 de
1794 2285 1868 2323 toga
1891 2281 1926 2313 in
1952 2284 2141 2324 verticem«,-

1187 2347 1244 2378 scd
1272 2345 1410 2377 absurde
1439 2357 1501 2377 nos
1525 2345 1581 2377 illa
1604 2345 1651 2389 (in
1671 2350 1739 2376 not.
1759 2357 1791 2389 p.
1817 2343 1901 2388 106)
1925 2346 2083 2388 corrigere
2109 2353 2141 2379 et

1187 2408 1295 2449 legere
1310 2407 1405 2449 jubet
1432 2405 1572 2439 -Ricinis
1595 2405 1711 2437 vermis
1739 2405 1783 2437 ita
1810 2411 1942 2438 vocatus
1971 2408 2057 2440 esta
2088 2408 2140 2440 De

1189 2472 1293 2504 mimis
1315 2471 1475 2502 ricim'atis
1496 2469 1533 2501 cf.
1557 2468 1684 2501 Osanni
1701 2467 1796 2500 Anal.
1816 2469 1883 2501 crit.
1908 2482 1938 2514 p.
1958 2472 2014 2502 77.

1257 2534 1466 2579 flammarum
1490 2530 1606 2577 instar]
1632 2532 1842 2576 Transposita
1861 2533 1906 2565 sic
1926 2534 2022 2566 verba
2046 2532 2136 2567 codd.

1190 2595 1391 2630 Basilcensis
1422 2600 1454 2627 ct
1481 2594 1747 2628 Darmstattensis
1771 2595 1997 2641 praebuerunt.
