2310 2860
682 157 881 199 Martiani
912 157 1110 213 Capellae
1139 157 1210 198 lib.
1235 157 1315 199 IX.
1345 161 1377 211 ᾗ.
1406 159 1508 203 962.

1984 163 2073 206 749

821 315 894 354 DE
929 314 1036 354 PEN
1043 313 1283 356 TACIIOR
1290 316 1392 357 DIS.

290 421 353 461 Ac
371 420 560 461 similiter
590 420 697 461 haec
723 434 898 474 quoque
930 421 1122 475 quinque
1154 436 1348 462 essenon
1379 422 1562 464 dubium
1588 434 1660 466 est.
1701 426 1893 468 Primum
1921 428 2061 483 igitur,
2098 424 2189 468 96⁶2

121 499 236 553 quod
269 510 306 541 ct
340 501 511 555 gravius
558 500 856 556 principalium
894 515 983 540 esse
1021 500 1222 552 dicimus,
1272 503 1390 557 quod
1429 504 1572 560 incipit
1612 507 1664 547 ab
1708 509 1909 562 acquisito
1949 520 1988 551 et
2026 512 2070 553 in

120 581 396 636 principalem
430 580 668 622 mediarum
694 581 958 621 terminatur.
1003 582 1192 635 Sequens
1223 583 1265 622 iu
1291 599 1471 625 acumen
1496 586 1702 638 ejusmodi
1730 598 1808 640 est,
1841 599 1880 630 ct
1910 602 2069 634 constat

121 676 142 702 a
174 662 472 717 principalium
507 671 672 702 extenta
700 662 741 702 in
775 662 1015 702 mediarum
1048 662 1189 713 illam,
1227 678 1338 718 quae
1369 665 1408 705 in
1441 665 1579 720 Lydio
1610 668 1692 710 iota
1731 680 1892 712 rectum
1927 672 2066 715 habet.

117 742 314 783 Tertium
359 753 502 784 autem
551 744 874 798 conjunctarum
925 752 1005 794 cst,

116 824 439 877 conjunctarum
469 822 653 864 ducitur.

1062 743 1178 797 quod
1221 759 1244 784 a
1287 744 1527 786 mediarum
1573 757 1739 790 extenta
1783 750 1825 791 in
1870 753 2070 795 ultimam

712 824 929 873 Quartum
961 838 1086 874 vere,
1133 824 1248 878 quod
1281 841 1357 880 per
1387 826 1635 869 divisionem
1670 839 1749 880 est,
1794 846 1817 871 a
1847 833 1987 874 media
2023 834 2066 874 in

112 902 277 943 tertiam
313 903 546 944 divisarum
581 906 766 945 connecti
798 904 913 944 solet.
963 903 1172 953 Quintum
1199 904 1240 944 iu
1275 920 1455 947 acumen
1488 908 1679 964 erigitur,
1710 920 1838 966 atque
1872 913 1915 953 in
1941 923 2065 955 neten

112 984 408 1024 excellentium
440 985 704 1026 terminatur.

768 986 884 1026 Haec
916 999 1027 1039 quae
1057 985 1145 1026 dixi
1172 986 1266 1026 artis
1298 997 1463 1028 nostrae
1489 988 1735 1032 doctissimis
1761 995 2063 1048 approbantur.
2093 994 2184 1036 965

108 1065 220 1106 Nam
254 1081 337 1106 non
369 1081 465 1106 sunl
496 1067 635 1107 nescia
667 1082 854 1108 asserere
887 1065 1118 1121 quosdam,
1152 1067 1418 1109 tetrachorda
1451 1069 1503 1109 ab
1533 1070 1772 1113 hemitoniis
1804 1074 1916 1115 initia
1942 1091 2062 1130 posse

106 1145 266 1196 sortiri,
309 1145 425 1200 quod
457 1155 515 1186 est
541 1146 585 1186 in
617 1146 905 1186 modulatione
934 1145 1142 1187 diatonica
1171 1148 1323 1198 situm,
1369 1148 1422 1188 de
1453 1164 1539 1204 qua
1569 1152 1766 1206 superius
1798 1154 1932 1195 multa
1961 1156 2061 1197 dixi·

180 1263 257 1295 haec
287 1262 430 1310 quoque]
466 1263 690 1307 Copulativam
714 1269 764 1303 et,
793 1275 874 1307 quae
904 1264 937 1294 in
965 1262 1059 1295 editis

106 1326 269 1369 sequitur,
293 1327 434 1370 expunxi
457 1327 601 1358 codicum
623 1327 827 1358 Monacensis
845 1326 916 1369 (C),
945 1327 1057 1358 Damu-

105 1389 284 1430 stattensis,
313 1396 345 1421 et
366 1390 531 1433 utriusque
556 1389 763 1422 Meibomiani
788 1389 984 1421 auctoritate.

178 1453 264 1499 qnod
297 1459 328 1484 et
350 1452 501 1498 ymnius]
540 1453 596 1486 Sic
628 1453 730 1485 codex
756 1453 989 1485 Meiboinianus
1008 1453 1055 1493 133

102 1515 198 1558 vulgo
230 1516 334 1560 »quod
362 1523 409 1548 est
438 1517 602 1558 gravius«,
628 1517 833 1550 Monacensis
852 1516 908 1561 (C)
927 1516 1054 1547 dubiam

101 1577 246 1609 voculam
266 1590 398 1621 prorsus
423 1579 539 1611 omisit.

176 1643 210 1672 in
234 1642 411 1673 mediarum
436 1640 534 1686 illam]
563 1642 636 1674 Hoc
660 1642 802 1686 ineptum
819 1642 920 1673 videri
939 1641 1052 1684 possit,

99 1709 135 1734 ut
159 1704 344 1748 simplIciter
370 1705 412 1736 sit
434 1706 636 1737 scribendum
661 1707 696 1737 in
719 1707 865 1737 mediam.
897 1704 1052 1736 Attamen

98 1768 295 1800 commodam
330 1768 381 1801 hic
425 1769 669 1813 explicationem
713 1769 835 1800 adferre
870 1780 1051 1812 possumus.

100 1829 249 1873 Qnatuor
280 1831 363 1863 enim
389 1838 464 1863 sunt
493 1833 616 1864 mediae
648 1832 801 1871 chordaet,
827 1831 974 1863 nimirum
999 1843 1050 1862 su-

97 1902 207 1934 prema
223 1892 412 1933 mediarum,
430 1905 662 1936 penesnprema
673 1893 862 1933 mediarum,
877 1892 1051 1924 mediarum

97 1958 241 1992 extenta,
278 1953 388 1985 ultima
419 1954 613 1994 mediarum,
638 1965 720 1997 quae
757 1966 820 1985 uno
854 1954 982 1986 nomine
1018 1959 1051 1986 et

95 2013 178 2047 κατ’
210 2012 362 2060 ἑξοχῆν
394 2015 497 2046 media
528 2015 716 2062 appellatur.
756 2015 844 2047 Dicit
876 2015 984 2059 itaque
1015 2015 1049 2047 in

96 2077 270 2109 mediarum
292 2078 379 2109 illam
403 2090 483 2122 quae
506 2078 538 2110 in
556 2078 659 2122 Lydio
678 2078 828 2122 (exempli
845 2079 956 2122 gratia)
976 2079 1048 2111 Iota

94 2147 215 2172 rectum
244 2141 355 2181 hahet,
387 2142 420 2173 id
451 2147 500 2173 est
535 2142 568 2173 iu
601 2141 703 2185 ipsam
734 2142 885 2183 mediam,
919 2143 1048 2175 extendi

94 2202 176 2234 illud
198 2205 450 2246 tetrachordum,
475 2217 541 2239 non
563 2210 667 2238 autem
691 2205 724 2238 in
744 2205 919 2238 mediarum
937 2211 1046 2238 exten-

94 2269 158 2295 tam
179 2269 237 2295 etc.
255 2265 396 2298 Mmon.

169 2332 275 2359 aulem
292 2327 547 2374 conjunctarum]
563 2330 717 2363 Grotiana
732 2341 840 2372 margo
855 2335 1045 2363 cunctarum

93 2391 209 2434 inepte.
235 2389 493 2435 Συνημμὲνον
512 2393 595 2424 enim
624 2393 794 2435 significari
818 2399 957 2438 apparet.

163 2465 222 2496 per
247 2452 454 2498 diuisionem]
480 2452 593 2491 Ηατὰ
615 2453 830 2501 διάζευξιν,
857 2457 971 2491 melius
983 2469 1042 2502 per

92 2517 346 2561 disjunctionem.
358 2518 498 2549 Mentem.

163 2580 198 2611 in
215 2578 355 2626 tertiam]
383 2580 469 2623 Lege
489 2581 524 2613 in
540 2580 695 2614 ultimam.
717 2581 767 2616 Ita
783 2583 908 2618 correxi
926 2595 1036 2617 omnes

1109 1265 1235 1296 codices
1262 1270 1325 1296 tam
1355 1265 1506 1308 scriptos,
1538 1278 1632 1310 quam
1661 1268 1780 1309 editos,
1821 1270 1876 1313 qui
1906 1271 2059 1306 mendose

1107 1327 1217 1369 legunt
1239 1330 1274 1359 in
1296 1331 1422 1359 let-liam
1445 1330 1629 1362 divisarum.
1662 1331 1776 1375 Neque
1796 1334 1856 1365 hoc
1879 1334 1985 1367 videre
2001 1348 2058 1380 po·
2095 1320 2097 1322 -

1107 1390 1167 1421 tuit
1181 1390 1322 1422 Grotius.
1338 1392 1654 1424 Maxume—Invitis
1675 1395 1838 1426 codicibus
1857 1397 1933 1428 nihil
1950 1405 2056 1440 muto,

1105 1453 1269 1498 ipsiusque
1291 1455 1438 1486 Marciani
1459 1467 1597 1487 errorem
1617 1457 1752 1489 arbitror
1770 1459 1814 1501 (v.
1842 1460 1881 1490 ad
1909 1459 1937 1503 ἐξ.
1953 1462 2055 1506 944).

1180 1520 1214 1549 in
1241 1519 1348 1564 neten]
1375 1521 1472 1553 Forte
1495 1524 1528 1553 in
1543 1529 1655 1563 neten,
1676 1530 1708 1556 et
1727 1536 1802 1557 sane
1823 1526 1866 1557 ita
1884 1527 2054 1569 legendnm

1103 1580 1198 1611 docet
1216 1580 1287 1612 MS.
1305 1581 1409 1614 Gnor.
1421 1601 1467 1606 -—
1495 1583 1652 1616 voculam
1669 1588 1703 1616 ιή
1728 1587 1835 1618 addidi
1856 1600 1895 1619 ex
1917 1595 2053 1634 utroque

1104 1642 1222 1673 codice.
1250 1643 1299 1673 Ita
1316 1649 1420 1674 autem
1442 1645 1491 1676 hic
1512 1645 1696 1686 legendum:
1717 1655 1828 1691 ”atque
1847 1662 1864 1680 a
1882 1650 2053 1684 divisarum

1102 1708 1231 1735 extenta
1255 1703 1287 1735 in
1320 1710 1415 1736 neten
1441 1706 1691 1739 excellentium«
1711 1710 1909 1742 Μυκη-
1941 1713 2051 1756 Vulgo

1102 1766 1185 1797 enim
1214 1771 1326 1810 »atquc
1354 1773 1426 1798 nete
1456 1769 1680 1801 excellentium
1710 1773 1930 1814 terminatur«,
1964 1776 2053 1818 quod

1102 1833 1259 1870 quatenus
1277 1828 1421 1859 codicum
1442 1830 1612 1861 auctoritas
1628 1831 1778 1873 jubebat,
1802 1835 1894 1867 facilc
1916 1837 2051 1879 correxi,

1099 1888 1175 1920 licet
1201 1889 1328 1931 vulgata
1351 1902 1478 1934 quoque
1505 1892 1630 1924 defendi
1652 1894 1763 1937 possit.

1175 1964 1318 1983 asserere
1336 1951 1500 1999 quosdam]
1511 1954 1666 1986 Asserere
1680 1957 1835 2002 quaedam
1851 1959 1950 2001 probe
1965 1966 2048 1993 uter-

1099 2025 1161 2057 que
1185 2014 1330 2058 scriptus.
1357 2015 1423 2046 Pro
1447 2017 1648 2048 tetrachorda
1666 2019 1758 2061 plane
1784 2020 1952 2061 legendum
1968 2035 2046 2065 pen-

1099 2076 1408 2109 tachordallhzmon.
1419 2096 1465 2101 -—
1482 2079 1742 2123 Interpunctioue
1761 2088 1846 2114 reete
1862 2083 1966 2126 posita
1981 2096 2046 2116 om-

1098 2137 1150 2169 nia
1180 2149 1256 2169 sana
1288 2139 1500 2182 apparebunt5
1533 2153 1667 2184 quornm
1690 2154 1803 2175 sensns
1832 2156 1870 2176 ex
1897 2145 2046 2178 Martiani

1096 2200 1250 2244 loquendi
1267 2201 1389 2232 ratione
1404 2213 1468 2234 non
1484 2202 1564 2234 alius
1584 2209 1634 2235 est
1652 2217 1746 2248 quam
1763 2205 1828 2238 hie:
1846 2208 2045 2240 tetrachorda

1095 2276 1161 2296 non
1184 2264 1223 2295 ab
1245 2264 1378 2306 integris
1397 2266 1484 2297 sonis
1510 2267 1567 2298 sed
1589 2267 1639 2298 vel
1665 2268 1703 2299 ab
1724 2269 1918 2310 hemitoniis,
1948 2276 1983 2301 ut
2010 2270 2044 2302 in

1094 2325 1253 2357 diatonico
1269 2338 1396 2368 genere,
1419 2327 1470 2359 vel
1487 2328 1526 2359 ab
1545 2328 1614 2359 aliis
1633 2331 1930 2373 sonorumpartihus
1947 2331 2041 2364 initia

1093 2399 1226 2432 capere,
1260 2395 1454 2432 quapropter
1477 2390 1516 2421 ab
1540 2391 1696 2436 acquisito
1723 2390 1819 2422 ordiri
1843 2404 1909 2423 non
1932 2405 2041 2436 posse,

1090 2451 1146 2496 qui
1175 2463 1193 2482 a
1217 2453 1390 2495 principali
1414 2454 1639 2496 principalium
1669 2453 1792 2495 integro
1821 2459 1898 2486 tono
1928 2455 2040 2498 distat3

1087 2515 1318 2560 pentachorda,
1349 2528 1431 2560 quae
1451 2517 1592 2551 secundo
1611 2517 1736 2551 demum
1749 2517 1822 2552 loco
1843 2519 2039 2554 hemitonion

1086 2580 1204 2614 habere
1223 2579 1364 2624 soleant,
1395 2592 1504 2627 posse.
