2310 2860
701 140 901 183 Martiani
940 140 1139 199 Capellae
1168 142 1241 184 lib.
1264 141 1318 185 V.
1349 146 1380 196 ᾗ.
1403 142 1507 185 452.
2006 147 2091 192 591

138 262 242 306 prae
269 263 314 290 se
343 249 523 291 ferentes
547 249 776 305 insignium
801 249 972 291 eulmen
1003 249 1243 305 meritaque
1267 248 1514 306 linguarun:
1540 251 1817 305 Aeschinem,
1847 252 2092 307 Isocratem,

136 329 402 385 Lysiamque
426 330 707 385 conspiceres3
738 339 832 371 tum
851 329 893 370 in
919 329 1063 384 togatis
1088 329 1328 384 agminibus
1349 331 1574 384 Sosanti0s‚
1600 334 1831 386 Gracchos,
1857 336 2091 391 Regulum,

135 410 342 462 Plinium,
380 413 745 466 Frontonemque.
804 410 971 452 Verum
1018 420 1113 452 ante
1150 422 1321 454 cunctos
1365 424 1493 469 atque
1530 414 1667 470 ipsam
1704 416 1858 458 ducem
1891 418 2087 459 omnium
2117 415 2209 457 455

132 492 338 533 feminam
377 508 506 535 senex
537 493 717 549 quidam
746 493 913 548 signum
946 507 994 534 ac
1028 494 1247 549 praeviam
1295 495 1461 550 virgam
1500 505 1661 550 gestans
1700 496 1855 538 lictoris
1886 498 2091 539 Romulei

134 574 415 629 praecedebat
448 589 551 626 usu,
591 583 720 630 atque
749 574 793 614 in
823 573 1014 628 ejusdem
1045 575 1191 631 virgae
1222 575 1409 617 culmine
1441 591 1569 618 corax
1599 577 1682 618 oris
1713 579 1850 620 aurati
1881 581 2085 621 venientis

132 707 162 738 p.
179 697 227 728 75
251 708 339 740 sequ.
362 702 393 728 et
419 695 513 738 115).
539 695 608 728 Sed
627 696 711 728 inter
732 696 898 728 Romanos
922 696 1007 738 quod
1024 695 1086 739 pri-

131 771 217 790 mum
249 759 367 801 legitur
394 760 618 793 Sosantiorum
642 771 775 800 nomen,
805 771 938 804 prorsus
963 759 1085 791 inaudi-

131 827 198 853 tum
231 829 280 854 est
313 828 345 854 et
378 823 546 854 manifesto
578 828 777 866 corruptum,
808 822 898 864 eujus
924 821 1085 853 inlocum

130 886 201 917 vide
233 899 272 917 ne
307 887 564 918 substituendum
601 887 643 917 sit
671 886 845 925 »Cr—assos,
879 886 1041 918 Antonios
1054 898 1084 925 ⁴¹3

129 948 161 979 hi
180 955 264 980 certe
283 955 356 980 ante
375 949 542 981 Ciceronis
561 954 704 992 tempora
728 948 931 991 eloquentiae
949 948 1084 979 Latinae

127 1009 223 1051 longe
253 1011 414 1054 principes
441 1012 547 1049 suere,
577 1010 654 1041 satis
688 1022 848 1053 superque
873 1010 942 1040 noti
970 1009 1021 1040 tel
1043 1021 1084 1040 ex

128 1071 295 1104 Ciceronis
309 1072 382 1103 libri
402 1072 441 1102 de
464 1077 606 1111 oratore,
630 1071 683 1102 ubi
700 1071 953 1113 colloquentium
973 1076 1080 1114 partes

123 1132 287 1176 primarias
315 1133 491 1172 sustinent,
518 1132 634 1176 quibus
662 1131 742 1163 adde
769 1143 850 1174 quae
877 1131 1001 1162 erudite
1025 1131 1082 1162 El-

124 1195 264 1227 lendtius
281 1197 444 1238 congessit
456 1196 503 1240 (in
520 1196 681 1228 succincta
697 1195 898 1238 eloquentiae
915 1196 1080 1227 Romanae

125 1271 228 1303 nsque
243 1260 282 1291 ad
297 1260 455 1292 Caesares
473 1260 616 1300 historia,
637 1259 812 1302 praemissa
825 1259 958 1291 editioni
974 1260 1079 1299 Bruti,

122 1321 305 1364 Regimont.
325 1323 438 1362 1825,
462 1334 495 1365 p.
510 1320 693 1364 62—77).
718 1321 841 1352 Ibidem
857 1321 901 1365 (p.
915 1321 1079 1363 57—46)

122 1384 306 1415 testimonia
332 1389 475 1415 veterum
502 1383 541 1414 de
570 1383 743 1422 Gracchis,
772 1382 901 1414 Tiberio
930 1383 1078 1413 nimirum

123 1451 155 1478 et
179 1446 261 1487 Cajo
287 1446 437 1476 iratribus
467 1444 629 1485 invenies,
656 1456 792 1488 quorum
810 1444 952 1487 inprimis
968 1444 1079 1485 junior

123 1510 253 1540 summis
276 1509 479 1553 eloquentiae
500 1508 649 1539 laudibus
669 1509 708 1540 ab
727 1508 875 1539 omnibus
899 1508 1078 1539 celebratur

120 1571 203 1615 (Cic.
227 1571 320 1602 Brut.
342 1572 409 1610 55,
442 1570 481 1602 de
511 1576 590 1602 orat.
609 1571 649 1610 5,
682 1571 747 1609 563
774 1570 863 1604 Vell.
892 1569 1018 1602 Patere.
1041 1570 1076 1609 2,

121 1635 161 1674 9,
186 1645 217 1676 p.
238 1634 307 1665 164
333 1633 444 1664 Burm.
469 1632 556 1664 Plin.
580 1632 684 1675 Epist.
709 1633 746 1672 1,
771 1632 836 1670 20,
858 1631 892 1662 4.
915 1631 1000 1664 Gell.
1018 1632 1075 1671 10,

120 1697 144 1728 5
166 1694 256 1737 cet->3
283 1696 459 1736 fragmenta
482 1694 613 1735 collegit
630 1693 794 1725 Henrieus
816 1693 968 1736 Meyerus
994 1693 1077 1737 (ora-

121 1761 225 1788 torum
237 1757 332 1788 Rom.
348 1758 534 1798 fragmenta,
554 1755 664 1788 Tui-ici
679 1755 788 1798 1852,
809 1767 840 1799 p.
854 1754 1076 1798 116-128).

121 1820 190 1863 Qui
212 1820 371 1863 sequitur,
399 1820 558 1864 Regulum
582 1831 658 1851 eave
686 1832 759 1851 cum
781 1825 890 1851 vetere
915 1818 971 1850 illo
1001 1831 1074 1851 eon-

119 1881 251 1921 fundas,
289 1882 345 1924 qui
376 1881 463 1913 bello
493 1880 752 1922 Carthaginiensi
785 1880 973 1911 nobilitatus
1009 1886 1075 1922 est,

120 1949 170 1976 est
197 1942 373 1974 Domitiani
399 1940 542 1984 Augusti
574 1941 733 1985 aequalis,
771 1943 867 1973 homo
899 1941 1074 1993 improbus,

118 2007 209 2048 cujus
237 2012 343 2038 tamen
369 2005 549 2038 facundiam
576 2010 608 2036 et
632 2005 789 2038 Martialis
813 2006 865 2049 (5,
886 2005 952 2046 28,
975 2006 1007 2037 6.
1034 2007 1074 2046 6,

117 2069 178 2108 64,
198 2067 259 2112 11)
275 2067 437 2112 praedicat
452 2079 557 2111 neque
572 2066 700 2098 Plinius
718 2066 864 2098 inimicus
883 2067 953 2109 ejus
968 2067 1074 2111 (epist.

120 2133 153 2172 1,
171 2133 203 2163 5.
222 2132 256 2172 2,
279 2132 338 2164 20.
350 2132 385 2172 st,
403 2132 440 2175 2)
456 2143 571 2173 negare
588 2131 684 2162 audet
699 2131 747 2175 (6,
759 2130 805 2173 2).
825 2132 928 2162 Plinii
941 2131 1073 2163 minoris

117 2195 318 2239 eloquentiae
341 2196 480 2227 studium
505 2196 576 2239 ipsa
604 2207 686 2239 quae
712 2200 839 2227 exstant
862 2195 979 2239 scripta
1003 2195 1073 2237 ejus

117 2263 288 2298 testantur,
315 2271 420 2302 neque
446 2259 618 2302 antiquitas
641 2258 819 2302 vilipendit.
847 2259 970 2291 Confer
987 2260 1071 2293 Mar-

121 2322 225 2353 tialem
243 2322 315 2364 (10,
339 2322 409 2364 10),
432 2321 656 2365 Apollinarem
670 2323 841 2356 Sidonium
855 2323 1006 2366 (epist.1,
1026 2323 1071 2367 1),

116 2384 213 2426 inque
240 2382 349 2426 primis
375 2382 573 2414 Macrobium
599 2384 742 2427 (Satura.
765 2387 803 2425 5,
835 2385 885 2428 1)=
917 2391 1072 2429 »quatuor

116 2452 207 2487 sunt,
227 2446 331 2490 inquit
348 2445 521 2487 Eusebius,
545 2459 660 2488 genera
680 2449 820 2481 dicendi:
837 2449 1018 2493 copiosum,
1039 2450 1071 2483 in

115 2521 178 2552 quo
197 2508 312 2541 Cicero
332 2507 528 2549 dominatur,
553 2508 669 2550 breve,
693 2510 726 2542 in
742 2523 806 2554 quo
824 2511 999 2544 Sallustius
1020 2523 1069 2543 re·

116 2578 208 2614 gnat,
236 2572 370 2612 siceum,
394 2572 481 2616 quod
495 2572 656 2616 Frontoni
673 2574 877 2618 adscribitur,
904 2576 1022 2620 piugue
1037 2581 1069 2608 et

1137 696 1295 736 floridum,
1318 696 1350 728 in
1367 709 1430 740 quo
1443 697 1569 729 Plinius
1584 696 1753 729 Secundus
1771 700 1942 743 qnondam,
1960 705 1992 730 et
2005 711 2090 733 nilne

1137 757 1227 788 nullo
1248 764 1389 789 veterum
1411 759 1514 790 minor
1529 765 1637 790 noster
1656 760 1867 803 Symmachus
1887 761 2086 793 luxuriatum

1136 819 1334 851 Frontonem
1367 820 1502 852 Grotius
1534 821 1687 865 suspicari
1718 827 1840 853 tantum
1868 828 1993 865 poterat
2017 835 2089 855 esse

1144 879 1320 912 »Antonini
1344 887 1599 925 praeceptorem,
1633 883 1683 914 eui
1713 883 1755 914 ob
1783 884 1993 915 excellentem
2023 884 2087 917 elo-

1136 944 1298 988 quentiam
1325 951 1429 976 statua
1457 951 1579 977 crcctau
1603 946 1699 977 suerit
1723 947 1804 989 (Jnl.
1829 947 1966 991 Capitol.
1984 946 2088 980 Anto-

1135 1007 1198 1039 nin.
1221 1008 1338 1051 philos.
1355 1009 1408 1051 2),
1434 1021 1518 1041 nune
1541 1010 1647 1041 notior
1670 1011 1762 1041 nobis
1786 1011 1888 1043 sactus
1906 1018 1970 1052 est,
1999 1018 2087 1056 post-

1135 1084 1229 1114 quam
1252 1072 1404 1115 epistolas
1426 1073 1495 1114 ejus
1518 1074 1760 1118 orationumque
1782 1075 1956 1116 fragmenta
1974 1087 2087 1107 reeens

1134 1139 1258 1174 reperta
1280 1133 1453 1164 identidem
1479 1133 1625 1175 Angelus
1656 1136 1762 1176 Majus
1791 1137 1967 1177 evulgavit,
2003 1137 2086 1169 unde

1132 1194 1207 1225 licet
1236 1195 1425 1226 nostratium
1453 1196 1614 1227 hominum
1637 1196 1768 1238 judiciis
1794 1198 1899 1229 minus
1928 1211 2087 1230 commen-

1132 1258 1226 1290 datus
1246 1259 1288 1290 sit
1307 1258 1392 1302 (vide
1410 1260 1521 1290 Rothii
1540 1260 1670 1292 librum:
1694 1261 1773 1292 iiber
1790 1262 1835 1293 M.
1851 1261 1948 1294 Corn.
1966 1263 2087 1294 Fronto

1132 1320 1198 1350 und
1218 1320 1275 1351 das
1291 1320 1445 1352 Zeitalter
1468 1322 1525 1352 der
1545 1321 1723 1362 Antonine,
1743 1323 1909 1355 munchen
1929 1326 2036 1365 1817,
2055 1330 2088 1356 ct

1129 1383 1294 1414 Niebuhrii
1315 1385 1467 1426 opuscula
1493 1398 1520 1427 p.
1539 1386 1641 1428 526),
1666 1386 1745 1417 illud
1763 1392 1868 1418 tamen
1886 1388 2085 1429 intelligitur,

1130 1446 1318 1490 aequalibus
1353 1447 1419 1478 suis
1446 1448 1581 1479 maxime
1610 1461 1682 1480 eum
1714 1449 1883 1492 probatum
1913 1451 2030 1490 fuisse,
2057 1452 2086 1482 si

1129 1508 1257 1551 quidem
1283 1509 1329 1543 M.
1359 1507 1514 1540 Aurelius
1539 1509 1660 1541 Caesar
1685 1510 1797 1554 (epist.
1827 1511 1867 1551 2,
1905 1510 1949 1555 6)
1971 1512 2014 1542 ita
2044 1512 2085 1544 ad

1128 1583 1200 1603 eum
1219 1572 1343 1603 scribit:
1367 1573 1454 1604 »vale
1473 1573 1570 1604 decus
1592 1574 1792 1617 eloquentiae
1810 1575 1985 1614 Romanae,
2008 1575 2083 1606 ami-

1127 1645 1236 1664 corum
1261 1633 1377 1674 gloria,
1404 1634 1504 1678 μέγα
1533 1634 1707 1679 πρᾶγμα,
1729 1636 1822 1666 homo
1834 1636 2082 1676 jucundissime,

1129 1697 1242 1729 consul
1278 1697 1488 1741 amplissime,
1528 1698 1678 1738 magister
1716 1698 1936 1739 dulcissime«,
1978 1712 2082 1743 neque

1127 1761 1288 1804 discrepat
1318 1760 1460 1792 Ausonii
1480 1761 1638 1802 judicium
1668 1762 1707 1793 de
1740 1773 1777 1794 eo
1810 1764 1909 1805 (grat.
1936 1769 1994 1795 act.
2014 1764 2082 1804 553

1127 1838 1158 1870 p.
1181 1826 1254 1857 556
1274 1825 1415 1869 ΒοῘΡῙι.)

1202 1885 1391 1931 itzsiqniunz]
1418 1886 1496 1918 Pari
1514 1886 1610 1918 modo
1635 1886 1724 1919 Saxo
1749 1886 2000 1929 Grammaticus,
2025 1890 2081 1933 qui

1126 1955 1273 1981 nostrum
1290 1962 1416 1993 semper
1437 1951 1503 1981 fere
1527 1951 1566 1982 ad
1585 1951 1716 1982 verbum
1740 1951 1880 1983 imitatur
1900 1953 1943 1996 (p.
1963 1953 2009 1984 10
2033 1952 2082 1984 ed.

1126 2010 1278 2056 Steph.)=
1310 2011 1500 2054 »insignium
1533 2013 1659 2044 culmen
1690 2013 1867 2058 meritaque
1899 2014 2072 2046 virtutum«

1126 2072 1214 2104 dixit.

1199 2132 1313 2180 corax]
1340 2133 1469 2166 Alludit
1490 2134 1531 2166 ad
1550 2135 1670 2179 primos
1691 2137 1836 2168 rhetores
1854 2137 1975 2168 Tisiam
1995 2136 2077 2179 ejus·

1125 2210 1187 2241 que
1218 2198 1408 2242 discipulum
1444 2198 1616 2241 Coracem,
1648 2200 1687 2232 dc
1717 2212 1781 2244 quo
1809 2200 1894 2232 idem
1922 2206 2077 2241 narratur,

1125 2261 1211 2305 quod
1237 2262 1277 2293 de
1300 2262 1443 2295 Euathlo
1461 2268 1494 2295 et
1510 2263 1705 2306 Protagora,
1731 2264 1886 2310 ajuntque
1909 2264 1957 2298 illi
1977 2264 2075 2297 accla-

1123 2329 1258 2355 matum:

1179 2384 1332 2420 »Ηακοῦ
1354 2383 1519 2432 κόρακος
1542 2384 1662 2422 κακὸν
1686 2384 1798 2423 aiom«

1120 2449 1268 2483 Meminit
1292 2450 1425 2491 Cicero,
1455 2451 1575 2483 Fabius
1607 2452 1733 2496 aliique.
1749 2451 1853 2484 Gnor.
1869 2467 1916 2473 —-·
1946 2448 2072 2481 Graeco

1120 2514 1276 2546 vocabulo
1301 2525 1360 2558 pro
1386 2515 1504 2547 Latino
1527 2528 1640 2548 corvus
1670 2527 1746 2546 usus
1771 2519 1819 2545 est
1843 2511 2005 2552 consulto,
2038 2519 2073 2544 ut

1119 2575 1214 2608 simul
1243 2575 1437 2619 signiticaret
1464 2577 1625 2611 hominem
1655 2588 1742 2617 eum,
1777 2574 1831 2617 qui
1856 2573 1976 2619 primus
2005 2585 2071 2606 om-
