2310 2860
724 199 923 242 Martiani
959 198 1159 256 Capellae
1196 198 1268 241 lib.
1292 198 1368 243 ΙΙΙ.
1404 202 1436 253 §-
1457 198 1562 244 24¹2.
2031 205 2113 248 271

150 307 212 360 N,
245 316 293 349 ut
313 307 542 361 Memnon3
586 307 865 364 subsequitur
896 308 1030 349 solam
1062 308 1113 359 S,
1154 316 1202 348 ut
1232 307 1498 362 Smintheus;
1540 317 1820 366 mutaturque
1862 311 1904 352 in
1935 312 1976 354 N
2008 327 2116 354 non-

150 402 400 445 nunquam,
432 400 479 432 111
510 405 648 446 (11111111
679 391 862 432 dicimus
893 392 1098 445 nunquis.
1157 391 1470 446 Terminatque
1501 401 1674 443 neutra,
1706 403 1752 435 ut
1784 407 1940 436 aurum
1973 404 2013 435 et
2044 409 2116 436 ar-

149 481 348 527 gentum3
407 473 508 514 item
555 483 823 529 monoptota,
883 482 931 513 ut
970 486 1184 527 nequam,
1260 471 1302 512 in
1347 486 1501 527 genere
1546 473 1781 514 masculino
1824 476 2117 517 accusativum

149 553 411 609 simplicem,
443 563 484 595 et
513 553 728 610 duplicem
760 552 1019 608 genitivum3
1061 551 1164 593 item
1196 552 1431 609 participia,
1462 562 1502 594 et
1533 554 1687 603 verba,
1727 564 1766 596 et
1796 555 2020 607 adverbia,
2067 565 2115 598 ut

149 642 347 685 tractum,
379 634 532 690 legam,
562 634 746 686 cursi1n;
778 648 1013 674 numerum
1036 635 1160 675 etiam
1193 636 1388 675 omnium
1412 649 1634 691 generum,
1666 645 1713 677 ut
1743 651 1914 688 novem,
1946 637 2109 678 decem.

147 713 190 755 N
226 723 369 755 autem
400 714 521 757 litera
551 715 717 770 plenior
749 723 924 769 apparet
962 713 1004 754 in
1050 715 1198 770 primis
1230 725 1270 757 ct
1312 716 1491 767 ultimis,
1530 725 1578 757 ut
1610 717 1786 768 Nestor,
1830 718 2007 770 tibicen,
2068 719 2112 759 in
2141 714 2235 757 245

148 793 298 835 mediis
329 795 501 847 exilior,
532 804 580 836 ut
613 809 762 845 mane,
793 794 1017 835 damnum.
1076 795 1145 836 Ex
1177 795 1508 836 consonantibus
1538 796 1734 851 sequitur
1769 797 1816 838 M
1847 797 2035 850 literam,
2067 809 2115 841 ut

147 875 376 929 Memnon,
408 877 436 917 S
467 885 610 917 autem
642 875 877 932 praecedit,
908 884 956 916 ut
986 875 1101 926 fons,
1133 890 1269 916 mons,
1330 875 1606 918 Convertitur
1637 878 1762 918 etiam
1795 879 1837 920 in
1870 879 1938 930 M,
1975 894 2117 934 quum

147 972 244 998 eam
283 967 525 1013 sequuntur
565 957 620 1009 B,
664 957 716 1008 P,
756 956 825 1008 M,
867 965 913 997 ut
955 955 1162 1007 dicimus,
1202 957 1377 1009 imbuit,
1424 958 1618 1014 impulit,
1664 960 1871 1001 imminet.
1951 962 2115 1002 Eadem

146 1038 320 1080 nomina
350 1039 656 1090 terminantur,
688 1037 1001 1088 masculinum,
1041 1045 1088 1076 ut
1121 1036 1298 1088 tibicen,
1341 1036 1599 1080 femininum
1631 1039 1872 1092 Graccum,
1904 1050 1951 1082 ut
1982 1042 2116 1093 Siron,

144 1127 372 1171 neutrum,
416 1128 463 1160 ut
498 1120 683 1161 culmen.
756 1121 796 1161 R
836 1134 937 1162 vero
969 1117 1137 1161 vocales
1170 1118 1374 1173 utrinque
1408 1119 1715 1175 complectitur.
1771 1122 1838 1162 De
1879 1109 2116 1163 consonam?
2149 1120 2240 1163 244

143 1198 257 1240 tibus
288 1199 316 1240 S
350 1199 427 1240 soli
458 1200 758 1256 praeponitur,
801 1209 850 1241 ut
887 1215 1000 1252 sors,
1044 1200 1152 1251 fors,
1194 1209 1233 1240 et
1263 1200 1308 1241 X
1346 1199 1508 1257 duplici
1551 1216 1896 1257 nonnunquam,
1940 1213 1987 1244 ut
2032 1219 2121 1247 arx.

144 1280 419 1324 Convertitur
463 1282 506 1323 in
541 1283 600 1333 L,
638 1283 680 1325 N
712 1292 752 1324 et
785 1283 837 1332 S,
878 1291 926 1323 ut
957 1282 1097 1338 niger,
1140 1282 1341 1337 nigellus,
1391 1282 1556 1335 femur,
1592 1282 1786 1336 feminis,
1827 1299 1949 1339 gero,
1996 1285 2118 1339 gessi.

143 1361 257 1403 Finit
292 1362 468 1404 nomina
507 1363 746 1404 masculina
786 1372 880 1418 post
909 1377 1060 1403 omnes
1094 1361 1283 1414 vocales,
1323 1373 1369 1404 ut
1399 1377 1501 1419 par,
1544 1372 1684 1419 pater,
1726 1364 1815 1416 vir,
1855 1366 1990 1416 nitor,
2024 1366 2120 1417 sur,

142 1440 348 1482 feminina
378 1450 472 1496 post
510 1441 546 1482 E
587 1450 626 1482 et
660 1442 727 1494 O,
772 1451 819 1482 ut
857 1442 1035 1494 mulier,
1089 1457 1232 1496 soror,
1292 1454 1444 1487 neutra
1488 1455 1581 1501 post
1618 1460 1766 1486 omnes
1800 1456 1968 1501 praeter
1998 1448 2039 1499 Ι,
2073 1457 2122 1489 ut

143 1522 303 1574 calcar,
346 1523 487 1578 piger,
522 1537 738 1574 marmor,
783 1523 981 1579 sulphur.
1036 1524 1150 1566 Finit
1182 1525 1315 1567 verba
1346 1534 1386 1566 et
1421 1524 1645 1576 adverbia,
1687 1533 1734 1565 ut
1773 1540 1928 1576 venor,
1967 1525 2118 1567 vador.

141 1604 169 1645 S
206 1603 402 1645 nonnulli
442 1604 611 1646 literam
654 1619 740 1645 non
783 1614 1058 1661 putaverunt.

140 1715 264 1747 literam
283 1715 466 1759 pertineret.
493 1713 650 1748 Turbavit
669 1714 807 1747 fortasse
830 1714 995 1756 librarios,
1013 1715 1102 1759 quod

140 1779 218 1810 alias
246 1791 375 1823 quoque
402 1779 512 1811 literas
541 1779 734 1823 praecedere
759 1779 795 1812 M
830 1778 972 1820 videtur,
1005 1784 1042 1811 ut
1071 1779 1104 1810 in

140 1841 253 1879 ambo,
277 1841 416 1884 ampulla
437 1845 515 1881 cet,
542 1839 601 1872 sed
623 1840 711 1884 quod
731 1840 909 1873 Martianus
928 1840 1012 1881 vult,
1038 1840 1102 1884 syl-

139 1901 229 1932 labas
255 1906 379 1933 tantum
407 1901 549 1943 singulas
574 1905 717 1944 spectat,
753 1913 859 1944 neque
895 1901 929 1932 in
961 1914 1025 1933 una
1052 1913 1103 1933 ca-

140 1963 277 2007 demque
298 1964 420 2007 syllaba
444 1963 498 1995 alii
514 1963 626 1995 literae
643 1967 770 2008 praeter
788 1962 820 1995 N
834 1963 989 2007 praeponi
1006 1975 1104 2008 pesse

138 2025 176 2059 M
197 2030 319 2057 certum
345 2031 404 2057 est.

212 2085 422 2132 Smintheus]
449 2084 571 2130 Apollo
590 2084 737 2130 (Homer.
761 2083 801 2117 Il.
822 2097 856 2119 α.
879 2086 938 2118 59.
960 2085 1104 2119 Macroh.

138 2147 303 2184 Saturnal.
326 2151 364 2191 1,
389 2151 446 2182 17.
471 2149 613 2181 Pausan.
633 2149 696 2189 10,
724 2148 788 2189 12,
812 2150 845 2180 5.
868 2147 1003 2190 Strabo,
1030 2148 1103 2182 Ste-

139 2215 233 2258 phan.
255 2214 338 2258 Byz.
354 2213 433 2259 alii).
457 2213 544 2247 Male
568 2212 705 2245 Grotius
725 2199 924 2255 Sinyntlu’us.
950 2212 1103 2245 Nostram

139 2277 311 2310 lectionem
346 2282 478 2310 tuentur
508 2276 637 2310 codices
667 2275 944 2309 Reiehenauensis
975 2282 1007 2309 et
1031 2277 1102 2310 Μο-

140 2340 288 2373 nacensis
312 2341 379 2385 (C).

214 2400 380 2449 nunquis]
415 2401 641 2435 Conferendus
672 2401 724 2436 hic
751 2400 971 2437 Schneiderus
994 2402 1100 2448 (elem.

139 2473 270 2506 gramm.
295 2463 320 2495 I.
344 2477 374 2508 p.
395 2462 494 2506 510).

211 2523 334 2571 femur]
360 2525 406 2557 Et
429 2524 636 2558 Britannicus
657 2531 691 2558 et
717 2526 993 2570 Cantabrigiensis
1018 2527 1100 2559 hanc

138 2589 309 2622 lectionem
332 2588 502 2633 praebent,
537 2600 632 2632 quam
667 2588 801 2621 Grotius
835 2590 1019 2632 conjectura
1051 2602 1100 2622 as-

140 2658 271 2686 secutus
292 2658 376 2694 erat,
408 2652 463 2698 (11ιί
484 2651 628 2687 ediderat
651 2652 779 2698 quidem
798 2653 927 2698 femen,
955 2653 1012 2688 sed
1029 2653 1098 2697 jus-

1135 1607 1249 1647 Nam
1287 1605 1470 1647 Messala
1515 1605 1735 1661 quendam
1778 1606 1951 1647 sibilum
1997 1607 2113 1649 dixit.
2143 1607 2234 1649 ‘245

1157 1721 1242 1746 serat
1264 1713 1328 1756 legi
1351 1714 1478 1758 femur,
1508 1712 1661 1758 feminis,
1699 1711 1839 1746 addensz
1870 1713 1937 1747 »Ita
1965 1714 2048 1746 enim
2078 1727 2117 1748 eo

1157 1789 1235 1808 aevo
1260 1777 1334 1808 illos
1361 1776 1520 1817 sensisse,
1553 1780 1589 1807 ut
1611 1787 1710 1819 quum
1738 1787 1844 1820 neque
1867 1782 1974 1810 rectus
1998 1778 2119 1821 femen,

1156 1851 1261 1883 neque
1288 1838 1437 1883 obliquus
1456 1838 1589 1882 femoris
1615 1841 1703 1869 esset
1722 1837 1888 1871 usitatum

1231 1899 1354 1945 vador]
1393 1900 1538 1932 Verbum
1572 1898 1736 1930 nimirum:
1765 1899 1988 1931 adverbiorum
2013 1906 2121 1932 autem*

1156 1962 1302 2005 exempla
1325 1962 1474 2001 deerant,
1507 1972 1590 2005 quae
1617 1959 1752 1993 Grotius
1775 1972 1792 1992 0
1816 1961 2032 2006 manuscripto
2059 1974 2117 1994 suo

1156 2023 1327 2067 supplevit.
1355 2022 1631 2064 Cantabrigiensis
1650 2021 1711 2054 alia
1736 2022 1838 2054 addit:
1859 2023 2020 2066 »agilitcr,
2048 2024 2119 2056 viri-

1155 2086 1244 2126 liter,
1263 2087 1416 2129 jugiter.·
1450 2086 1580 2131 QuIbus
1597 2098 1615 2119 e
1637 2086 1733 2118 variis
1750 2087 1904 2131 exemplis
1928 2093 2027 2132 patet,
2053 2099 2118 2120 non

1155 2150 1253 2183 nullis
1271 2150 1304 2183 in
1322 2150 1403 2183 loeis
1419 2150 1648 2195 interpolatum
1665 2150 1759 2183 nobis
1778 2151 1928 2183 traditum
1944 2163 2015 2184 esse
2032 2152 2116 2186 Mar-

1155 2211 1277 2244 tiauum
1300 2212 1385 2257 (add.
1410 2210 1438 2256 §.
1456 2213 1499 2244 11
1526 2211 1618 2256 not.).

1232 2287 1298 2306 non
1309 2274 1521 2320 putaverunt]
1539 2275 1637 2319 Quia,
1658 2280 1694 2307 ut
1713 2275 1757 2308 ait
1767 2275 1946 2310 Cledonius
1961 2277 2004 2320 (p.
2019 2275 2115 2307 1882

1154 2337 1175 2369 f.
1199 2337 1354 2382 Putsch.)
1386 2339 1566 2384 »superflua
1595 2339 1773 2380 iuvenitur,
1800 2339 1959 2371 interdum
1986 2345 2017 2370 et
2045 2339 2115 2381 ipsa

1152 2399 1305 2444 liquescit
1335 2400 1369 2432 in
1399 2406 1522 2442 metro,
1558 2401 1633 2445 quia
1666 2401 1779 2432 sibilus
1814 2400 1913 2442 magis
1946 2404 1996 2431 est
2019 2410 2114 2441 quain

1151 2475 1371 2506 consonans«;
1401 2464 1482 2497 adde
1496 2464 1697 2497 Prisciannm
1716 2465 1766 2509 (L.
1783 2466 1814 2504 1,
1832 2476 1865 2507 p.
1880 2462 1952 2505 25),
1974 2462 2028 2505 qui
2047 2473 2113 2494 non

1152 2525 1258 2557 solum
1288 2525 1322 2558 iu
1347 2532 1449 2559 metro
1477 2526 1562 2571 apud
1587 2525 1820 2559 vetustissimos
1852 2523 1914 2555 vim
1937 2534 2025 2554 suam
2050 2524 2112 2556 sre-

1151 2595 1287 2635 quenter
1309 2590 1470 2631 amittere,
1494 2590 1551 2623 sed
1569 2590 1663 2622 etiam
1682 2594 1800 2620 tantam
1821 2599 1892 2618 cum
1918 2586 2110 2630 aspiratione

1149 2655 1232 2689 hane
1256 2653 1381 2690 literam
1411 2654 1634 2699 cognationem
1658 2652 1775 2685 habere
1799 2649 1909 2692 docet,
1946 2656 1980 2682 ut
2007 2651 2039 2682 in
2069 2651 2108 2683 iis
