<?xml version="1.0" encoding="UTF-8"?>
<!DOCTYPE html PUBLIC "-//W3C//DTD XHTML 1.0 Transitional//EN"
    "http://www.w3.org/TR/xhtml1/DTD/xhtml1-transitional.dtd">
<html xmlns="http://www.w3.org/1999/xhtml" xml:lang="en" lang="en">
 <head>
  <title>
</title>
<meta http-equiv="Content-Type" content="text/html;charset=utf-8" />
  <meta name='ocr-system' content='tesseract 3.04.00' />
  <meta name='ocr-capabilities' content='ocr_page ocr_carea ocr_par ocr_line ocrx_word'/>
</head>
<body>
  <div class='ocr_page' id='page_1' title='image "./denuptiisphilolo00martuoft_0417.png"; bbox 0 0 2310 2860; ppageno 0'>
   <div class='ocr_carea' id='block_1_1' title="bbox 741 146 1560 204">
    <p class='ocr_par' dir='ltr' id='par_1_1' title="bbox 741 146 1560 204">
     <span class='ocr_line' id='line_1_1' title="bbox 741 146 1560 204; baseline -0.005 -12"><span class='ocrx_word' id='word_1_1' title='bbox 741 149 940 192; x_wconf 84' lang='lat' dir='ltr'><strong>Martiani</strong></span> <span class='ocrx_word' id='word_1_2' title='bbox 978 147 1176 204; x_wconf 78' lang='lat' dir='ltr'>Capellae</span> <span class='ocrx_word' id='word_1_3' title='bbox 1215 148 1286 190; x_wconf 89' lang='lat' dir='ltr'><strong>lib.</strong></span> <span class='ocrx_word' id='word_1_4' title='bbox 1311 147 1365 189; x_wconf 90' lang='lat' dir='ltr'><strong>V.</strong></span> <span class='ocrx_word' id='word_1_5' title='bbox 1404 148 1434 199; x_wconf 57' lang='grc' dir='ltr'><strong>ᾗ.</strong></span> <span class='ocrx_word' id='word_1_6' title='bbox 1460 146 1560 188; x_wconf 82' lang='grc'>427.</span> 
     </span>
    </p>
   </div>
   <div class='ocr_carea' id='block_1_2' title="bbox 2106 148 2141 164">
    <p class='ocr_par' dir='ltr' id='par_1_2' title="bbox 2106 148 2141 164">
     <span class='ocr_line' id='line_1_2' title="bbox 2106 148 2141 164; baseline 0 -6"><span class='ocrx_word' id='word_1_7' title='bbox 2106 148 2141 164; x_wconf 56' lang='lat'><strong>‚—</strong></span> 
     </span>
    </p>
   </div>
   <div class='ocr_carea' id='block_1_3' title="bbox 2037 138 2136 189">
    <p class='ocr_par' dir='ltr' id='par_1_3' title="bbox 2037 138 2136 189">
     <span class='ocr_line' id='line_1_3' title="bbox 2037 138 2136 189; baseline -0.01 0"><span class='ocrx_word' id='word_1_8' title='bbox 2037 138 2039 140; x_wconf 90' lang='lat'>.</span> <span class='ocrx_word' id='word_1_9' title='bbox 2057 148 2136 189; x_wconf 78' lang='lat'><strong>501</strong></span> 
     </span>
    </p>
   </div>
   <div class='ocr_carea' id='block_1_4' title="bbox 190 252 2141 316">
    <p class='ocr_par' dir='ltr' id='par_1_4' title="bbox 190 252 2141 316">
     <span class='ocr_line' id='line_1_4' title="bbox 190 252 2141 316; baseline -0.003 -14"><span class='ocrx_word' id='word_1_10' title='bbox 190 273 277 316; x_wconf 91' lang='lat' dir='ltr'><strong>quo</strong></span> <span class='ocrx_word' id='word_1_11' title='bbox 324 258 451 302; x_wconf 85' lang='lat' dir='ltr'><strong>vellet</strong></span> <span class='ocrx_word' id='word_1_12' title='bbox 488 266 530 300; x_wconf 84' lang='lat' dir='ltr'><strong>et</strong></span> <span class='ocrx_word' id='word_1_13' title='bbox 558 256 673 300; x_wconf 80' lang='lat' dir='ltr'><strong>unde</strong></span> <span class='ocrx_word' id='word_1_14' title='bbox 712 257 842 299; x_wconf 86' lang='lat' dir='ltr'><strong>vellet</strong></span> <span class='ocrx_word' id='word_1_15' title='bbox 874 255 1118 307; x_wconf 84' lang='lat' dir='ltr'><strong>deducere,</strong></span> <span class='ocrx_word' id='word_1_16' title='bbox 1165 263 1204 296; x_wconf 89' lang='lat' dir='ltr'><strong>et</strong></span> <span class='ocrx_word' id='word_1_17' title='bbox 1245 254 1288 295; x_wconf 91' lang='lat' dir='ltr'><strong>in</strong></span> <span class='ocrx_word' id='word_1_18' title='bbox 1327 254 1540 309; x_wconf 84' lang='lat' dir='ltr'><strong>lacrymas</strong></span> <span class='ocrx_word' id='word_1_19' title='bbox 1582 252 1773 305; x_wconf 86' lang='lat' dir='ltr'><strong>flectere,</strong></span> <span class='ocrx_word' id='word_1_20' title='bbox 1817 262 1857 295; x_wconf 86' lang='lat' dir='ltr'><strong>et</strong></span> <span class='ocrx_word' id='word_1_21' title='bbox 1894 254 2141 308; x_wconf 24' lang='lat' dir='ltr'><strong>inrrabiem</strong></span> 
     </span>
    </p>
   </div>
   <div class='ocr_carea' id='block_1_5' title="bbox 188 336 2142 392">
    <p class='ocr_par' dir='ltr' id='par_1_5' title="bbox 188 336 2142 392">
     <span class='ocr_line' id='line_1_5' title="bbox 188 336 2142 392; baseline -0.003 -10"><span class='ocrx_word' id='word_1_22' title='bbox 188 341 418 392; x_wconf 84' lang='lat' dir='ltr'><strong>concitare,</strong></span> <span class='ocrx_word' id='word_1_23' title='bbox 461 350 500 382; x_wconf 85' lang='lat' dir='ltr'><strong>et</strong></span> <span class='ocrx_word' id='word_1_24' title='bbox 535 341 579 381; x_wconf 90' lang='lat' dir='ltr'><strong>in</strong></span> <span class='ocrx_word' id='word_1_25' title='bbox 610 340 712 381; x_wconf 86' lang='lat' dir='ltr'><strong>alios</strong></span> <span class='ocrx_word' id='word_1_26' title='bbox 743 340 868 380; x_wconf 83' lang='lat' dir='ltr'><strong>etiam</strong></span> <span class='ocrx_word' id='word_1_27' title='bbox 902 338 1046 380; x_wconf 84' lang='lat' dir='ltr'><strong>vultus</strong></span> <span class='ocrx_word' id='word_1_28' title='bbox 1077 351 1315 392; x_wconf 83' lang='lat' dir='ltr'><strong>sensusque</strong></span> <span class='ocrx_word' id='word_1_29' title='bbox 1345 346 1593 378; x_wconf 84' lang='lat' dir='ltr'><strong>convertere</strong></span> <span class='ocrx_word' id='word_1_30' title='bbox 1624 346 1710 378; x_wconf 84' lang='lat' dir='ltr'><strong>tam</strong></span> <span class='ocrx_word' id='word_1_31' title='bbox 1742 336 1869 378; x_wconf 88' lang='lat' dir='ltr'><strong>urbes</strong></span> <span class='ocrx_word' id='word_1_32' title='bbox 1902 349 2033 391; x_wconf 84' lang='lat' dir='ltr'><strong>quam</strong></span> <span class='ocrx_word' id='word_1_33' title='bbox 2065 350 2142 376; x_wconf 82' lang='lat' dir='ltr'><strong>ex-</strong></span> 
     </span>
    </p>
   </div>
   <div class='ocr_carea' id='block_1_6' title="bbox 189 416 1792 479">
    <p class='ocr_par' dir='ltr' id='par_1_6' title="bbox 189 416 1792 479">
     <span class='ocr_line' id='line_1_6' title="bbox 189 416 1792 479; baseline -0.004 -14"><span class='ocrx_word' id='word_1_34' title='bbox 189 424 343 465; x_wconf 89' lang='lat' dir='ltr'><strong>ercitus</strong></span> <span class='ocrx_word' id='word_1_35' title='bbox 387 423 640 479; x_wconf 86' lang='lat' dir='ltr'><strong>proeliantes</strong></span> <span class='ocrx_word' id='word_1_36' title='bbox 684 431 723 463; x_wconf 86' lang='lat' dir='ltr'><strong>et</strong></span> <span class='ocrx_word' id='word_1_37' title='bbox 764 434 1052 477; x_wconf 84' lang='lat' dir='ltr'><strong>quaeeunque</strong></span> <span class='ocrx_word' id='word_1_38' title='bbox 1100 429 1264 477; x_wconf 83' lang='lat' dir='ltr'><strong>poterat</strong></span> <span class='ocrx_word' id='word_1_39' title='bbox 1308 417 1477 472; x_wconf 79' lang='lat' dir='ltr'>agmina</span> <span class='ocrx_word' id='word_1_40' title='bbox 1516 416 1792 472; x_wconf 88' lang='lat' dir='ltr'><strong>populorum.</strong></span> 
     </span>
    </p>
   </div>
   <div class='ocr_carea' id='block_1_7' title="bbox 1859 415 2143 458">
    <p class='ocr_par' dir='ltr' id='par_1_7' title="bbox 1859 415 2143 458">
     <span class='ocr_line' id='line_1_7' title="bbox 1859 415 2143 458; baseline -0.011 0"><span class='ocrx_word' id='word_1_41' title='bbox 1859 416 1976 458; x_wconf 85' lang='lat' dir='ltr'><strong>Haec</strong></span> <span class='ocrx_word' id='word_1_42' title='bbox 2017 415 2143 456; x_wconf 83' lang='lat' dir='ltr'><strong>etiam</strong></span> 
     </span>
    </p>
   </div>
   <div class='ocr_carea' id='block_1_8' title="bbox 189 496 2144 557">
    <p class='ocr_par' dir='ltr' id='par_1_8' title="bbox 189 496 2144 557">
     <span class='ocr_line' id='line_1_8' title="bbox 189 496 2144 557; baseline -0.004 -12"><span class='ocrx_word' id='word_1_43' title='bbox 189 504 416 555; x_wconf 81' lang='lat' dir='ltr'>Senatum,</span> <span class='ocrx_word' id='word_1_44' title='bbox 456 513 611 554; x_wconf 82' lang='lat' dir='ltr'><strong>rostra,</strong></span> <span class='ocrx_word' id='word_1_45' title='bbox 655 502 812 557; x_wconf 82' lang='lat' dir='ltr'><strong>judicia</strong></span> <span class='ocrx_word' id='word_1_46' title='bbox 853 501 1068 543; x_wconf 84' lang='lat' dir='ltr'><strong>domuisse</strong></span> <span class='ocrx_word' id='word_1_47' title='bbox 1105 499 1148 540; x_wconf 92' lang='lat' dir='ltr'><strong>in</strong></span> <span class='ocrx_word' id='word_1_48' title='bbox 1183 509 1303 554; x_wconf 85' lang='lat' dir='ltr'><strong>gente</strong></span> <span class='ocrx_word' id='word_1_49' title='bbox 1342 498 1576 550; x_wconf 83' lang='lat' dir='ltr'><strong>Romulea,</strong></span> <span class='ocrx_word' id='word_1_50' title='bbox 1624 497 1799 539; x_wconf 84' lang='lat' dir='ltr'><strong>Athenis</strong></span> <span class='ocrx_word' id='word_1_51' title='bbox 1830 512 1933 540; x_wconf 83' lang='lat' dir='ltr'><strong>vero</strong></span> <span class='ocrx_word' id='word_1_52' title='bbox 1964 496 2144 546; x_wconf 84' lang='lat' dir='ltr'><strong>curiam,</strong></span> 
     </span>
    </p>
   </div>
   <div class='ocr_carea' id='block_1_9' title="bbox 190 579 2143 641">
    <p class='ocr_par' dir='ltr' id='par_1_9' title="bbox 190 579 2143 641">
     <span class='ocr_line' id='line_1_9' title="bbox 190 579 2143 641; baseline -0.004 -14"><span class='ocrx_word' id='word_1_53' title='bbox 190 587 433 641; x_wconf 82' lang='lat' dir='ltr'><strong>gymnasia,</strong></span> <span class='ocrx_word' id='word_1_54' title='bbox 487 585 741 640; x_wconf 85' lang='lat' dir='ltr'><strong>theatraque</strong></span> <span class='ocrx_word' id='word_1_55' title='bbox 781 597 860 639; x_wconf 89' lang='lat' dir='ltr'><strong>pro</strong></span> <span class='ocrx_word' id='word_1_56' title='bbox 907 581 1080 623; x_wconf 84' lang='lat' dir='ltr'><strong>arbitrio</strong></span> <span class='ocrx_word' id='word_1_57' title='bbox 1124 579 1359 635; x_wconf 72' lang='lat' dir='ltr'><strong>reflexisse,</strong></span> <span class='ocrx_word' id='word_1_58' title='bbox 1394 595 1464 623; x_wconf 73' lang='lat' dir='ltr'><strong>..ae</strong></span> <span class='ocrx_word' id='word_1_59' title='bbox 1510 590 1640 621; x_wconf 84' lang='lat' dir='ltr'><strong>totam</strong></span> <span class='ocrx_word' id='word_1_60' title='bbox 1684 580 1873 621; x_wconf 84' lang='lat' dir='ltr'><strong>funditus</strong></span> <span class='ocrx_word' id='word_1_61' title='bbox 1917 579 2143 620; x_wconf 80' lang='lat' dir='ltr'>Graeciam</span> 
     </span>
    </p>
   </div>
   <div class='ocr_carea' id='block_1_10' title="bbox 190 661 2187 718">
    <p class='ocr_par' dir='ltr' id='par_1_10' title="bbox 190 661 2187 718">
     <span class='ocr_line' id='line_1_10' title="bbox 190 661 2187 718; baseline -0.004 -11"><span class='ocrx_word' id='word_1_62' title='bbox 190 667 410 708; x_wconf 84' lang='lat' dir='ltr'><strong>miscuisse</strong></span> <span class='ocrx_word' id='word_1_63' title='bbox 435 667 664 709; x_wconf 84' lang='lat' dir='ltr'><strong>ferebatur.</strong></span> <span class='ocrx_word' id='word_1_64' title='bbox 721 665 814 706; x_wconf 80' lang='lat' dir='ltr'><strong>Hac</strong></span> <span class='ocrx_word' id='word_1_65' title='bbox 836 678 940 706; x_wconf 88' lang='lat' dir='ltr'><strong>vero</strong></span> <span class='ocrx_word' id='word_1_66' title='bbox 962 663 1183 718; x_wconf 88' lang='lat' dir='ltr'><strong>loquente,</strong></span> <span class='ocrx_word' id='word_1_67' title='bbox 1215 661 1291 717; x_wconf 92' lang='lat' dir='ltr'><strong>qui</strong></span> <span class='ocrx_word' id='word_1_68' title='bbox 1318 661 1463 703; x_wconf 77' lang='lat' dir='ltr'><strong>vultus</strong></span> <span class='ocrx_word' id='word_1_69' title='bbox 1490 662 1693 716; x_wconf 72' lang='lat' dir='ltr'><strong>vocisque</strong></span> <span class='ocrx_word' id='word_1_70' title='bbox 1717 676 1867 712; x_wconf 88' lang='lat' dir='ltr'><strong>sonus,</strong></span> <span class='ocrx_word' id='word_1_71' title='bbox 1899 669 2146 717; x_wconf 82' lang='lat' dir='ltr'><strong>quantaque</strong></span> <span class='ocrx_word' id='word_1_72' title='bbox 2184 684 2187 685; x_wconf 31' lang='grc' dir='ltr'><em>ν</em></span> 
     </span>
    </p>
   </div>
   <div class='ocr_carea' id='block_1_11' title="bbox 191 771 1146 819">
    <p class='ocr_par' dir='ltr' id='par_1_11' title="bbox 191 771 1146 819">
     <span class='ocr_line' id='line_1_11' title="bbox 191 771 1146 819; baseline -0.005 -13"><span class='ocrx_word' id='word_1_73' title='bbox 191 775 344 819; x_wconf 89' lang='lat' dir='ltr'><strong>scriptum</strong></span> <span class='ocrx_word' id='word_1_74' title='bbox 362 775 489 818; x_wconf 88' lang='lat' dir='ltr'><strong>quidem</strong></span> <span class='ocrx_word' id='word_1_75' title='bbox 507 780 573 806; x_wconf 86' lang='lat' dir='ltr'><strong>erat</strong></span> <span class='ocrx_word' id='word_1_76' title='bbox 591 775 764 819; x_wconf 78' lang='lat' dir='ltr'><strong>inpotens,</strong></span> <span class='ocrx_word' id='word_1_77' title='bbox 789 774 846 804; x_wconf 84' lang='lat' dir='ltr'><strong>sed</strong></span> <span class='ocrx_word' id='word_1_78' title='bbox 864 785 880 804; x_wconf 85' lang='lat' dir='ltr'><strong>a</strong></span> <span class='ocrx_word' id='word_1_79' title='bbox 896 771 1035 804; x_wconf 85' lang='lat' dir='ltr'><strong>secunda</strong></span> <span class='ocrx_word' id='word_1_80' title='bbox 1052 781 1146 802; x_wconf 87' lang='lat' dir='ltr'><strong>manu</strong></span> 
     </span>
    </p>
   </div>
   <div class='ocr_carea' id='block_1_12' title="bbox 193 839 1151 1378">
    <p class='ocr_par' dir='ltr' id='par_1_12' title="bbox 193 839 1151 1378">
     <span class='ocr_line' id='line_1_12' title="bbox 193 839 457 880; baseline 0 -12"><span class='ocrx_word' id='word_1_81' title='bbox 193 839 227 868; x_wconf 84' lang='lat' dir='ltr'><strong>in</strong></span> <span class='ocrx_word' id='word_1_82' title='bbox 250 843 457 880; x_wconf 74' lang='lat' dir='ltr'><strong>expunctum.</strong></span> 
     </span>
     <span class='ocr_line' id='line_1_13' title="bbox 266 892 1147 944; baseline -0.007 -14"><span class='ocrx_word' id='word_1_83' title='bbox 266 898 392 944; x_wconf 70' lang='lat' dir='ltr'><strong>reyina]</strong></span> <span class='ocrx_word' id='word_1_84' title='bbox 415 899 555 930; x_wconf 71' lang='lat' dir='ltr'><strong>l’raeivit</strong></span> <span class='ocrx_word' id='word_1_85' title='bbox 573 897 756 940; x_wconf 75' lang='lat' dir='ltr'><strong>Euripich</strong></span> <span class='ocrx_word' id='word_1_86' title='bbox 775 895 828 939; x_wconf 88' lang='lat' dir='ltr'><strong>qui</strong></span> <span class='ocrx_word' id='word_1_87' title='bbox 848 897 892 939; x_wconf 87' lang='lat' dir='ltr'><strong>(in</strong></span> <span class='ocrx_word' id='word_1_88' title='bbox 910 895 1045 926; x_wconf 76' lang='lat' dir='ltr'><strong>Hecuba</strong></span> <span class='ocrx_word' id='word_1_89' title='bbox 1060 892 1147 935; x_wconf 76' lang='grc'>816)</span> 
     </span>
     <span class='ocr_line' id='line_1_14' title="bbox 248 951 1146 1006; baseline -0.007 -10"><span class='ocrx_word' id='word_1_90' title='bbox 248 959 396 995; x_wconf 53' lang='lat' dir='ltr'><strong>unusne</strong></span> <span class='ocrx_word' id='word_1_91' title='bbox 431 960 470 996; x_wconf 76' lang='grc' dir='ltr'><strong>δὲ</strong></span> <span class='ocrx_word' id='word_1_92' title='bbox 497 959 570 1006; x_wconf 76' lang='grc' dir='ltr'><strong>τήν</strong></span> <span class='ocrx_word' id='word_1_93' title='bbox 600 957 795 1006; x_wconf 70' lang='grc' dir='ltr'><strong>τύραννον</strong></span> <span class='ocrx_word' id='word_1_94' title='bbox 824 955 1055 1004; x_wconf 74' lang='grc' dir='ltr'><em>ἀνθρώποις</em></span> <span class='ocrx_word' id='word_1_95' title='bbox 1083 951 1146 1001; x_wconf 83' lang='grc' dir='ltr'><strong>μό-</strong></span> 
     </span>
     <span class='ocr_line' id='line_1_15' title="bbox 595 1036 686 1069; baseline -0.011 -11"><span class='ocrx_word' id='word_1_96' title='bbox 595 1036 686 1069; x_wconf 77' lang='grc' dir='ltr'><strong><em>νηνα</em></strong></span> 
     </span>
     <span class='ocr_line' id='line_1_16' title="bbox 193 1081 1149 1128; baseline -0.004 -12"><span class='ocrx_word' id='word_1_97' title='bbox 193 1085 288 1125; x_wconf 86' lang='lat' dir='ltr'><strong>dixit,</strong></span> <span class='ocrx_word' id='word_1_98' title='bbox 318 1097 477 1128; x_wconf 84' lang='lat' dir='ltr'><strong>quemque</strong></span> <span class='ocrx_word' id='word_1_99' title='bbox 508 1086 649 1128; x_wconf 79' lang='lat' dir='ltr'><strong>respexit</strong></span> <span class='ocrx_word' id='word_1_100' title='bbox 679 1091 710 1116; x_wconf 88' lang='lat' dir='ltr'><strong>ct</strong></span> <span class='ocrx_word' id='word_1_101' title='bbox 734 1084 973 1127; x_wconf 76' lang='lat' dir='ltr'><strong>Quinctilianus</strong></span> <span class='ocrx_word' id='word_1_102' title='bbox 1000 1084 1053 1125; x_wconf 88' lang='lat' dir='ltr'><strong>(l,</strong></span> <span class='ocrx_word' id='word_1_103' title='bbox 1086 1081 1149 1121; x_wconf 84' lang='grc'>12,</span> 
     </span>
     <span class='ocr_line' id='line_1_17' title="bbox 194 1143 1149 1190; baseline -0.005 -12"><span class='ocrx_word' id='word_1_104' title='bbox 194 1148 258 1186; x_wconf 76' lang='lat'><strong>183</strong></span> <span class='ocrx_word' id='word_1_105' title='bbox 285 1159 316 1190; x_wconf 89' lang='lat' dir='ltr'><strong>p.</strong></span> <span class='ocrx_word' id='word_1_106' title='bbox 333 1146 435 1188; x_wconf 44' lang='lat'><strong>2719)</strong></span> <span class='ocrx_word' id='word_1_107' title='bbox 457 1147 531 1189; x_wconf 82' lang='lat' dir='ltr'><strong>»qni</strong></span> <span class='ocrx_word' id='word_1_108' title='bbox 548 1158 622 1177; x_wconf 74' lang='lat' dir='ltr'><strong>vero</strong></span> <span class='ocrx_word' id='word_1_109' title='bbox 640 1146 809 1187; x_wconf 75' lang='lat' dir='ltr'><strong>imaginem</strong></span> <span class='ocrx_word' id='word_1_110' title='bbox 829 1146 929 1188; x_wconf 86' lang='lat' dir='ltr'><strong>ipsam</strong></span> <span class='ocrx_word' id='word_1_111' title='bbox 947 1143 1149 1188; x_wconf 76' lang='lat' dir='ltr'><strong>eloquentiae</strong></span> 
     </span>
     <span class='ocr_line' id='line_1_18' title="bbox 193 1206 1151 1252; baseline -0.004 -13"><span class='ocrx_word' id='word_1_112' title='bbox 193 1208 299 1239; x_wconf 86' lang='lat' dir='ltr'><strong>divina</strong></span> <span class='ocrx_word' id='word_1_113' title='bbox 327 1209 463 1252; x_wconf 87' lang='lat' dir='ltr'><strong>quadam</strong></span> <span class='ocrx_word' id='word_1_114' title='bbox 487 1213 593 1239; x_wconf 85' lang='lat' dir='ltr'><strong>mente</strong></span> <span class='ocrx_word' id='word_1_115' title='bbox 616 1208 813 1251; x_wconf 78' lang='lat' dir='ltr'><strong>conceperit,</strong></span> <span class='ocrx_word' id='word_1_116' title='bbox 843 1207 961 1251; x_wconf 86' lang='lat' dir='ltr'><strong>quique</strong></span> <span class='ocrx_word' id='word_1_117' title='bbox 987 1206 1089 1245; x_wconf 83' lang='lat' dir='ltr'><strong>illam,</strong></span> <span class='ocrx_word' id='word_1_118' title='bbox 1115 1209 1151 1235; x_wconf 88' lang='lat' dir='ltr'><strong>nt</strong></span> 
     </span>
     <span class='ocr_line' id='line_1_19' title="bbox 193 1269 1150 1315; baseline -0.003 -13"><span class='ocrx_word' id='word_1_119' title='bbox 193 1271 237 1303; x_wconf 82' lang='lat' dir='ltr'><strong>ait</strong></span> <span class='ocrx_word' id='word_1_120' title='bbox 254 1283 318 1303; x_wconf 91' lang='lat' dir='ltr'><strong>non</strong></span> <span class='ocrx_word' id='word_1_121' title='bbox 341 1271 490 1313; x_wconf 81' lang='lat' dir='ltr'><strong>ignobilis</strong></span> <span class='ocrx_word' id='word_1_122' title='bbox 508 1271 664 1313; x_wconf 82' lang='lat' dir='ltr'><strong>tragicus,</strong></span> <span class='ocrx_word' id='word_1_123' title='bbox 688 1273 833 1315; x_wconf 67' lang='lat' dir='ltr'><strong>reyinam</strong></span> <span class='ocrx_word' id='word_1_124' title='bbox 848 1283 956 1302; x_wconf 72' lang='lat' dir='ltr'><strong>rerum</strong></span> <span class='ocrx_word' id='word_1_125' title='bbox 975 1269 1150 1300; x_wconf 85' lang='lat' dir='ltr'><strong>orationem</strong></span> 
     </span>
     <span class='ocr_line' id='line_1_20' title="bbox 195 1333 1151 1378; baseline -0.004 -11"><span class='ocrx_word' id='word_1_126' title='bbox 195 1340 293 1378; x_wconf 82' lang='lat' dir='ltr'><strong>ponet</strong></span> <span class='ocrx_word' id='word_1_127' title='bbox 319 1341 391 1365; x_wconf 87' lang='lat' dir='ltr'><strong>ante</strong></span> <span class='ocrx_word' id='word_1_128' title='bbox 411 1335 540 1366; x_wconf 86' lang='lat' dir='ltr'><strong>oculos«</strong></span> <span class='ocrx_word' id='word_1_129' title='bbox 561 1340 621 1367; x_wconf 91' lang='lat' dir='ltr'><strong>eet.</strong></span> <span class='ocrx_word' id='word_1_130' title='bbox 648 1334 714 1366; x_wconf 85' lang='lat' dir='ltr'><strong>Sed</strong></span> <span class='ocrx_word' id='word_1_131' title='bbox 737 1340 768 1366; x_wconf 91' lang='lat' dir='ltr'><strong>et</strong></span> <span class='ocrx_word' id='word_1_132' title='bbox 786 1334 901 1366; x_wconf 86' lang='lat' dir='ltr'><strong>Cicero</strong></span> <span class='ocrx_word' id='word_1_133' title='bbox 921 1334 1013 1376; x_wconf 88' lang='lat' dir='ltr'><strong>(orat.</strong></span> <span class='ocrx_word' id='word_1_134' title='bbox 1030 1333 1065 1372; x_wconf 86' lang='grc'>2,</span> <span class='ocrx_word' id='word_1_135' title='bbox 1088 1333 1151 1374; x_wconf 74' lang='grc'><strong>44)</strong></span> 
     </span>
    </p>
   </div>
   <div class='ocr_carea' id='block_1_13' title="bbox 195 1397 1163 2571">
    <p class='ocr_par' dir='ltr' id='par_1_13' title="bbox 197 1397 1153 1502">
     <span class='ocr_line' id='line_1_21' title="bbox 197 1397 1153 1438; baseline -0.004 -9"><span class='ocrx_word' id='word_1_136' title='bbox 197 1399 333 1430; x_wconf 84' lang='lat' dir='ltr'><strong>eundem</strong></span> <span class='ocrx_word' id='word_1_137' title='bbox 355 1403 388 1428; x_wconf 88' lang='lat' dir='ltr'><strong>ut</strong></span> <span class='ocrx_word' id='word_1_138' title='bbox 410 1397 534 1429; x_wconf 73' lang='lat' dir='ltr'><strong>videtur</strong></span> <span class='ocrx_word' id='word_1_139' title='bbox 553 1403 682 1429; x_wconf 87' lang='lat' dir='ltr'><strong>secutus</strong></span> <span class='ocrx_word' id='word_1_140' title='bbox 708 1397 867 1428; x_wconf 79' lang='lat' dir='ltr'><strong>nomnium</strong></span> <span class='ocrx_word' id='word_1_141' title='bbox 885 1408 990 1427; x_wconf 73' lang='lat' dir='ltr'><strong>reruni</strong></span> <span class='ocrx_word' id='word_1_142' title='bbox 1007 1397 1153 1438; x_wconf 73' lang='lat' dir='ltr'><strong>reyinam</strong></span> 
     </span>
     <span class='ocr_line' id='line_1_22' title="bbox 197 1459 571 1502; baseline -0.005 -11"><span class='ocrx_word' id='word_1_143' title='bbox 197 1460 391 1492; x_wconf 80' lang='lat' dir='ltr'><strong>orationem«</strong></span> <span class='ocrx_word' id='word_1_144' title='bbox 423 1459 571 1502; x_wconf 80' lang='lat' dir='ltr'><strong>appellat.</strong></span> 
     </span>
    </p>

    <p class='ocr_par' dir='ltr' id='par_1_14' title="bbox 195 1519 1160 2380">
     <span class='ocr_line' id='line_1_23' title="bbox 272 1519 1154 1571; baseline -0.006 -17"><span class='ocrx_word' id='word_1_145' title='bbox 272 1537 334 1571; x_wconf 77' lang='lat' dir='ltr'><strong>quo</strong></span> <span class='ocrx_word' id='word_1_146' title='bbox 356 1521 460 1566; x_wconf 81' lang='lat' dir='ltr'><strong>vellet]</strong></span> <span class='ocrx_word' id='word_1_147' title='bbox 489 1523 525 1553; x_wconf 86' lang='lat' dir='ltr'><strong>Id</strong></span> <span class='ocrx_word' id='word_1_148' title='bbox 554 1523 658 1565; x_wconf 85' lang='lat' dir='ltr'><strong>ipsum</strong></span> <span class='ocrx_word' id='word_1_149' title='bbox 677 1527 760 1561; x_wconf 84' lang='lat' dir='ltr'><strong>erat,</strong></span> <span class='ocrx_word' id='word_1_150' title='bbox 782 1521 868 1564; x_wconf 86' lang='lat' dir='ltr'><strong>quod</strong></span> <span class='ocrx_word' id='word_1_151' title='bbox 894 1520 925 1551; x_wconf 86' lang='lat' dir='ltr'><strong>in</strong></span> <span class='ocrx_word' id='word_1_152' title='bbox 949 1519 1015 1550; x_wconf 88' lang='lat' dir='ltr'><strong>suis</strong></span> <span class='ocrx_word' id='word_1_153' title='bbox 1039 1531 1154 1561; x_wconf 83' lang='lat' dir='ltr'><strong>aequa-</strong></span> 
     </span>
     <span class='ocr_line' id='line_1_24' title="bbox 195 1579 1155 1626; baseline -0.007 -9"><span class='ocrx_word' id='word_1_154' title='bbox 195 1586 280 1618; x_wconf 82' lang='lat' dir='ltr'><strong>libus</strong></span> <span class='ocrx_word' id='word_1_155' title='bbox 305 1585 421 1617; x_wconf 89' lang='lat' dir='ltr'><strong>Cicero</strong></span> <span class='ocrx_word' id='word_1_156' title='bbox 455 1583 647 1615; x_wconf 80' lang='lat' dir='ltr'><strong>desideravit</strong></span> <span class='ocrx_word' id='word_1_157' title='bbox 673 1584 783 1626; x_wconf 91' lang='lat' dir='ltr'><strong>(Brut.</strong></span> <span class='ocrx_word' id='word_1_158' title='bbox 805 1584 852 1613; x_wconf 76' lang='lat'><strong>95</strong></span> <span class='ocrx_word' id='word_1_159' title='bbox 882 1581 930 1623; x_wconf 84' lang='lat' dir='ltr'>s.):</span> <span class='ocrx_word' id='word_1_160' title='bbox 962 1592 1073 1611; x_wconf 83' lang='lat' dir='ltr'><strong>»nemo</strong></span> <span class='ocrx_word' id='word_1_161' title='bbox 1100 1579 1155 1623; x_wconf 87' lang='lat' dir='ltr'><strong>qni</strong></span> 
     </span>
     <span class='ocr_line' id='line_1_25' title="bbox 197 1641 1156 1688; baseline -0.008 -9"><span class='ocrx_word' id='word_1_162' title='bbox 197 1648 237 1679; x_wconf 80' lang='lat' dir='ltr'><strong>ad</strong></span> <span class='ocrx_word' id='word_1_163' title='bbox 267 1646 462 1679; x_wconf 81' lang='lat' dir='ltr'><strong>iracundiam</strong></span> <span class='ocrx_word' id='word_1_164' title='bbox 498 1656 690 1688; x_wconf 77' lang='lat' dir='ltr'><strong>magnopere</strong></span> <span class='ocrx_word' id='word_1_165' title='bbox 712 1644 871 1685; x_wconf 85' lang='lat' dir='ltr'><strong>judicem,</strong></span> <span class='ocrx_word' id='word_1_166' title='bbox 908 1653 1002 1674; x_wconf 88' lang='lat' dir='ltr'><strong>nemo</strong></span> <span class='ocrx_word' id='word_1_167' title='bbox 1035 1641 1091 1684; x_wconf 90' lang='lat' dir='ltr'><strong>qui</strong></span> <span class='ocrx_word' id='word_1_168' title='bbox 1116 1641 1156 1672; x_wconf 85' lang='lat' dir='ltr'><strong>ad</strong></span> 
     </span>
     <span class='ocr_line' id='line_1_26' title="bbox 197 1705 1155 1753; baseline -0.008 -11"><span class='ocrx_word' id='word_1_169' title='bbox 197 1710 306 1742; x_wconf 84' lang='lat' dir='ltr'><strong>fletum</strong></span> <span class='ocrx_word' id='word_1_170' title='bbox 335 1715 446 1753; x_wconf 79' lang='lat' dir='ltr'><strong>posset</strong></span> <span class='ocrx_word' id='word_1_171' title='bbox 480 1709 656 1748; x_wconf 69' lang='lat' dir='ltr'><strong>adducere,</strong></span> <span class='ocrx_word' id='word_1_172' title='bbox 693 1719 787 1739; x_wconf 88' lang='lat' dir='ltr'><strong>nemo</strong></span> <span class='ocrx_word' id='word_1_173' title='bbox 821 1707 876 1751; x_wconf 86' lang='lat' dir='ltr'><strong>qui</strong></span> <span class='ocrx_word' id='word_1_174' title='bbox 902 1706 1040 1738; x_wconf 84' lang='lat' dir='ltr'><strong>animum</strong></span> <span class='ocrx_word' id='word_1_175' title='bbox 1069 1705 1155 1746; x_wconf 83' lang='lat' dir='ltr'><strong>ejus,</strong></span> 
     </span>
     <span class='ocr_line' id='line_1_27' title="bbox 199 1771 1155 1820; baseline -0.008 -15"><span class='ocrx_word' id='word_1_176' title='bbox 199 1774 284 1820; x_wconf 72' lang='lat' dir='ltr'><strong>qtcod</strong></span> <span class='ocrx_word' id='word_1_177' title='bbox 303 1784 404 1804; x_wconf 69' lang='lat' dir='ltr'><strong>numm</strong></span> <span class='ocrx_word' id='word_1_178' title='bbox 428 1777 474 1802; x_wconf 80' lang='lat' dir='ltr'><strong>est</strong></span> <span class='ocrx_word' id='word_1_179' title='bbox 493 1773 629 1802; x_wconf 83' lang='lat' dir='ltr'><strong>oratoris</strong></span> <span class='ocrx_word' id='word_1_180' title='bbox 651 1772 790 1802; x_wconf 78' lang='lat' dir='ltr'><strong>maxime</strong></span> <span class='ocrx_word' id='word_1_181' title='bbox 811 1771 989 1812; x_wconf 81' lang='lat' dir='ltr'><strong>proprium,</strong></span> <span class='ocrx_word' id='word_1_182' title='bbox 1013 1779 1155 1811; x_wconf 89' lang='lat' dir='ltr'><strong>quocun-</strong></span> 
     </span>
     <span class='ocr_line' id='line_1_28' title="bbox 199 1833 1156 1880; baseline -0.005 -13"><span class='ocrx_word' id='word_1_183' title='bbox 199 1849 261 1880; x_wconf 87' lang='lat' dir='ltr'><strong>que</strong></span> <span class='ocrx_word' id='word_1_184' title='bbox 282 1848 334 1867; x_wconf 87' lang='lat' dir='ltr'><strong>res</strong></span> <span class='ocrx_word' id='word_1_185' title='bbox 360 1835 556 1879; x_wconf 73' lang='lat' dir='ltr'><strong>postularet,</strong></span> <span class='ocrx_word' id='word_1_186' title='bbox 586 1836 777 1878; x_wconf 79' lang='lat' dir='ltr'><strong>impelleret«</strong></span> <span class='ocrx_word' id='word_1_187' title='bbox 803 1834 898 1877; x_wconf 76' lang='lat' dir='ltr'><strong>(cons.</strong></span> <span class='ocrx_word' id='word_1_188' title='bbox 918 1833 1003 1864; x_wconf 89' lang='lat' dir='ltr'><strong>etde</strong></span> <span class='ocrx_word' id='word_1_189' title='bbox 1024 1838 1102 1863; x_wconf 87' lang='lat' dir='ltr'><strong>orat.</strong></span> <span class='ocrx_word' id='word_1_190' title='bbox 1120 1833 1156 1872; x_wconf 81' lang='grc'>5,</span> 
     </span>
     <span class='ocr_line' id='line_1_29' title="bbox 203 1889 1155 1939; baseline -0.006 -10"><span class='ocrx_word' id='word_1_191' title='bbox 203 1898 272 1939; x_wconf 84' lang='grc'>14).</span> <span class='ocrx_word' id='word_1_192' title='bbox 299 1898 362 1928; x_wconf 81' lang='lat' dir='ltr'><strong>Est</strong></span> <span class='ocrx_word' id='word_1_193' title='bbox 384 1909 460 1928; x_wconf 63' lang='lat' dir='ltr'><strong>xero</strong></span> <span class='ocrx_word' id='word_1_194' title='bbox 483 1898 561 1929; x_wconf 89' lang='lat' dir='ltr'><strong>haee</strong></span> <span class='ocrx_word' id='word_1_195' title='bbox 583 1896 631 1928; x_wconf 73' lang='lat' dir='ltr'><strong>vis</strong></span> <span class='ocrx_word' id='word_1_196' title='bbox 659 1896 812 1935; x_wconf 81' lang='lat' dir='ltr'><strong>oratoria,</strong></span> <span class='ocrx_word' id='word_1_197' title='bbox 839 1907 934 1938; x_wconf 83' lang='lat' dir='ltr'><strong>qnam</strong></span> <span class='ocrx_word' id='word_1_198' title='bbox 955 1889 1155 1939; x_wconf 75' lang='grc' dir='ltr'><em>δεινότητα</em></span> 
     </span>
     <span class='ocr_line' id='line_1_30' title="bbox 202 1957 1156 2003; baseline -0.007 -10"><span class='ocrx_word' id='word_1_199' title='bbox 202 1960 320 1994; x_wconf 83' lang='lat' dir='ltr'><strong>Graeci</strong></span> <span class='ocrx_word' id='word_1_200' title='bbox 354 1966 558 2003; x_wconf 86' lang='lat' dir='ltr'><strong>nuncupant,</strong></span> <span class='ocrx_word' id='word_1_201' title='bbox 600 1971 759 2002; x_wconf 87' lang='lat' dir='ltr'><strong>quamque</strong></span> <span class='ocrx_word' id='word_1_202' title='bbox 798 1957 1000 2001; x_wconf 82' lang='lat' dir='ltr'><strong>praecipuam</strong></span> <span class='ocrx_word' id='word_1_203' title='bbox 1032 1957 1065 1988; x_wconf 89' lang='lat' dir='ltr'><strong>in</strong></span> <span class='ocrx_word' id='word_1_204' title='bbox 1092 1957 1156 1987; x_wconf 90' lang='lat' dir='ltr'><strong>De-</strong></span> 
     </span>
     <span class='ocr_line' id='line_1_31' title="bbox 201 2020 1159 2056; baseline -0.006 0"><span class='ocrx_word' id='word_1_205' title='bbox 201 2026 368 2056; x_wconf 78' lang='lat' dir='ltr'><strong>mosthene</strong></span> <span class='ocrx_word' id='word_1_206' title='bbox 384 2024 484 2055; x_wconf 80' lang='lat' dir='ltr'><strong>fuisse</strong></span> <span class='ocrx_word' id='word_1_207' title='bbox 504 2034 615 2055; x_wconf 85' lang='lat' dir='ltr'><strong>omnes</strong></span> <span class='ocrx_word' id='word_1_208' title='bbox 634 2022 846 2055; x_wconf 89' lang='lat' dir='ltr'><strong>consentiunt.</strong></span> <span class='ocrx_word' id='word_1_209' title='bbox 859 2021 944 2053; x_wconf 83' lang='lat' dir='ltr'><strong>Vide</strong></span> <span class='ocrx_word' id='word_1_210' title='bbox 955 2020 1159 2052; x_wconf 87' lang='lat' dir='ltr'><strong>Voemclium</strong></span> 
     </span>
     <span class='ocr_line' id='line_1_32' title="bbox 202 2082 1158 2129; baseline -0.006 -11"><span class='ocrx_word' id='word_1_211' title='bbox 202 2087 255 2127; x_wconf 87' lang='lat' dir='ltr'><strong>(ad</strong></span> <span class='ocrx_word' id='word_1_212' title='bbox 270 2088 437 2120; x_wconf 84' lang='lat' dir='ltr'><strong>Demosth.</strong></span> <span class='ocrx_word' id='word_1_213' title='bbox 455 2086 494 2117; x_wconf 88' lang='lat' dir='ltr'><strong>de</strong></span> <span class='ocrx_word' id='word_1_214' title='bbox 519 2097 596 2129; x_wconf 88' lang='lat' dir='ltr'><strong>pace</strong></span> <span class='ocrx_word' id='word_1_215' title='bbox 616 2098 648 2129; x_wconf 88' lang='lat' dir='ltr'><strong>p.</strong></span> <span class='ocrx_word' id='word_1_216' title='bbox 663 2085 765 2127; x_wconf 81' lang='grc'>258),</span> <span class='ocrx_word' id='word_1_217' title='bbox 786 2084 1006 2115; x_wconf 78' lang='lat' dir='ltr'><strong>Hei-mannum</strong></span> <span class='ocrx_word' id='word_1_218' title='bbox 1025 2082 1078 2125; x_wconf 91' lang='lat' dir='ltr'><strong>(ad</strong></span> <span class='ocrx_word' id='word_1_219' title='bbox 1093 2082 1158 2113; x_wconf 88' lang='lat' dir='ltr'><strong>Lu·</strong></span> 
     </span>
     <span class='ocr_line' id='line_1_33' title="bbox 203 2144 1159 2190; baseline -0.004 -11"><span class='ocrx_word' id='word_1_220' title='bbox 203 2148 282 2181; x_wconf 87' lang='lat' dir='ltr'><strong>cian.</strong></span> <span class='ocrx_word' id='word_1_221' title='bbox 306 2149 345 2180; x_wconf 89' lang='lat' dir='ltr'><strong>de</strong></span> <span class='ocrx_word' id='word_1_222' title='bbox 366 2148 441 2179; x_wconf 87' lang='lat' dir='ltr'><strong>hist.</strong></span> <span class='ocrx_word' id='word_1_223' title='bbox 467 2159 590 2179; x_wconf 83' lang='lat' dir='ltr'><strong>censer.</strong></span> <span class='ocrx_word' id='word_1_224' title='bbox 613 2159 646 2190; x_wconf 88' lang='lat' dir='ltr'><strong>p.</strong></span> <span class='ocrx_word' id='word_1_225' title='bbox 667 2145 771 2188; x_wconf 80' lang='lat'>265),</span> <span class='ocrx_word' id='word_1_226' title='bbox 800 2151 833 2177; x_wconf 83' lang='lat' dir='ltr'><strong>et</strong></span> <span class='ocrx_word' id='word_1_227' title='bbox 856 2144 899 2177; x_wconf 89' lang='lat' dir='ltr'><strong>A.</strong></span> <span class='ocrx_word' id='word_1_228' title='bbox 918 2144 958 2177; x_wconf 87' lang='lat' dir='ltr'><strong>G.</strong></span> <span class='ocrx_word' id='word_1_229' title='bbox 978 2145 1159 2176; x_wconf 83' lang='lat' dir='ltr'><strong>Beckerum</strong></span> 
     </span>
     <span class='ocr_line' id='line_1_34' title="bbox 204 2209 1159 2256; baseline -0.004 -13"><span class='ocrx_word' id='word_1_230' title='bbox 204 2212 250 2256; x_wconf 89' lang='lat' dir='ltr'><strong>(in</strong></span> <span class='ocrx_word' id='word_1_231' title='bbox 272 2212 532 2256; x_wconf 76' lang='lat' dir='ltr'><strong>interpretatione</strong></span> <span class='ocrx_word' id='word_1_232' title='bbox 560 2211 661 2243; x_wconf 87' lang='lat' dir='ltr'><strong>libelli</strong></span> <span class='ocrx_word' id='word_1_233' title='bbox 688 2211 837 2254; x_wconf 69' lang='lat' dir='ltr'><strong>Dionysii</strong></span> <span class='ocrx_word' id='word_1_234' title='bbox 864 2209 1159 2242; x_wconf 80' lang='lat' dir='ltr'><strong>Halicarnassensis</strong></span> 
     </span>
     <span class='ocr_line' id='line_1_35' title="bbox 207 2267 1160 2320; baseline -0.004 -12"><span class='ocrx_word' id='word_1_235' title='bbox 207 2272 294 2320; x_wconf 76' lang='grc' dir='ltr'><em>περὶ</em></span> <span class='ocrx_word' id='word_1_236' title='bbox 321 2273 393 2320; x_wconf 82' lang='grc' dir='ltr'><strong>τῆς</strong></span> <span class='ocrx_word' id='word_1_237' title='bbox 420 2272 598 2319; x_wconf 75' lang='grc' dir='ltr'><strong>λεκτικῆς</strong></span> <span class='ocrx_word' id='word_1_238' title='bbox 622 2271 908 2318; x_wconf 79' lang='grc' dir='ltr'><strong><em>Λημοσθένους</em></strong></span> <span class='ocrx_word' id='word_1_239' title='bbox 938 2267 1160 2316; x_wconf 80' lang='grc' dir='ltr'><em>δεινότητος</em></span> 
     </span>
     <span class='ocr_line' id='line_1_36' title="bbox 208 2336 512 2380; baseline -0.003 -11"><span class='ocrx_word' id='word_1_240' title='bbox 208 2336 374 2369; x_wconf 80' lang='lat' dir='ltr'><strong>Guelferb.</strong></span> <span class='ocrx_word' id='word_1_241' title='bbox 393 2337 512 2380; x_wconf 82' lang='grc'>1829).</span> 
     </span>
    </p>

    <p class='ocr_par' dir='ltr' id='par_1_15' title="bbox 210 2395 1163 2571">
     <span class='ocr_line' id='line_1_37' title="bbox 281 2395 1160 2442; baseline -0.003 -12"><span class='ocrx_word' id='word_1_242' title='bbox 281 2396 440 2442; x_wconf 77' lang='lat' dir='ltr'><strong>Athenis]</strong></span> <span class='ocrx_word' id='word_1_243' title='bbox 467 2397 612 2430; x_wconf 84' lang='lat' dir='ltr'><strong>Athenas</strong></span> <span class='ocrx_word' id='word_1_244' title='bbox 637 2397 789 2430; x_wconf 82' lang='lat' dir='ltr'><strong>Justinus</strong></span> <span class='ocrx_word' id='word_1_245' title='bbox 814 2398 867 2442; x_wconf 74' lang='grc'>(5,</span> <span class='ocrx_word' id='word_1_246' title='bbox 893 2398 933 2439; x_wconf 84' lang='grc'>9,</span> <span class='ocrx_word' id='word_1_247' title='bbox 963 2398 1004 2438; x_wconf 76' lang='lat'><strong>93</strong></span> <span class='ocrx_word' id='word_1_248' title='bbox 1040 2409 1071 2441; x_wconf 89' lang='lat' dir='ltr'><strong>p.</strong></span> <span class='ocrx_word' id='word_1_249' title='bbox 1090 2395 1160 2428; x_wconf 85' lang='grc'><strong>172</strong></span> 
     </span>
     <span class='ocr_line' id='line_1_38' title="bbox 210 2460 1162 2506; baseline -0.002 -13"><span class='ocrx_word' id='word_1_250' title='bbox 210 2461 367 2503; x_wconf 69' lang='grc' dir='ltr'><strong>(ἷι-οιιω.)</strong></span> <span class='ocrx_word' id='word_1_251' title='bbox 392 2461 612 2503; x_wconf 70' lang='lat' dir='ltr'><strong>»eloquentiae</strong></span> <span class='ocrx_word' id='word_1_252' title='bbox 635 2462 787 2506; x_wconf 83' lang='lat' dir='ltr'><strong>patriam«</strong></span> <span class='ocrx_word' id='word_1_253' title='bbox 811 2462 896 2494; x_wconf 86' lang='lat' dir='ltr'><strong>dicit.</strong></span> <span class='ocrx_word' id='word_1_254' title='bbox 928 2461 1077 2503; x_wconf 72' lang='lat' dir='ltr'><strong>Vellejus</strong></span> <span class='ocrx_word' id='word_1_255' title='bbox 1099 2460 1162 2492; x_wconf 82' lang='lat' dir='ltr'><strong>Pa-</strong></span> 
     </span>
     <span class='ocr_line' id='line_1_39' title="bbox 211 2523 1163 2571; baseline -0.001 -15"><span class='ocrx_word' id='word_1_256' title='bbox 211 2525 353 2556; x_wconf 73' lang='lat' dir='ltr'><strong>tet-culus</strong></span> <span class='ocrx_word' id='word_1_257' title='bbox 372 2523 427 2568; x_wconf 80' lang='lat' dir='ltr'><strong>(l,</strong></span> <span class='ocrx_word' id='word_1_258' title='bbox 454 2524 529 2567; x_wconf 71' lang='lat'>18)=</span> <span class='ocrx_word' id='word_1_259' title='bbox 559 2525 647 2557; x_wconf 74' lang='lat' dir='ltr'><strong>»Una</strong></span> <span class='ocrx_word' id='word_1_260' title='bbox 672 2527 749 2558; x_wconf 85' lang='lat' dir='ltr'><strong>urbs</strong></span> <span class='ocrx_word' id='word_1_261' title='bbox 772 2525 882 2558; x_wconf 84' lang='lat' dir='ltr'><strong>Attica</strong></span> <span class='ocrx_word' id='word_1_262' title='bbox 904 2525 1050 2571; x_wconf 84' lang='lat' dir='ltr'><strong>pluribus</strong></span> <span class='ocrx_word' id='word_1_263' title='bbox 1072 2524 1163 2556; x_wconf 89' lang='lat' dir='ltr'><strong>annis</strong></span> 
     </span>
    </p>
   </div>
   <div class='ocr_carea' id='block_1_14' title="bbox 212 2586 1164 2633">
    <p class='ocr_par' dir='ltr' id='par_1_16' title="bbox 212 2586 1164 2633">
     <span class='ocr_line' id='line_1_40' title="bbox 212 2586 1164 2633; baseline 0 -16"><span class='ocrx_word' id='word_1_264' title='bbox 212 2586 429 2630; x_wconf 83' lang='lat' dir='ltr'><strong>eloquentiae,</strong></span> <span class='ocrx_word' id='word_1_265' title='bbox 462 2598 556 2630; x_wconf 82' lang='lat' dir='ltr'><strong>quam</strong></span> <span class='ocrx_word' id='word_1_266' title='bbox 582 2586 729 2620; x_wconf 72' lang='lat' dir='ltr'><strong>universa</strong></span> <span class='ocrx_word' id='word_1_267' title='bbox 758 2587 895 2621; x_wconf 77' lang='lat' dir='ltr'><strong>Graecia</strong></span> <span class='ocrx_word' id='word_1_268' title='bbox 931 2587 1081 2633; x_wconf 82' lang='lat' dir='ltr'><strong>operibus</strong></span> <span class='ocrx_word' id='word_1_269' title='bbox 1107 2586 1164 2618; x_wconf 84' lang='lat' dir='ltr'><strong>sso-</strong></span> 
     </span>
    </p>
   </div>
   <div class='ocr_carea' id='block_1_15' title="bbox 1197 770 2152 1129">
    <p class='ocr_par' dir='ltr' id='par_1_17' title="bbox 1197 770 2152 1129">
     <span class='ocr_line' id='line_1_41' title="bbox 1197 770 2148 815; baseline 0 -14"><span class='ocrx_word' id='word_1_270' title='bbox 1197 771 1278 811; x_wconf 65' lang='lat' dir='ltr'><strong>ruit,</strong></span> <span class='ocrx_word' id='word_1_271' title='bbox 1304 771 1382 802; x_wconf 83' lang='lat' dir='ltr'><strong>adeo</strong></span> <span class='ocrx_word' id='word_1_272' title='bbox 1407 778 1441 803; x_wconf 88' lang='lat' dir='ltr'><strong>ut</strong></span> <span class='ocrx_word' id='word_1_273' title='bbox 1462 783 1593 814; x_wconf 87' lang='lat' dir='ltr'><strong>corpora</strong></span> <span class='ocrx_word' id='word_1_274' title='bbox 1620 773 1722 814; x_wconf 83' lang='lat' dir='ltr'><strong>gentis</strong></span> <span class='ocrx_word' id='word_1_275' title='bbox 1746 772 1832 803; x_wconf 83' lang='lat' dir='ltr'><strong>illins</strong></span> <span class='ocrx_word' id='word_1_276' title='bbox 1860 777 2003 815; x_wconf 83' lang='lat' dir='ltr'><strong>separata</strong></span> <span class='ocrx_word' id='word_1_277' title='bbox 2030 770 2093 802; x_wconf 89' lang='lat' dir='ltr'><strong>sint</strong></span> <span class='ocrx_word' id='word_1_278' title='bbox 2114 770 2148 802; x_wconf 90' lang='lat' dir='ltr'><strong>in</strong></span> 
     </span>
     <span class='ocr_line' id='line_1_42' title="bbox 1198 834 2150 877; baseline -0.004 -9"><span class='ocrx_word' id='word_1_279' title='bbox 1198 836 1275 868; x_wconf 85' lang='lat' dir='ltr'><strong>alias</strong></span> <span class='ocrx_word' id='word_1_280' title='bbox 1313 835 1475 876; x_wconf 70' lang='lat' dir='ltr'><strong>civitates,</strong></span> <span class='ocrx_word' id='word_1_281' title='bbox 1515 836 1640 877; x_wconf 76' lang='lat' dir='ltr'><strong>ingenia</strong></span> <span class='ocrx_word' id='word_1_282' title='bbox 1680 849 1754 868; x_wconf 73' lang='lat' dir='ltr'><strong>vcro</strong></span> <span class='ocrx_word' id='word_1_283' title='bbox 1790 836 1867 867; x_wconf 78' lang='lat' dir='ltr'><strong>solis</strong></span> <span class='ocrx_word' id='word_1_284' title='bbox 1903 834 2150 868; x_wconf 83' lang='lat' dir='ltr'><strong>Atheniensium</strong></span> 
     </span>
     <span class='ocr_line' id='line_1_43' title="bbox 1198 896 2149 942; baseline -0.003 -12"><span class='ocrx_word' id='word_1_285' title='bbox 1198 899 1296 930; x_wconf 86' lang='lat' dir='ltr'><strong>muris</strong></span> <span class='ocrx_word' id='word_1_286' title='bbox 1318 900 1424 931; x_wconf 82' lang='lat' dir='ltr'><strong>clausa</strong></span> <span class='ocrx_word' id='word_1_287' title='bbox 1446 898 1636 931; x_wconf 54' lang='lat' dir='ltr'><strong>existimes«</strong></span> <span class='ocrx_word' id='word_1_288' title='bbox 1671 899 1786 931; x_wconf 82' lang='lat' dir='ltr'><strong>Cicero</strong></span> <span class='ocrx_word' id='word_1_289' title='bbox 1810 899 1877 942; x_wconf 87' lang='lat' dir='ltr'><strong>ipse</strong></span> <span class='ocrx_word' id='word_1_290' title='bbox 1895 898 2004 941; x_wconf 85' lang='lat' dir='ltr'><strong>(Brut.</strong></span> <span class='ocrx_word' id='word_1_291' title='bbox 2024 896 2087 939; x_wconf 79' lang='grc'><strong>15)</strong></span> <span class='ocrx_word' id='word_1_292' title='bbox 2110 896 2149 927; x_wconf 83' lang='lat' dir='ltr'><strong>de</strong></span> 
     </span>
     <span class='ocr_line' id='line_1_44' title="bbox 1198 961 2149 1006; baseline -0.005 -13"><span class='ocrx_word' id='word_1_293' title='bbox 1198 963 1403 1006; x_wconf 80' lang='lat' dir='ltr'><strong>eloquentiae</strong></span> <span class='ocrx_word' id='word_1_294' title='bbox 1421 968 1500 994; x_wconf 87' lang='lat' dir='ltr'><strong>arte:</strong></span> <span class='ocrx_word' id='word_1_295' title='bbox 1519 963 1596 993; x_wconf 79' lang='lat' dir='ltr'><strong>»hoc</strong></span> <span class='ocrx_word' id='word_1_296' title='bbox 1614 966 1719 992; x_wconf 87' lang='lat' dir='ltr'><strong>autem</strong></span> <span class='ocrx_word' id='word_1_297' title='bbox 1743 961 1881 992; x_wconf 85' lang='lat' dir='ltr'><strong>studium</strong></span> <span class='ocrx_word' id='word_1_298' title='bbox 1899 972 1962 990; x_wconf 92' lang='lat' dir='ltr'><strong>non</strong></span> <span class='ocrx_word' id='word_1_299' title='bbox 1978 965 2044 991; x_wconf 89' lang='lat' dir='ltr'><strong>erat</strong></span> <span class='ocrx_word' id='word_1_300' title='bbox 2067 969 2149 989; x_wconf 86' lang='lat' dir='ltr'><strong>com-</strong></span> 
     </span>
     <span class='ocr_line' id='line_1_45' title="bbox 1199 1019 2152 1067; baseline -0.005 -12"><span class='ocrx_word' id='word_1_301' title='bbox 1199 1037 1293 1056; x_wconf 77' lang='lat' dir='ltr'><strong>ninne</strong></span> <span class='ocrx_word' id='word_1_302' title='bbox 1311 1024 1482 1064; x_wconf 81' lang='lat' dir='ltr'><strong>Graeciae,</strong></span> <span class='ocrx_word' id='word_1_303' title='bbox 1510 1024 1566 1055; x_wconf 80' lang='lat' dir='ltr'><strong>sed</strong></span> <span class='ocrx_word' id='word_1_304' title='bbox 1585 1023 1749 1067; x_wconf 87' lang='lat' dir='ltr'><strong>proprium</strong></span> <span class='ocrx_word' id='word_1_305' title='bbox 1770 1022 2008 1061; x_wconf 63' lang='lat' dir='ltr'><strong>Athenarum«,</strong></span> <span class='ocrx_word' id='word_1_306' title='bbox 2036 1026 2067 1051; x_wconf 90' lang='lat' dir='ltr'><strong>et</strong></span> <span class='ocrx_word' id='word_1_307' title='bbox 2091 1019 2152 1050; x_wconf 86' lang='lat' dir='ltr'><strong>ali0</strong></span> 
     </span>
     <span class='ocr_line' id='line_1_46' title="bbox 1199 1081 2152 1129; baseline -0.004 -11"><span class='ocrx_word' id='word_1_308' title='bbox 1199 1087 1272 1118; x_wconf 86' lang='lat' dir='ltr'><strong>loco</strong></span> <span class='ocrx_word' id='word_1_309' title='bbox 1295 1087 1347 1129; x_wconf 89' lang='lat' dir='ltr'><strong>(de</strong></span> <span class='ocrx_word' id='word_1_310' title='bbox 1374 1092 1451 1117; x_wconf 82' lang='lat' dir='ltr'><strong>orat.</strong></span> <span class='ocrx_word' id='word_1_311' title='bbox 1475 1086 1545 1128; x_wconf 71' lang='lat'><strong>14)2</strong></span> <span class='ocrx_word' id='word_1_312' title='bbox 1572 1085 1766 1124; x_wconf 77' lang='lat' dir='ltr'><strong>»Athenis«,</strong></span> <span class='ocrx_word' id='word_1_313' title='bbox 1795 1084 1913 1128; x_wconf 86' lang='lat' dir='ltr'><strong>inquit,</strong></span> <span class='ocrx_word' id='word_1_314' title='bbox 1944 1093 2083 1115; x_wconf 75' lang='lat' dir='ltr'><strong>»summa</strong></span> <span class='ocrx_word' id='word_1_315' title='bbox 2108 1081 2152 1114; x_wconf 81' lang='lat' dir='ltr'><strong>di-</strong></span> 
     </span>
    </p>
   </div>
   <div class='ocr_carea' id='block_1_16' title="bbox 1201 1149 1907 1193">
    <p class='ocr_par' dir='ltr' id='par_1_18' title="bbox 1201 1149 1907 1193">
     <span class='ocr_line' id='line_1_47' title="bbox 1201 1149 1907 1193; baseline -0.004 -12"><span class='ocrx_word' id='word_1_316' title='bbox 1201 1150 1293 1182; x_wconf 88' lang='lat' dir='ltr'><strong>cendi</strong></span> <span class='ocrx_word' id='word_1_317' title='bbox 1322 1149 1369 1180; x_wconf 63' lang='lat' dir='ltr'><strong>xis</strong></span> <span class='ocrx_word' id='word_1_318' title='bbox 1396 1155 1428 1181; x_wconf 85' lang='lat' dir='ltr'><strong>et</strong></span> <span class='ocrx_word' id='word_1_319' title='bbox 1454 1150 1581 1180; x_wconf 56' lang='lat' dir='ltr'><strong>intenta</strong></span> <span class='ocrx_word' id='word_1_320' title='bbox 1605 1154 1655 1180; x_wconf 88' lang='lat' dir='ltr'><strong>est</strong></span> <span class='ocrx_word' id='word_1_321' title='bbox 1682 1154 1713 1180; x_wconf 86' lang='lat' dir='ltr'><strong>et</strong></span> <span class='ocrx_word' id='word_1_322' title='bbox 1738 1149 1907 1193; x_wconf 58' lang='lat' dir='ltr'><strong>pei-sectam</strong></span> 
     </span>
    </p>
   </div>
   <div class='ocr_carea' id='block_1_17' title="bbox 1203 1230 2161 1777">
    <p class='ocr_par' dir='ltr' id='par_1_19' title="bbox 1203 1230 2161 1777">
     <span class='ocr_line' id='line_1_48' title="bbox 1278 1230 2157 1281; baseline -0.005 -15"><span class='ocrx_word' id='word_1_323' title='bbox 1278 1232 1486 1281; x_wconf 78' lang='lat' dir='ltr'><strong>theatraque]</strong></span> <span class='ocrx_word' id='word_1_324' title='bbox 1514 1234 1562 1265; x_wconf 86' lang='lat' dir='ltr'><strong>lbi</strong></span> <span class='ocrx_word' id='word_1_325' title='bbox 1592 1233 1676 1265; x_wconf 90' lang='lat' dir='ltr'><strong>enim</strong></span> <span class='ocrx_word' id='word_1_326' title='bbox 1705 1233 1876 1265; x_wconf 86' lang='lat' dir='ltr'><strong>conciones</strong></span> <span class='ocrx_word' id='word_1_327' title='bbox 1907 1230 2018 1275; x_wconf 88' lang='lat' dir='ltr'><strong>populi</strong></span> <span class='ocrx_word' id='word_1_328' title='bbox 2047 1230 2157 1262; x_wconf 87' lang='lat' dir='ltr'><strong>haberi</strong></span> 
     </span>
     <span class='ocr_line' id='line_1_49' title="bbox 1203 1291 2156 1339; baseline -0.007 -11"><span class='ocrx_word' id='word_1_329' title='bbox 1203 1296 1358 1329; x_wconf 82' lang='lat' dir='ltr'><strong>solebant.</strong></span> <span class='ocrx_word' id='word_1_330' title='bbox 1384 1295 1534 1327; x_wconf 83' lang='lat' dir='ltr'><strong>Justinus</strong></span> <span class='ocrx_word' id='word_1_331' title='bbox 1560 1295 1633 1339; x_wconf 76' lang='lat'><strong>(22,</strong></span> <span class='ocrx_word' id='word_1_332' title='bbox 1657 1295 1697 1336; x_wconf 88' lang='grc'>2,</span> <span class='ocrx_word' id='word_1_333' title='bbox 1723 1293 1783 1337; x_wconf 89' lang='grc'><strong>10)</strong></span> <span class='ocrx_word' id='word_1_334' title='bbox 1802 1294 1841 1324; x_wconf 90' lang='lat' dir='ltr'><strong>de</strong></span> <span class='ocrx_word' id='word_1_335' title='bbox 1864 1291 2060 1334; x_wconf 80' lang='lat' dir='ltr'><strong>Agathocle:</strong></span> <span class='ocrx_word' id='word_1_336' title='bbox 2082 1302 2156 1334; x_wconf 81' lang='lat' dir='ltr'><strong>»po-</strong></span> 
     </span>
     <span class='ocr_line' id='line_1_50' title="bbox 1203 1354 2158 1404; baseline -0.007 -13"><span class='ocrx_word' id='word_1_337' title='bbox 1203 1361 1312 1404; x_wconf 86' lang='lat' dir='ltr'><strong>pulum</strong></span> <span class='ocrx_word' id='word_1_338' title='bbox 1343 1359 1375 1390; x_wconf 90' lang='lat' dir='ltr'><strong>in</strong></span> <span class='ocrx_word' id='word_1_339' title='bbox 1407 1361 1567 1391; x_wconf 80' lang='lat' dir='ltr'><strong>theatrum</strong></span> <span class='ocrx_word' id='word_1_340' title='bbox 1604 1358 1643 1389; x_wconf 88' lang='lat' dir='ltr'><strong>ad</strong></span> <span class='ocrx_word' id='word_1_341' title='bbox 1678 1358 1865 1390; x_wconf 87' lang='lat' dir='ltr'><strong>concionem</strong></span> <span class='ocrx_word' id='word_1_342' title='bbox 1896 1355 2002 1388; x_wconf 85' lang='lat' dir='ltr'><strong>vocari</strong></span> <span class='ocrx_word' id='word_1_343' title='bbox 2028 1354 2158 1396; x_wconf 69' lang='lat' dir='ltr'><strong>jubeto,</strong></span> 
     </span>
     <span class='ocr_line' id='line_1_51' title="bbox 1203 1420 2159 1466; baseline -0.006 -13"><span class='ocrx_word' id='word_1_344' title='bbox 1203 1422 1336 1455; x_wconf 81' lang='lat' dir='ltr'><strong>Tacitus</strong></span> <span class='ocrx_word' id='word_1_345' title='bbox 1360 1422 1452 1466; x_wconf 90' lang='lat' dir='ltr'><strong>(hist.</strong></span> <span class='ocrx_word' id='word_1_346' title='bbox 1482 1422 1516 1462; x_wconf 79' lang='grc'>2,</span> <span class='ocrx_word' id='word_1_347' title='bbox 1549 1422 1629 1464; x_wconf 82' lang='lat'>80):</span> <span class='ocrx_word' id='word_1_348' title='bbox 1659 1420 1955 1452; x_wconf 74' lang='lat' dir='ltr'><strong>»Antiochiensium</strong></span> <span class='ocrx_word' id='word_1_349' title='bbox 1988 1420 2159 1454; x_wconf 75' lang='lat' dir='ltr'><strong>theatrum,</strong></span> 
     </span>
     <span class='ocr_line' id='line_1_52' title="bbox 1205 1481 2159 1524; baseline -0.006 -7"><span class='ocrx_word' id='word_1_350' title='bbox 1205 1486 1259 1517; x_wconf 87' lang='lat' dir='ltr'><strong>ubi</strong></span> <span class='ocrx_word' id='word_1_351' title='bbox 1281 1485 1343 1516; x_wconf 85' lang='lat' dir='ltr'><strong>illis</strong></span> <span class='ocrx_word' id='word_1_352' title='bbox 1364 1485 1544 1516; x_wconf 84' lang='lat' dir='ltr'><strong>consultare</strong></span> <span class='ocrx_word' id='word_1_353' title='bbox 1565 1496 1634 1515; x_wconf 93' lang='lat' dir='ltr'><strong>mos</strong></span> <span class='ocrx_word' id='word_1_354' title='bbox 1656 1489 1733 1515; x_wconf 80' lang='lat' dir='ltr'><strong>cst.«</strong></span> <span class='ocrx_word' id='word_1_355' title='bbox 1766 1482 1905 1515; x_wconf 86' lang='lat' dir='ltr'><strong>Athenis</strong></span> <span class='ocrx_word' id='word_1_356' title='bbox 1925 1481 2014 1513; x_wconf 89' lang='lat' dir='ltr'><strong>initio</strong></span> <span class='ocrx_word' id='word_1_357' title='bbox 2031 1481 2159 1524; x_wconf 89' lang='lat' dir='ltr'><strong>quidem</strong></span> 
     </span>
     <span class='ocr_line' id='line_1_53' title="bbox 1204 1542 2160 1590; baseline -0.007 -12"><span class='ocrx_word' id='word_1_358' title='bbox 1204 1548 1299 1590; x_wconf 49' lang='lat' dir='ltr'><strong>Pnffx</strong></span> <span class='ocrx_word' id='word_1_359' title='bbox 1319 1546 1454 1578; x_wconf 83' lang='lat' dir='ltr'><strong>comitiis</strong></span> <span class='ocrx_word' id='word_1_360' title='bbox 1477 1546 1631 1577; x_wconf 78' lang='lat' dir='ltr'><strong>habendis</strong></span> <span class='ocrx_word' id='word_1_361' title='bbox 1656 1545 1813 1576; x_wconf 81' lang='lat' dir='ltr'><strong>destinata</strong></span> <span class='ocrx_word' id='word_1_362' title='bbox 1837 1550 1914 1583; x_wconf 83' lang='lat' dir='ltr'><strong>crat,</strong></span> <span class='ocrx_word' id='word_1_363' title='bbox 1935 1555 1993 1574; x_wconf 90' lang='lat' dir='ltr'><strong>nce</strong></span> <span class='ocrx_word' id='word_1_364' title='bbox 2019 1542 2079 1573; x_wconf 82' lang='lat' dir='ltr'><strong>nisi</strong></span> <span class='ocrx_word' id='word_1_365' title='bbox 2104 1553 2160 1584; x_wconf 89' lang='lat' dir='ltr'><strong>per</strong></span> 
     </span>
     <span class='ocr_line' id='line_1_54' title="bbox 1207 1605 2159 1647; baseline -0.006 -6"><span class='ocrx_word' id='word_1_366' title='bbox 1207 1616 1310 1642; x_wconf 83' lang='lat' dir='ltr'><strong>certas</strong></span> <span class='ocrx_word' id='word_1_367' title='bbox 1340 1609 1524 1641; x_wconf 78' lang='lat' dir='ltr'><strong>occasiones</strong></span> <span class='ocrx_word' id='word_1_368' title='bbox 1560 1608 1592 1639; x_wconf 89' lang='lat' dir='ltr'><strong>in</strong></span> <span class='ocrx_word' id='word_1_369' title='bbox 1626 1609 1783 1639; x_wconf 87' lang='lat' dir='ltr'><strong>theatrum</strong></span> <span class='ocrx_word' id='word_1_370' title='bbox 1816 1607 2047 1638; x_wconf 81' lang='lat' dir='ltr'><strong>conveniebant</strong></span> <span class='ocrx_word' id='word_1_371' title='bbox 2077 1605 2159 1647; x_wconf 85' lang='lat' dir='ltr'><strong>(De-</strong></span> 
     </span>
     <span class='ocr_line' id='line_1_55' title="bbox 1207 1666 2161 1712; baseline -0.005 -11"><span class='ocrx_word' id='word_1_372' title='bbox 1207 1672 1323 1701; x_wconf 88' lang='lat' dir='ltr'><strong>mosth.</strong></span> <span class='ocrx_word' id='word_1_373' title='bbox 1349 1670 1419 1701; x_wconf 82' lang='lat' dir='ltr'><strong>adv.</strong></span> <span class='ocrx_word' id='word_1_374' title='bbox 1442 1669 1521 1702; x_wconf 80' lang='lat' dir='ltr'><strong>Mid.</strong></span> <span class='ocrx_word' id='word_1_375' title='bbox 1542 1668 1595 1712; x_wconf 79' lang='grc'>5),</span> <span class='ocrx_word' id='word_1_376' title='bbox 1624 1669 1681 1700; x_wconf 87' lang='lat' dir='ltr'><strong>sed</strong></span> <span class='ocrx_word' id='word_1_377' title='bbox 1708 1668 1861 1712; x_wconf 84' lang='lat' dir='ltr'><strong>paulatim</strong></span> <span class='ocrx_word' id='word_1_378' title='bbox 1883 1666 2029 1706; x_wconf 83' lang='lat' dir='ltr'><strong>invaluit,</strong></span> <span class='ocrx_word' id='word_1_379' title='bbox 2059 1672 2093 1697; x_wconf 90' lang='lat' dir='ltr'><strong>ut</strong></span> <span class='ocrx_word' id='word_1_380' title='bbox 2118 1666 2161 1697; x_wconf 84' lang='lat' dir='ltr'><strong>ibi</strong></span> 
     </span>
     <span class='ocr_line' id='line_1_56' title="bbox 1207 1728 2160 1777; baseline -0.007 -13"><span class='ocrx_word' id='word_1_381' title='bbox 1207 1744 1336 1777; x_wconf 87' lang='lat' dir='ltr'><strong>quoquc</strong></span> <span class='ocrx_word' id='word_1_382' title='bbox 1361 1737 1486 1776; x_wconf 90' lang='lat' dir='ltr'><strong>practer</strong></span> <span class='ocrx_word' id='word_1_383' title='bbox 1508 1730 1749 1773; x_wconf 83' lang='lat' dir='ltr'><strong>magistratuum</strong></span> <span class='ocrx_word' id='word_1_384' title='bbox 1766 1729 1939 1760; x_wconf 81' lang='lat' dir='ltr'><strong>electiones</strong></span> <span class='ocrx_word' id='word_1_385' title='bbox 1961 1728 2083 1770; x_wconf 87' lang='lat' dir='ltr'><strong>reliqua</strong></span> <span class='ocrx_word' id='word_1_386' title='bbox 2097 1739 2160 1758; x_wconf 87' lang='lat' dir='ltr'><strong>om-</strong></span> 
     </span>
    </p>
   </div>
   <div class='ocr_carea' id='block_1_18' title="bbox 1207 1791 2111 1838">
    <p class='ocr_par' dir='ltr' id='par_1_20' title="bbox 1207 1791 2111 1838">
     <span class='ocr_line' id='line_1_57' title="bbox 1207 1791 2111 1838; baseline -0.008 -10"><span class='ocrx_word' id='word_1_387' title='bbox 1207 1797 1259 1828; x_wconf 88' lang='lat' dir='ltr'><strong>nia</strong></span> <span class='ocrx_word' id='word_1_388' title='bbox 1279 1796 1311 1828; x_wconf 86' lang='lat' dir='ltr'><strong>in</strong></span> <span class='ocrx_word' id='word_1_389' title='bbox 1335 1796 1458 1826; x_wconf 84' lang='lat' dir='ltr'><strong>theatro</strong></span> <span class='ocrx_word' id='word_1_390' title='bbox 1484 1799 1695 1827; x_wconf 84' lang='lat' dir='ltr'><strong>tractarentur</strong></span> <span class='ocrx_word' id='word_1_391' title='bbox 1715 1793 1813 1838; x_wconf 85' lang='lat' dir='ltr'><strong>(Poll.</strong></span> <span class='ocrx_word' id='word_1_392' title='bbox 1832 1804 1936 1824; x_wconf 88' lang='lat' dir='ltr'><strong>onom.</strong></span> <span class='ocrx_word' id='word_1_393' title='bbox 1956 1793 1990 1832; x_wconf 88' lang='lat'><strong>8,</strong></span> <span class='ocrx_word' id='word_1_394' title='bbox 2017 1791 2111 1834; x_wconf 85' lang='grc'>152).</span> 
     </span>
    </p>
   </div>
   <div class='ocr_carea' id='block_1_19' title="bbox 1208 1877 2165 2560">
    <p class='ocr_par' dir='ltr' id='par_1_21' title="bbox 1208 1877 2162 2050">
     <span class='ocr_line' id='line_1_58' title="bbox 1284 1877 2161 1926; baseline -0.006 -13"><span class='ocrx_word' id='word_1_395' title='bbox 1284 1879 1470 1926; x_wconf 80' lang='lat' dir='ltr'><strong>miscuisse]</strong></span> <span class='ocrx_word' id='word_1_396' title='bbox 1505 1881 1579 1913; x_wconf 85' lang='lat' dir='ltr'><strong>Hoc</strong></span> <span class='ocrx_word' id='word_1_397' title='bbox 1611 1893 1651 1912; x_wconf 88' lang='lat' dir='ltr'><strong>ex</strong></span> <span class='ocrx_word' id='word_1_398' title='bbox 1679 1881 1750 1925; x_wconf 87' lang='lat' dir='ltr'><strong>ipso</strong></span> <span class='ocrx_word' id='word_1_399' title='bbox 1778 1879 1834 1911; x_wconf 84' lang='lat' dir='ltr'><strong>illo</strong></span> <span class='ocrx_word' id='word_1_400' title='bbox 1864 1879 1903 1910; x_wconf 87' lang='lat' dir='ltr'><strong>de</strong></span> <span class='ocrx_word' id='word_1_401' title='bbox 1929 1878 2055 1910; x_wconf 85' lang='lat' dir='ltr'><strong>Pericle</strong></span> <span class='ocrx_word' id='word_1_402' title='bbox 2077 1877 2161 1909; x_wconf 86' lang='lat' dir='ltr'><strong>dicto</strong></span> 
     </span>
     <span class='ocr_line' id='line_1_59' title="bbox 1208 1938 2162 1988; baseline -0.006 -13"><span class='ocrx_word' id='word_1_403' title='bbox 1208 1944 1293 1988; x_wconf 86' lang='lat' dir='ltr'><strong>apud</strong></span> <span class='ocrx_word' id='word_1_404' title='bbox 1319 1942 1571 1987; x_wconf 85' lang='lat' dir='ltr'><strong>Aristophanem</strong></span> <span class='ocrx_word' id='word_1_405' title='bbox 1604 1948 1742 1974; x_wconf 85' lang='lat' dir='ltr'><strong>sumtum</strong></span> <span class='ocrx_word' id='word_1_406' title='bbox 1766 1953 1838 1973; x_wconf 88' lang='lat' dir='ltr'><strong>esse</strong></span> <span class='ocrx_word' id='word_1_407' title='bbox 1861 1940 1987 1973; x_wconf 83' lang='lat' dir='ltr'><strong>videtur</strong></span> <span class='ocrx_word' id='word_1_408' title='bbox 2010 1938 2162 1984; x_wconf 77' lang='lat' dir='ltr'><strong>(Acharn.</strong></span> 
     </span>
     <span class='ocr_line' id='line_1_60' title="bbox 1209 2007 1310 2050; baseline -0.02 -11"><span class='ocrx_word' id='word_1_409' title='bbox 1209 2007 1310 2050; x_wconf 79' lang='lat'>550):</span> 
     </span>
    </p>

    <p class='ocr_par' dir='ltr' id='par_1_22' title="bbox 1268 2071 2157 2126">
     <span class='ocr_line' id='line_1_61' title="bbox 1268 2071 2157 2126; baseline -0.006 -13"><span class='ocrx_word' id='word_1_410' title='bbox 1268 2077 1500 2126; x_wconf 67' lang='lat' dir='ltr'><strong>n&#39;TIGrpan‘t&#39;,</strong></span> <span class='ocrx_word' id='word_1_411' title='bbox 1536 2075 1718 2124; x_wconf 76' lang='grc' dir='ltr'><strong>ἐβρόντα,</strong></span> <span class='ocrx_word' id='word_1_412' title='bbox 1761 2073 1953 2119; x_wconf 81' lang='grc' dir='ltr'><em>ξυνεκύκα</em></span> <span class='ocrx_word' id='word_1_413' title='bbox 1992 2073 2065 2121; x_wconf 78' lang='grc' dir='ltr'><strong>τὴν</strong></span> <span class='ocrx_word' id='word_1_414' title='bbox 2085 2071 2157 2110; x_wconf 79' lang='grc' dir='ltr'><strong>Ἑλ-</strong></span> 
     </span>
    </p>

    <p class='ocr_par' dir='ltr' id='par_1_23' title="bbox 1609 2135 1744 2179">
     <span class='ocr_line' id='line_1_62' title="bbox 1609 2135 1744 2179; baseline -0.007 -6"><span class='ocrx_word' id='word_1_415' title='bbox 1609 2135 1744 2179; x_wconf 54' lang='lat' dir='ltr'><strong>Mea«,</strong></span> 
     </span>
    </p>

    <p class='ocr_par' dir='ltr' id='par_1_24' title="bbox 1211 2196 2165 2560">
     <span class='ocr_line' id='line_1_63' title="bbox 1211 2196 2158 2247; baseline -0.008 -13"><span class='ocrx_word' id='word_1_416' title='bbox 1211 2202 1298 2247; x_wconf 84' lang='lat' dir='ltr'><strong>quod</strong></span> <span class='ocrx_word' id='word_1_417' title='bbox 1320 2207 1352 2234; x_wconf 87' lang='lat' dir='ltr'><strong>ct</strong></span> <span class='ocrx_word' id='word_1_418' title='bbox 1372 2200 1487 2234; x_wconf 86' lang='lat' dir='ltr'><strong>Cicero</strong></span> <span class='ocrx_word' id='word_1_419' title='bbox 1514 2201 1654 2245; x_wconf 83' lang='lat' dir='ltr'><strong>respexit</strong></span> <span class='ocrx_word' id='word_1_420' title='bbox 1676 2201 1768 2244; x_wconf 86' lang='lat' dir='ltr'><strong>(orat.</strong></span> <span class='ocrx_word' id='word_1_421' title='bbox 1786 2199 1837 2243; x_wconf 79' lang='lat'><strong>9)=</strong></span> <span class='ocrx_word' id='word_1_422' title='bbox 1857 2199 1932 2243; x_wconf 80' lang='lat' dir='ltr'><strong>»qui</strong></span> <span class='ocrx_word' id='word_1_423' title='bbox 1953 2198 1981 2230; x_wconf 88' lang='lat' dir='ltr'><strong>si</strong></span> <span class='ocrx_word' id='word_1_424' title='bbox 2004 2196 2090 2228; x_wconf 87' lang='lat' dir='ltr'><strong>tenui</strong></span> <span class='ocrx_word' id='word_1_425' title='bbox 2108 2207 2158 2236; x_wconf 76' lang='lat' dir='ltr'><strong>ge-</strong></span> 
     </span>
     <span class='ocr_line' id='line_1_64' title="bbox 1211 2258 2158 2308; baseline -0.011 -10"><span class='ocrx_word' id='word_1_426' title='bbox 1211 2278 1287 2298; x_wconf 88' lang='lat' dir='ltr'><strong>nere</strong></span> <span class='ocrx_word' id='word_1_427' title='bbox 1310 2271 1470 2305; x_wconf 76' lang='lat' dir='ltr'><strong>meretur,</strong></span> <span class='ocrx_word' id='word_1_428' title='bbox 1496 2276 1658 2308; x_wconf 85' lang='lat' dir='ltr'><strong>nunqnam</strong></span> <span class='ocrx_word' id='word_1_429' title='bbox 1682 2265 1721 2295; x_wconf 86' lang='lat' dir='ltr'><strong>ab</strong></span> <span class='ocrx_word' id='word_1_430' title='bbox 1741 2263 1957 2306; x_wconf 85' lang='lat' dir='ltr'><strong>Aristophane</strong></span> <span class='ocrx_word' id='word_1_431' title='bbox 1981 2265 2074 2304; x_wconf 74' lang='lat' dir='ltr'><strong>poeta</strong></span> <span class='ocrx_word' id='word_1_432' title='bbox 2100 2258 2158 2289; x_wconf 75' lang='lat' dir='ltr'><strong>fut-</strong></span> 
     </span>
     <span class='ocr_line' id='line_1_65' title="bbox 1213 2326 2161 2373; baseline -0.013 -11"><span class='ocrx_word' id='word_1_433' title='bbox 1213 2343 1298 2373; x_wconf 80' lang='lat' dir='ltr'><strong>gerc,</strong></span> <span class='ocrx_word' id='word_1_434' title='bbox 1327 2335 1455 2370; x_wconf 75' lang='lat' dir='ltr'><strong>tonare,</strong></span> <span class='ocrx_word' id='word_1_435' title='bbox 1481 2331 1671 2372; x_wconf 81' lang='lat' dir='ltr'><strong>permiscere</strong></span> <span class='ocrx_word' id='word_1_436' title='bbox 1688 2329 1857 2361; x_wconf 78' lang='lat' dir='ltr'><strong>Graeciam</strong></span> <span class='ocrx_word' id='word_1_437' title='bbox 1879 2326 1981 2357; x_wconf 87' lang='lat' dir='ltr'><strong>dictus</strong></span> <span class='ocrx_word' id='word_1_438' title='bbox 2003 2327 2104 2354; x_wconf 76' lang='lat' dir='ltr'><strong>esset«</strong></span> <span class='ocrx_word' id='word_1_439' title='bbox 2129 2328 2161 2352; x_wconf 88' lang='lat' dir='ltr'><strong>et</strong></span> 
     </span>
     <span class='ocr_line' id='line_1_66' title="bbox 1212 2385 2160 2437; baseline -0.011 -10"><span class='ocrx_word' id='word_1_440' title='bbox 1212 2394 1338 2427; x_wconf 87' lang='lat' dir='ltr'><strong>Plinius</strong></span> <span class='ocrx_word' id='word_1_441' title='bbox 1372 2393 1543 2426; x_wconf 86' lang='lat' dir='ltr'><strong>Secundus</strong></span> <span class='ocrx_word' id='word_1_442' title='bbox 1569 2392 1673 2437; x_wconf 88' lang='lat' dir='ltr'><strong>(epist.</strong></span> <span class='ocrx_word' id='word_1_443' title='bbox 1701 2393 1738 2432; x_wconf 82' lang='lat'><strong>1,</strong></span> <span class='ocrx_word' id='word_1_444' title='bbox 1767 2392 1830 2430; x_wconf 79' lang='lat'><strong>20,</strong></span> <span class='ocrx_word' id='word_1_445' title='bbox 1865 2387 1938 2430; x_wconf 79' lang='lat'>19)=</span> <span class='ocrx_word' id='word_1_446' title='bbox 1970 2398 2053 2416; x_wconf 84' lang='lat' dir='ltr'><strong>»non</strong></span> <span class='ocrx_word' id='word_1_447' title='bbox 2078 2385 2160 2416; x_wconf 87' lang='lat' dir='ltr'><strong>enim</strong></span> 
     </span>
     <span class='ocr_line' id='line_1_67' title="bbox 1214 2448 2162 2502; baseline -0.014 -11"><span class='ocrx_word' id='word_1_448' title='bbox 1214 2463 1375 2502; x_wconf 79' lang='lat' dir='ltr'><strong>amputata</strong></span> <span class='ocrx_word' id='word_1_449' title='bbox 1401 2457 1502 2489; x_wconf 83' lang='lat' dir='ltr'><strong>oratio</strong></span> <span class='ocrx_word' id='word_1_450' title='bbox 1530 2462 1562 2489; x_wconf 89' lang='lat' dir='ltr'><strong>et</strong></span> <span class='ocrx_word' id='word_1_451' title='bbox 1585 2455 1742 2495; x_wconf 81' lang='lat' dir='ltr'><strong>abscissa,</strong></span> <span class='ocrx_word' id='word_1_452' title='bbox 1772 2453 1828 2485; x_wconf 85' lang='lat' dir='ltr'><strong>sed</strong></span> <span class='ocrx_word' id='word_1_453' title='bbox 1856 2451 1921 2482; x_wconf 81' lang='lat' dir='ltr'><strong>lata</strong></span> <span class='ocrx_word' id='word_1_454' title='bbox 1943 2454 1976 2480; x_wconf 85' lang='lat' dir='ltr'><strong>et</strong></span> <span class='ocrx_word' id='word_1_455' title='bbox 1998 2448 2162 2490; x_wconf 80' lang='lat' dir='ltr'><strong>magnilica</strong></span> 
     </span>
     <span class='ocr_line' id='line_1_68' title="bbox 1214 2511 2165 2560; baseline -0.014 -7"><span class='ocrx_word' id='word_1_456' title='bbox 1214 2527 1246 2553; x_wconf 90' lang='lat' dir='ltr'><strong>et</strong></span> <span class='ocrx_word' id='word_1_457' title='bbox 1270 2520 1398 2552; x_wconf 83' lang='lat' dir='ltr'><strong>excelsa</strong></span> <span class='ocrx_word' id='word_1_458' title='bbox 1417 2524 1517 2560; x_wconf 86' lang='lat' dir='ltr'><strong>tonat,</strong></span> <span class='ocrx_word' id='word_1_459' title='bbox 1540 2519 1690 2560; x_wconf 80' lang='lat' dir='ltr'><strong>fulgurat,</strong></span> <span class='ocrx_word' id='word_1_460' title='bbox 1716 2514 1820 2547; x_wconf 82' lang='lat' dir='ltr'><strong>omnia</strong></span> <span class='ocrx_word' id='word_1_461' title='bbox 1842 2511 1978 2556; x_wconf 84' lang='lat' dir='ltr'><strong>denique</strong></span> <span class='ocrx_word' id='word_1_462' title='bbox 2001 2511 2165 2556; x_wconf 83' lang='lat' dir='ltr'><strong>perturbat</strong></span> 
     </span>
    </p>
   </div>
   <div class='ocr_carea' id='block_1_20' title="bbox 1217 2584 1414 2616">
    <p class='ocr_par' dir='ltr' id='par_1_25' title="bbox 1217 2584 1414 2616">
     <span class='ocr_line' id='line_1_69' title="bbox 1217 2584 1414 2616; baseline -0.005 -1"><span class='ocrx_word' id='word_1_463' title='bbox 1217 2595 1253 2616; x_wconf 83' lang='lat' dir='ltr'><strong>ac</strong></span> <span class='ocrx_word' id='word_1_464' title='bbox 1277 2584 1395 2615; x_wconf 80' lang='lat' dir='ltr'><strong>miscet.</strong></span> <span class='ocrx_word' id='word_1_465' title='bbox 1402 2595 1414 2610; x_wconf 72' lang='grc' dir='ltr'><strong><em>α</em></strong></span> 
     </span>
    </p>
   </div>
   <div class='ocr_carea' id='block_1_21' title="bbox 1678 2636 1770 2673">
    <p class='ocr_par' dir='ltr' id='par_1_26' title="bbox 1678 2636 1770 2673">
     <span class='ocr_line' id='line_1_70' title="bbox 1678 2636 1770 2673; baseline -0.022 0"><span class='ocrx_word' id='word_1_466' title='bbox 1678 2636 1770 2673; x_wconf 73' lang='lat'><strong>49*</strong></span> 
     </span>
    </p>
   </div>
  </div>
 </body>
</html>
