2310 2860
249 217 334 257 »2130

827 210 1024 254 Martiani
1056 207 1254 264 Capellae
1290 207 1364 250 lib.
1389 205 1442 248 ΙΙ.
1473 208 1505 259 §.
1533 206 1621 250 117.

959 318 1099 373 Digna
1129 323 1243 356 tanto
1274 312 1457 356 foedere.

956 400 1022 441 Te
1052 413 1170 440 socer
1200 397 1344 439 subire
1376 395 1485 437 celsa

962 480 1099 521 Poscit
1129 488 1239 520 astra
1269 478 1446 534 Jupiter.

140 568 219 610 118
250 567 375 610 Tunc
407 566 589 617 Urania,
635 565 781 607 ceteris
812 562 1042 621 paululum
1072 560 1364 611 reticentibus,
1410 561 1565 616 coepit:

649 643 842 685 Sidereos
874 651 1016 682 coetus
1048 649 1087 681 et
1119 641 1307 682 culmina
1336 656 1456 682 sacra
1486 641 1688 697 polorum

764 724 835 766 Nil
864 722 952 778 jam
984 723 1208 778 conjiciens
1239 723 1417 764 numine
1448 722 1523 765 fisa
1554 722 1665 767 vide.

252 822 381 856 melt'slte
404 822 495 855 .ςὸἷᾶιῖ
518 822 563 865 (ἰιι
588 820 741 855 coelestia
764 819 965 863 habitacula).
986 822 1119 864 qerislz'g]
1144 823 1208 863 pist

253 888 289 918 1ιῖ
320 885 407 929 (apta
437 884 484 927 cs)
513 886 670 916 so'lcltemo
711 884 884 928 yelaileiclte
913 883 971 926 (ad
997 883 1060 914 tale
1085 881 1209 925 genus).

253 949 324 979 ma
339 947 416 978 ,ςηὸι-
434 946 572 990 iuppiter
586 947 689 978 heizet
711 946 758 978 ΙιἹι
769 945 897 988 funden
913 944 1019 988 (jubet
1038 949 1068 975 te
1086 942 1210 988 petere)

253 1011 334 1042 ‘tiber
354 1011 405 1041 dfe
430 1010 534 1041 lushen
561 1010 719 1040 stet-nem«
761 1007 883 1040 Confer
913 1006 1042 1039 Cnorrii
1066 1006 1105 1037 de
1135 1017 1210 1037 eon-

254 1073 431 1108 secrationc
449 1072 705 1104 dissertationem
725 1071 839 1116 (recus.
856 1071 890 1103 in
912 1070 1044 1104 Martini
1062 1071 1211 1101 thesauro

252 1137 292 1170 T.
318 1138 360 1170 Η.
387 1151 419 1181 p.
447 1138 517 1169 147
552 1135 669 1180 scqu.).
706 1135 746 1168 In
771 1135 935 1168 codicibus
962 1134 1214 1167 Monacensibus

254 1201 302 1247 (B
324 1206 356 1232 ct
383 1199 430 1243 C)
463 1204 495 1230 et
522 1197 707 1230 Basilcensi
747 1197 854 1239 glossa
887 1196 993 1228 addita
1033 1202 1082 1227 est
1116 1197 1213 1227 haec:

261 1263 420 1295 »Metram
443 1259 655 1291 Trochaicmn
683 1263 900 1290 tetrametrum
925 1257 1054 1289 alternis
1082 1267 1213 1289 currens

256 1325 419 1364 versibus,
438 1322 551 1366 recipit
565 1322 764 1353 Trochaeum
777 1326 809 1352 ct
824 1319 1030 1365 Spondenm,
1049 1330 1132 1350 unus
1145 1330 1214 1350 ver—

257 1401 312 1422 sus
334 1388 446 1431 recipit
467 1391 604 1429 quatuor
625 1385 740 1429 pedes,
754 1373 845 1415 ⁴alter
864 1389 929 1415 tres
953 1389 986 1414 et
1010 1383 1212 1415 catalecton.«

330 1449 425 1495 tunc]
458 1451 639 1489 Musarum,
676 1460 758 1492 quae
786 1460 875 1483 nnnc<
898 1452 1094 1490 sequuntur,
1136 1445 1215 1476 ordo

258 1514 339 1546 alius
362 1525 398 1545 ac
424 1523 520 1556 supra
544 1509 585 1554 (§.
608 1509 670 1553 28)
697 1509 888 1541 describitur
911 1514 943 1539 ct
973 1519 1106 1552 prorsus
1134 1506 1215 1538 arbi-

256 1577 373 1609 trarius
394 1587 466 1607 esse
493 1574 626 1606 videtur.
653 1572 767 1616 Neque
796 1578 846 1604 est
869 1572 956 1616 quod
979 1572 1144 1611 miremur,
1174 1570 1216 1602 si-

258 1641 388 1685 quidem
417 1639 471 1671 illc
502 1638 587 1682 apud
617 1642 743 1669 veteres
776 1648 842 1668 non
877 1635 977 1676 magis
1005 1640 1110 1666 certus
1141 1638 1218 1666 crat.

257 1702 383 1735 Novem
415 1701 500 1733 enim
533 1699 698 1731 Musarum
726 1697 820 1740 primi
853 1696 1065 1728 meminerunt
1090 1700 1216 1739 poetae,

261 1766 376 1809 quihus
396 1762 487 1795 metri
513 1761 660 1793 servandi
680 1761 786 1805 potior
809 1771 904 1792 eausa
926 1765 1003 1791 crat.
1028 1760 1076 1791 Ita
1099 1759 1217 1791 Hesio-

261 1830 321 1860 dus
345 1829 463 1872 (theog.
499 1827 557 1858 77.
589 1830 621 1857 et
652 1837 700 1869 ap.
732 1824 830 1857 Diod.
866 1824 908 1863 4,
943 1823 978 1866 7)
1006 1828 1038 1855 ct
1069 1822 1220 1866 Orpheus

260 1892 380 1934 (hymn.
404 1890 464 1932 75)
489 1889 574 1919 hune
599 1898 706 1918 carum
730 1885 874 1917 ordinem
899 1890 1096 1916 statuerunt:
1115 1900 1126 1913 »
1136 1884 1221 1923 Clio,

262 1953 423 1994 Euterpe,
449 1949 582 1989 Thalia,
608 1948 830 1991 Melpomene,
852 1947 1084 1991 Terpsichore,
1111 1947 1222 1986 Erato,

263 2015 443 2060 Polymnia,
467 2013 598 2053 Urania,
626 2012 812 2056 Calli0pe«;
839 2023 935 2055 quem
961 2016 1138 2055 sequnntur
1158 2009 1224 2053 epi-

265 2079 447 2122 grammatis
478 2076 586 2109 Latini
610 2076 734 2120 (Bm-m.
759 2077 795 2115 1,
823 2074 883 2117 75)
909 2081 1019 2107 auctor
1043 2080 1075 2106 et
1098 2075 1224 2106 Cornu-

265 2149 318 2174 tus
336 2141 407 2186 (11.
427 2153 456 2184 p.
483 2140 564 2170 158.
593 2138 663 2169 159
690 2136 785 2179 Cat).
819 2136 930 2167 Alium
955 2137 1097 2168 ordinem
1122 2141 1226 2167 servat

269 2205 429 2237 Graecum
454 2203 646 2247 epigramma
673 2201 721 2244 (Ι,
749 2202 808 2239 67,
837 2201 884 2232 25
912 2200 950 2232 (le
972 2200 1226 2243 Bosch.)l1unc:

277 2268 528 2311 »Terpsiehere,
559 2266 677 2304 Erato,
713 2263 875 2307 Euterpe,
907 2264 1037 2305 Thalia,
1069 2264 1228 2309 Calliope,

271 2330 360 2369 Clio,
384 2328 518 2367 Urania,
540 2326 760 2369 Melpomene,
786 2326 1010 2370 (l'olymnia).«
1047 2325 1157 2358 Alium
1177 2338 1225 2358 re-

269 2392 374 2439 peries
387 2391 419 2422 in
437 2390 600 2432 utriusque
613 2388 738 2429 linguae
753 2388 1028 2431 epigrammatibus
1044 2387 1156 2427 (Anni.
1169 2388 1226 2420 Gr.

275 2459 308 2497 1,
332 2457 391 2496 67,
415 2454 474 2485 22.
495 2453 565 2484 Lat.
595 2453 627 2492 1,
656 2451 732 2494 711),
754 2452 917 2483 nimirum:
938 2452 1114 2496 »Calliopc,
1142 2452 1227 2493 Clio,

273 2520 415 2562 Euterpe
430 2539 439 2557 ,
462 2515 677 2559 Melpomene,
704 2513 928 2557 Terpsichore,
956 2514 1073 2555 Erato,
1097 2515 1227 2558 Polym-

274 2581 341 2621 nia,
374 2578 509 2618 Urania,
539 2576 689 2615 Thalia«,
723 2576 819 2607 alium
849 2576 932 2619 apud
960 2576 1141 2608 Ausonium
1167 2577 1226 2620 (ld.

274 2645 352 2688 ΞΓ)
383 2643 490 2683 nmio,
526 2640 744 2685 Melpomene,
783 2639 912 2680 Thalia,
950 2640 1115 2684 Euterpe,
1152 2641 1229 2674 Ter-

1260 818 1424 863 psichore,
1463 817 1584 859 Erato,
1625 818 1791 862 Calliope,
1829 818 1965 859 Urania,
2007 820 2203 864 Polymniam

1260 882 1393 915 Luciani
1427 888 1532 914 autem
1567 882 1755 914 scholiastes
1789 882 1849 927 (ad
1879 883 1970 925 imag.
1999 885 2053 915 16.
2086 884 2123 916 Τ.
2152 882 2209 914 VI.

1261 958 1292 990 p.
1314 945 1363 977 20
1390 944 1477 988 Bip.)
1500 945 1560 976 hoc
1585 956 1639 975 eas
1665 950 1812 976 recenset
1836 945 1966 976 ordine:
1993 945 2103 985 »Clio,
2129 944 2210 976 Tha-

1262 1006 1323 1048 lia,
1361 1006 1528 1050 Euterpe,
1567 1006 1787 1050 Melpomene,
1824 1007 2054 1051 Terpsichore,
2092 1006 2213 1046 Erato,

1262 1068 1448 1113 Polymnia,
1477 1068 1614 1110 Urania,
1647 1068 1825 1112 Calliope.«
1864 1069 2054 1110 Fulgentius
2076 1068 2214 1111 denique

1264 1132 1373 1176 (myth.
1401 1132 1439 1171 1,
1468 1131 1522 1162 M.
1547 1143 1577 1174 p.
1595 1131 1745 1162 47—49
1769 1130 1912 1174 Munelx.)
1933 1131 1993 1162 sic:
2018 1130 2121 1171 ucho,
2147 1129 2214 1161 Eu-

1264 1201 1366 1238 terpe,
1394 1195 1615 1237 Melpomene,
1640 1193 1768 1233 Thalia,
1792 1194 1972 1237 Polymnia,
1997 1194 2114 1233 Erato,
2137 1192 2214 1224 Ter-

1265 1259 1428 1303 psichore,
1457 1258 1590 1297 Urania,
1623 1257 1797 1301 Calliope«
1838 1257 1930 1288 snus
1959 1262 2058 1288 restat
2080 1255 2215 1300 Apollo·

1265 1321 1363 1353 dorus
1382 1320 1429 1364 (l,
1447 1321 1482 1359 5,
1501 1319 1552 1362 1),
1570 1318 1622 1351 cui
1643 1319 1814 1362 plurimum
1839 1319 1912 1350 fidei
1934 1319 2056 1358 tribuo,
2081 1318 2217 1362 primum

1267 1382 1340 1426 qnia
1357 1387 1457 1412 metro
1475 1392 1541 1411 non
1559 1381 1730 1423 impeditus
1749 1386 1831 1419 crat,
1862 1380 1977 1411 deinde
2004 1379 2078 1424 quia
2098 1379 2217 1412 Callio-

1267 1458 1330 1490 pen
1358 1445 1504 1476 0mnihus
1530 1444 1603 1486 jure
1622 1443 1663 1487 (ξ.
1683 1445 1713 1475 1.
1733 1444 1777 1487 ιι.)
1798 1443 1971 1487 anteponit.
1999 1443 2090 1475 Ordo
2113 1449 2218 1475 autem

1268 1508 1321 1540 hie
1351 1511 1415 1538 cst:
1448 1505 1635 1550 »Calliopc,
1671 1505 1762 1546 Clio,
1800 1506 2024 1549 Melpomene,
2060 1506 2219 1550 Euterpe,

1266 1570 1386 1609 Erato,
1409 1568 1642 1611 Terpsichore,
1669 1567 1804 1607 Urania,
1837 1567 1966 1607 Thalia,
1990 1567 2189 1610 Polymnian·

1344 1627 1471 1674 ceteris]
1497 1628 1643 1660 Imitatur
1662 1628 1857 1669 Homerum,
1882 1629 1937 1672 qui
1961 1630 2088 1674 saepius
2111 1630 2161 1673 (Il.
2185 1643 2220 1664 α.

1268 1693 1358 1725 605ι
1390 1691 1511 1733 Odyss.
1543 1703 1585 1724 ω.
1618 1691 1683 1731 603
1723 1692 1829 1733 hymn.
1859 1691 1893 1723 in
1925 1690 2035 1735 Apoll.
2065 1691 2150 1735 189)
2180 1692 2220 1724 dc

1270 1754 1388 1788 Musis:
1411 1749 1657 1797 ἀμειβόμεναι
1690 1749 1759 1788 ὄπι
1790 1752 1898 1801 καλῇ.
1949 1753 2045 1786 Adde
2079 1753 2223 1796 Hugium

1273 1819 1319 1863 (in
1342 1820 1439 1861 myth.
1464 1831 1493 1861 p.
1520 1817 1617 1862 222).

1348 1878 1500 1924 sidereos]
1527 1879 1566 1911 Iu
1590 1879 1765 1921 asslngenda
1783 1879 1855 1912 huic
1875 1880 1988 1913 Musae
2011 1878 2224 1913 astronomiae

1275 1944 1407 1977 scientia
1438 1955 1548 1975 omnes
1579 1944 1645 1975 scre
1677 1944 1896 1986 consentiunt,
1933 1945 2051 1989 quippe
2079 1944 2130 1976 cui
2152 1955 2222 1976 sen-

1275 2009 1393 2041 tentiae
1412 2008 1463 2040 vel
1483 2007 1620 2040 nominis
1641 2013 1770 2051 etymon
1790 2020 1899 2041 ansam
1920 2009 2079 2053 praebeat.
2104 2007 2224 2040 Obser-

1276 2086 1332 2106 ves
1364 2073 1458 2104 etiam
1489 2072 1585 2103 velim
1616 2072 1752 2104 similem
1778 2073 1812 2104 in
1839 2074 1901 2105 hoc
1931 2073 2068 2105 carmine
2097 2071 2225 2104 laudem

1276 2135 1477 2176 Philologiae
1504 2134 1617 2174 tribui,
1657 2147 1752 2179 quam
1778 2135 1933 2178 superiori
1958 2134 2030 2165 loco
2056 2133 2225 2166 Mercurio.

1277 2198 1387 2242 Atque
1422 2197 1460 2228 de
1493 2197 1546 2228 illa
1575 2197 1670 2228 etiam
1701 2202 1812 2228 noster
1839 2195 1880 2241 (ξ.
1906 2194 1967 2238 22)
1990 2195 2128 2227 dixerat:
2156 2195 2226 2228 »cui

1277 2262 1399 2304 fulgent
1424 2261 1528 2292 sidera
1558 2267 1679 2293 coetu.«

1353 2321 1536 2367 conficiens]
1554 2322 1661 2354 Probe
1676 2321 1868 2363 conjecturis
1891 2322 1924 2353 in
1940 2327 2104 2366 posterum
2121 2321 2227 2353 locum

1279 2400 1351 2421 esse
1377 2392 1488 2428 negat,
1518 2386 1776 2430 quandoquidem
1800 2386 1997 2429 philologia,
2035 2386 2107 2418 diva
2135 2386 2226 2426 faeta,

1274 2452 1341 2493 jam
1363 2450 1467 2493 ipsum
1488 2460 1596 2480 verum
1621 2448 1726 2479 visura
1745 2448 1793 2479 sit.
1820 2448 1899 2479 Fisa
1920 2448 2005 2479 idem
2025 2448 2112 2492 quod
2129 2447 2228 2492 βτίίι,

1278 2512 1375 2554 igitur
1400 2517 1508 2549 certa,
1536 2522 1660 2542 secura.
1690 2510 1902 2542 Monacenses
1928 2509 1979 2553 (B.
2003 2510 2044 2541 I).
2068 2509 2122 2553 E.)
2146 2507 2228 2540 male

1275 2575 1350 2618 fida.
1368 2593 1415 2599 ——
1442 2572 1639 2604 Teutonicus
1665 2572 1822 2616 interpres
1845 2571 1889 2603 ita
1906 2573 1984 2603 haec
2009 2571 2128 2604 reddit:
2144 2570 2228 2603 uude

1279 2643 1328 2676 sih
1353 2643 1399 2675 tia
1419 2640 1611 2674 lu'meliskun
1629 2640 1752 2683 ntanziqi
1774 2638 1959 2683 (coelestem
1985 2635 2230 2678 multitudinem)
