<?xml version="1.0" encoding="UTF-8"?>
<!DOCTYPE html PUBLIC "-//W3C//DTD XHTML 1.0 Transitional//EN"
    "http://www.w3.org/TR/xhtml1/DTD/xhtml1-transitional.dtd">
<html xmlns="http://www.w3.org/1999/xhtml" xml:lang="en" lang="en">
 <head>
  <title>
</title>
<meta http-equiv="Content-Type" content="text/html;charset=utf-8" />
  <meta name='ocr-system' content='tesseract 3.04.00' />
  <meta name='ocr-capabilities' content='ocr_page ocr_carea ocr_par ocr_line ocrx_word'/>
</head>
<body>
  <div class='ocr_page' id='page_1' title='image "./denuptiisphilolo00martuoft/denuptiisphilolo00martuoft_0363.png"; bbox 0 0 2310 2860; ppageno 0'>
   <div class='ocr_carea' id='block_1_1' title="bbox 644 167 1466 226">
    <p class='ocr_par' dir='ltr' id='par_1_1' title="bbox 644 167 1466 226">
     <span class='ocr_line' id='line_1_1' title="bbox 644 167 1466 226; baseline 0.002 -16"><span class='ocrx_word' id='word_1_1' title='bbox 644 167 842 211; x_wconf 83' lang='lat' dir='ltr'><strong>Martiani</strong></span> <span class='ocrx_word' id='word_1_2' title='bbox 874 167 1074 226; x_wconf 82' lang='lat' dir='ltr'>Capellae</span> <span class='ocrx_word' id='word_1_3' title='bbox 1103 167 1177 212; x_wconf 89' lang='lat' dir='ltr'><strong>lib.</strong></span> <span class='ocrx_word' id='word_1_4' title='bbox 1202 167 1279 212; x_wconf 89' lang='lat' dir='ltr'><strong>IV.</strong></span> <span class='ocrx_word' id='word_1_5' title='bbox 1308 170 1339 222; x_wconf 87' lang='lat'><strong>§.</strong></span> <span class='ocrx_word' id='word_1_6' title='bbox 1361 169 1466 212; x_wconf 74' lang='lat'>554.</span> 
     </span>
    </p>
   </div>
   <div class='ocr_carea' id='block_1_2' title="bbox 111 275 1002 333">
    <p class='ocr_par' dir='ltr' id='par_1_2' title="bbox 111 275 1002 333">
     <span class='ocr_line' id='line_1_2' title="bbox 111 275 1002 333; baseline -0.002 -15"><span class='ocrx_word' id='word_1_7' title='bbox 111 275 263 318; x_wconf 86' lang='lat' dir='ltr'><strong>Latiali</strong></span> <span class='ocrx_word' id='word_1_8' title='bbox 303 279 499 332; x_wconf 66' lang='lat' dir='ltr'><strong>promere</strong></span> <span class='ocrx_word' id='word_1_9' title='bbox 533 276 757 333; x_wconf 50' lang='lat' dir='ltr'><strong>*praecepit</strong></span> <span class='ocrx_word' id='word_1_10' title='bbox 790 276 1002 318; x_wconf 78' lang='lat' dir='ltr'>facultate.</span> 
     </span>
    </p>
   </div>
   <div class='ocr_carea' id='block_1_3' title="bbox 1066 275 1568 329">
    <p class='ocr_par' dir='ltr' id='par_1_3' title="bbox 1066 275 1568 329">
     <span class='ocr_line' id='line_1_3' title="bbox 1066 275 1568 329; baseline 0.004 -12"><span class='ocrx_word' id='word_1_11' title='bbox 1066 275 1129 318; x_wconf 85' lang='lat' dir='ltr'><strong>Ac</strong></span> <span class='ocrx_word' id='word_1_12' title='bbox 1172 290 1278 317; x_wconf 80' lang='lat' dir='ltr'><strong>mox</strong></span> <span class='ocrx_word' id='word_1_13' title='bbox 1315 275 1545 319; x_wconf 87' lang='lat' dir='ltr'><strong>Dialectica</strong></span> <span class='ocrx_word' id='word_1_14' title='bbox 1555 309 1568 329; x_wconf 96' lang='lat'><strong>,</strong></span> 
     </span>
    </p>
   </div>
   <div class='ocr_carea' id='block_1_4' title="bbox 1977 177 2067 192">
    <p class='ocr_par' dir='ltr' id='par_1_4' title="bbox 1977 177 2067 192">
     <span class='ocr_line' id='line_1_4' title="bbox 1977 177 2067 192; baseline 0.011 -1"><span class='ocrx_word' id='word_1_15' title='bbox 1977 177 2067 192; x_wconf 61' lang='grc' dir='ltr'><strong>--Π</strong></span> 
     </span>
    </p>
   </div>
   <div class='ocr_carea' id='block_1_5' title="bbox 1976 191 2070 219">
    <p class='ocr_par' dir='ltr' id='par_1_5' title="bbox 1976 191 2070 219">
     <span class='ocr_line' id='line_1_5' title="bbox 1976 191 2070 219; baseline 0.011 -1"><span class='ocrx_word' id='word_1_16' title='bbox 1976 191 2070 219; x_wconf 76' lang='grc'><strong>000</strong></span> 
     </span>
    </p>
   </div>
   <div class='ocr_carea' id='block_1_6' title="bbox 111 357 2072 419">
    <p class='ocr_par' dir='ltr' id='par_1_6' title="bbox 111 357 2072 419">
     <span class='ocr_line' id='line_1_6' title="bbox 111 357 2072 419; baseline 0.004 -20"><span class='ocrx_word' id='word_1_17' title='bbox 111 357 234 414; x_wconf 82' lang='lat' dir='ltr'><strong>digne</strong></span> <span class='ocrx_word' id='word_1_18' title='bbox 264 357 414 400; x_wconf 82' lang='lat' dir='ltr'><strong>Latine</strong></span> <span class='ocrx_word' id='word_1_19' title='bbox 452 359 572 414; x_wconf 89' lang='lat' dir='ltr'><strong>loqui</strong></span> <span class='ocrx_word' id='word_1_20' title='bbox 607 374 729 415; x_wconf 87' lang='lat' dir='ltr'><strong>posse</strong></span> <span class='ocrx_word' id='word_1_21' title='bbox 770 359 1035 410; x_wconf 82' lang='lat' dir='ltr'><strong>crederetur,</strong></span> <span class='ocrx_word' id='word_1_22' title='bbox 1087 367 1228 399; x_wconf 88' lang='lat' dir='ltr'><strong>tamen</strong></span> <span class='ocrx_word' id='word_1_23' title='bbox 1267 358 1529 415; x_wconf 85' lang='lat' dir='ltr'><strong>promptiore</strong></span> <span class='ocrx_word' id='word_1_24' title='bbox 1560 357 1738 412; x_wconf 89' lang='lat' dir='ltr'><strong>fiducia,</strong></span> <span class='ocrx_word' id='word_1_25' title='bbox 1786 363 2072 419; x_wconf 86' lang='lat' dir='ltr'><strong>restrictisque</strong></span> 
     </span>
    </p>
   </div>
   <div class='ocr_carea' id='block_1_7' title="bbox 112 439 2072 496">
    <p class='ocr_par' dir='ltr' id='par_1_7' title="bbox 112 439 2072 496">
     <span class='ocr_line' id='line_1_7' title="bbox 112 439 2072 496; baseline 0.004 -16"><span class='ocrx_word' id='word_1_26' title='bbox 112 439 301 494; x_wconf 86' lang='lat' dir='ltr'><strong>quadam</strong></span> <span class='ocrx_word' id='word_1_27' title='bbox 333 440 504 481; x_wconf 89' lang='lat' dir='ltr'><strong>obtutus</strong></span> <span class='ocrx_word' id='word_1_28' title='bbox 529 440 764 482; x_wconf 82' lang='lat' dir='ltr'><strong>vibratione</strong></span> <span class='ocrx_word' id='word_1_29' title='bbox 794 440 1030 481; x_wconf 86' lang='lat' dir='ltr'>luminibus</span> <span class='ocrx_word' id='word_1_30' title='bbox 1061 440 1185 480; x_wconf 85' lang='lat' dir='ltr'><strong>ctiam</strong></span> <span class='ocrx_word' id='word_1_31' title='bbox 1215 448 1308 481; x_wconf 87' lang='lat' dir='ltr'><strong>ante</strong></span> <span class='ocrx_word' id='word_1_32' title='bbox 1338 440 1471 482; x_wconf 87' lang='lat' dir='ltr'><strong>verba</strong></span> <span class='ocrx_word' id='word_1_33' title='bbox 1494 440 1795 496; x_wconf 86' lang='lat' dir='ltr'><strong>formidabilis,</strong></span> <span class='ocrx_word' id='word_1_34' title='bbox 1825 445 1883 485; x_wconf 89' lang='lat' dir='ltr'><strong>sic</strong></span> <span class='ocrx_word' id='word_1_35' title='bbox 1904 460 2072 488; x_wconf 78' lang='lat' dir='ltr'><strong>exorsa:</strong></span> 
     </span>
    </p>
   </div>
   <div class='ocr_carea' id='block_1_8' title="bbox 109 520 2076 584">
    <p class='ocr_par' dir='ltr' id='par_1_8' title="bbox 109 520 2076 584">
     <span class='ocr_line' id='line_1_8' title="bbox 109 520 2076 584; baseline 0.003 -21"><span class='ocrx_word' id='word_1_36' title='bbox 109 520 166 563; x_wconf 87' lang='lat' dir='ltr'><strong>Ni</strong></span> <span class='ocrx_word' id='word_1_37' title='bbox 188 521 397 563; x_wconf 85' lang='lat' dir='ltr'><strong>Varronis</strong></span> <span class='ocrx_word' id='word_1_38' title='bbox 421 523 507 563; x_wconf 88' lang='lat' dir='ltr'><strong>mei</strong></span> <span class='ocrx_word' id='word_1_39' title='bbox 538 522 644 564; x_wconf 89' lang='lat' dir='ltr'><strong>inter</strong></span> <span class='ocrx_word' id='word_1_40' title='bbox 670 522 851 564; x_wconf 85' lang='lat' dir='ltr'><strong>Latialcs</strong></span> <span class='ocrx_word' id='word_1_41' title='bbox 880 521 1033 577; x_wconf 77' lang='lat' dir='ltr'><strong>glorias</strong></span> <span class='ocrx_word' id='word_1_42' title='bbox 1066 520 1267 562; x_wconf 85' lang='lat' dir='ltr'><strong>celebrati</strong></span> <span class='ocrx_word' id='word_1_43' title='bbox 1298 520 1406 563; x_wconf 87' lang='lat' dir='ltr'><strong>mihi</strong></span> <span class='ocrx_word' id='word_1_44' title='bbox 1437 522 1620 564; x_wconf 74' lang='lat' dir='ltr'><strong>eruditio</strong></span> <span class='ocrx_word' id='word_1_45' title='bbox 1645 524 1941 582; x_wconf 81' lang='lat' dir='ltr'><strong>industriaque</strong></span> <span class='ocrx_word' id='word_1_46' title='bbox 1972 543 2076 584; x_wconf 88' lang='lat' dir='ltr'><strong>sup-</strong></span> 
     </span>
    </p>
   </div>
   <div class='ocr_carea' id='block_1_9' title="bbox 109 602 2073 660">
    <p class='ocr_par' dir='ltr' id='par_1_9' title="bbox 109 602 2073 660">
     <span class='ocr_line' id='line_1_9' title="bbox 109 602 2073 660; baseline 0.004 -16"><span class='ocrx_word' id='word_1_47' title='bbox 109 612 288 659; x_wconf 84' lang='lat' dir='ltr'><strong>peteret,</strong></span> <span class='ocrx_word' id='word_1_48' title='bbox 336 619 504 660; x_wconf 89' lang='lat' dir='ltr'><strong>possem</strong></span> <span class='ocrx_word' id='word_1_49' title='bbox 544 604 706 646; x_wconf 87' lang='lat' dir='ltr'><strong>femina</strong></span> <span class='ocrx_word' id='word_1_50' title='bbox 748 603 932 645; x_wconf 81' lang='lat' dir='ltr'><strong>Doricae</strong></span> <span class='ocrx_word' id='word_1_51' title='bbox 966 603 1144 645; x_wconf 86' lang='lat' dir='ltr'><strong>nationis</strong></span> <span class='ocrx_word' id='word_1_52' title='bbox 1179 602 1297 659; x_wconf 84' lang='lat' dir='ltr'><strong>apud</strong></span> <span class='ocrx_word' id='word_1_53' title='bbox 1339 603 1581 647; x_wconf 84' lang='lat' dir='ltr'><strong>Romuleae</strong></span> <span class='ocrx_word' id='word_1_54' title='bbox 1618 606 1733 648; x_wconf 83' lang='lat' dir='ltr'><strong>vocis</strong></span> <span class='ocrx_word' id='word_1_55' title='bbox 1766 610 1964 650; x_wconf 75' lang='lat' dir='ltr'><strong>examina</strong></span> <span class='ocrx_word' id='word_1_56' title='bbox 2000 620 2073 651; x_wconf 88' lang='lat' dir='ltr'><strong>aut</strong></span> 
     </span>
    </p>
   </div>
   <div class='ocr_carea' id='block_1_10' title="bbox 97 784 1062 2587">
    <p class='ocr_par' dir='ltr' id='par_1_10' title="bbox 103 784 1062 1079">
     <span class='ocr_line' id='line_1_10' title="bbox 108 784 1061 832; baseline 0.002 -16"><span class='ocrx_word' id='word_1_57' title='bbox 108 784 184 817; x_wconf 75' lang='lat' dir='ltr'><strong>alibi</strong></span> <span class='ocrx_word' id='word_1_58' title='bbox 207 795 359 830; x_wconf 86' lang='lat' dir='ltr'><strong>superum</strong></span> <span class='ocrx_word' id='word_1_59' title='bbox 385 797 445 832; x_wconf 88' lang='lat' dir='ltr'><strong>pro</strong></span> <span class='ocrx_word' id='word_1_60' title='bbox 473 786 630 831; x_wconf 83' lang='lat' dir='ltr'><strong>superiori</strong></span> <span class='ocrx_word' id='word_1_61' title='bbox 653 786 804 831; x_wconf 82' lang='lat' dir='ltr'><strong>reperias.</strong></span> <span class='ocrx_word' id='word_1_62' title='bbox 840 784 967 820; x_wconf 83' lang='lat' dir='ltr'><strong>Sensus</strong></span> <span class='ocrx_word' id='word_1_63' title='bbox 995 792 1061 819; x_wconf 70' lang='lat' dir='ltr'><strong>esta</strong></span> 
     </span>
     <span class='ocr_line' id='line_1_11' title="bbox 105 847 1062 893; baseline 0.002 -13"><span class='ocrx_word' id='word_1_64' title='bbox 105 847 235 893; x_wconf 79' lang='lat' dir='ltr'><strong>Jupiter</strong></span> <span class='ocrx_word' id='word_1_65' title='bbox 261 850 446 881; x_wconf 85' lang='lat' dir='ltr'><strong>existimans</strong></span> <span class='ocrx_word' id='word_1_66' title='bbox 472 849 702 883; x_wconf 79' lang='lat' dir='ltr'><strong>Graecanicam</strong></span> <span class='ocrx_word' id='word_1_67' title='bbox 725 849 888 882; x_wconf 79' lang='lat' dir='ltr'><strong>levitatem</strong></span> <span class='ocrx_word' id='word_1_68' title='bbox 915 850 1062 882; x_wconf 85' lang='lat' dir='ltr'><strong>Romana</strong></span> 
     </span>
     <span class='ocr_line' id='line_1_12' title="bbox 105 910 1062 955; baseline 0.001 -13"><span class='ocrx_word' id='word_1_69' title='bbox 105 910 258 953; x_wconf 68' lang='lat' dir='ltr'><strong>gravitate</strong></span> <span class='ocrx_word' id='word_1_70' title='bbox 276 911 372 953; x_wconf 81' lang='lat' dir='ltr'><strong>longe</strong></span> <span class='ocrx_word' id='word_1_71' title='bbox 393 911 576 943; x_wconf 82' lang='lat' dir='ltr'><strong>inferiorem</strong></span> <span class='ocrx_word' id='word_1_72' title='bbox 595 923 662 944; x_wconf 90' lang='lat' dir='ltr'><strong>non</strong></span> <span class='ocrx_word' id='word_1_73' title='bbox 685 911 780 943; x_wconf 89' lang='lat' dir='ltr'><strong>modo</strong></span> <span class='ocrx_word' id='word_1_74' title='bbox 801 911 983 955; x_wconf 79' lang='lat' dir='ltr'><strong>implendiS,</strong></span> <span class='ocrx_word' id='word_1_75' title='bbox 1005 912 1062 943; x_wconf 86' lang='lat' dir='ltr'><strong>scd</strong></span> 
     </span>
     <span class='ocr_line' id='line_1_13' title="bbox 103 972 1062 1019; baseline 0.001 -15"><span class='ocrx_word' id='word_1_76' title='bbox 103 977 138 1004; x_wconf 79' lang='lat' dir='ltr'><strong>et</strong></span> <span class='ocrx_word' id='word_1_77' title='bbox 167 972 352 1014; x_wconf 86' lang='lat' dir='ltr'><strong>judicandis</strong></span> <span class='ocrx_word' id='word_1_78' title='bbox 379 973 550 1004; x_wconf 78' lang='lat' dir='ltr'><strong>virtutihus</strong></span> <span class='ocrx_word' id='word_1_79' title='bbox 581 973 806 1017; x_wconf 85' lang='lat' dir='ltr'><strong>scientiisque,</strong></span> <span class='ocrx_word' id='word_1_80' title='bbox 840 973 941 1015; x_wconf 84' lang='lat' dir='ltr'><strong>jussit</strong></span> <span class='ocrx_word' id='word_1_81' title='bbox 970 974 1062 1019; x_wconf 86' lang='lat' dir='ltr'><strong>qnid·</strong></span> 
     </span>
     <span class='ocr_line' id='line_1_14' title="bbox 104 1033 929 1079; baseline 0.004 -15"><span class='ocrx_word' id='word_1_82' title='bbox 104 1033 181 1078; x_wconf 83' lang='lat' dir='ltr'><strong>quid</strong></span> <span class='ocrx_word' id='word_1_83' title='bbox 206 1040 318 1065; x_wconf 85' lang='lat' dir='ltr'><strong>nosset</strong></span> <span class='ocrx_word' id='word_1_84' title='bbox 338 1034 453 1066; x_wconf 87' lang='lat' dir='ltr'><strong>Latina</strong></span> <span class='ocrx_word' id='word_1_85' title='bbox 475 1035 585 1077; x_wconf 83' lang='lat' dir='ltr'><strong>lingua</strong></span> <span class='ocrx_word' id='word_1_86' title='bbox 611 1047 810 1079; x_wconf 82' lang='lat' dir='ltr'><strong>expromere.</strong></span> <span class='ocrx_word' id='word_1_87' title='bbox 824 1034 929 1067; x_wconf 71' lang='lat' dir='ltr'><strong>Gnor.</strong></span> 
     </span>
    </p>

    <p class='ocr_par' dir='ltr' id='par_1_11' title="bbox 100 1094 1060 1267">
     <span class='ocr_line' id='line_1_15' title="bbox 175 1094 1060 1140; baseline 0.002 -14"><span class='ocrx_word' id='word_1_88' title='bbox 175 1094 310 1140; x_wconf 74' lang='lat' dir='ltr'><strong>viribus]</strong></span> <span class='ocrx_word' id='word_1_89' title='bbox 337 1095 366 1126; x_wconf 85' lang='lat' dir='ltr'>E</span> <span class='ocrx_word' id='word_1_90' title='bbox 384 1095 547 1128; x_wconf 83' lang='lat' dir='ltr'><strong>codicibus</strong></span> <span class='ocrx_word' id='word_1_91' title='bbox 567 1096 682 1129; x_wconf 86' lang='lat' dir='ltr'><strong>iterum</strong></span> <span class='ocrx_word' id='word_1_92' title='bbox 695 1097 946 1129; x_wconf 53' lang='lat' dir='ltr'><strong>Monac-ensibus</strong></span> <span class='ocrx_word' id='word_1_93' title='bbox 960 1095 1060 1140; x_wconf 67' lang='lat' dir='ltr'>(CF)</span> 
     </span>
     <span class='ocr_line' id='line_1_16' title="bbox 101 1157 1060 1202; baseline 0 -13"><span class='ocrx_word' id='word_1_94' title='bbox 101 1157 162 1189; x_wconf 76' lang='lat' dir='ltr'><strong>boc</strong></span> <span class='ocrx_word' id='word_1_95' title='bbox 185 1157 303 1202; x_wconf 80' lang='lat' dir='ltr'><strong>recepi,</strong></span> <span class='ocrx_word' id='word_1_96' title='bbox 326 1157 455 1200; x_wconf 82' lang='lat' dir='ltr'><strong>indigue</strong></span> <span class='ocrx_word' id='word_1_97' title='bbox 473 1170 490 1190; x_wconf 89' lang='lat' dir='ltr'><strong>a</strong></span> <span class='ocrx_word' id='word_1_98' title='bbox 507 1157 624 1191; x_wconf 86' lang='lat' dir='ltr'><strong>Grotio</strong></span> <span class='ocrx_word' id='word_1_99' title='bbox 645 1158 678 1190; x_wconf 90' lang='lat' dir='ltr'><strong>in</strong></span> <span class='ocrx_word' id='word_1_100' title='bbox 695 1159 869 1201; x_wconf 82' lang='lat' dir='ltr'><strong>marginem</strong></span> <span class='ocrx_word' id='word_1_101' title='bbox 893 1158 1060 1201; x_wconf 82' lang='lat' dir='ltr'><strong>rejectum,</strong></span> 
     </span>
     <span class='ocr_line' id='line_1_17' title="bbox 100 1221 896 1267; baseline 0 -13"><span class='ocrx_word' id='word_1_102' title='bbox 100 1231 160 1267; x_wconf 79' lang='lat' dir='ltr'><strong>pro</strong></span> <span class='ocrx_word' id='word_1_103' title='bbox 178 1223 372 1262; x_wconf 76' lang='lat' dir='ltr'><strong>virtutibus,</strong></span> <span class='ocrx_word' id='word_1_104' title='bbox 400 1222 490 1267; x_wconf 88' lang='lat' dir='ltr'><strong>qnod</strong></span> <span class='ocrx_word' id='word_1_105' title='bbox 513 1221 644 1254; x_wconf 81' lang='lat' dir='ltr'><strong>vixdum</strong></span> <span class='ocrx_word' id='word_1_106' title='bbox 671 1227 896 1255; x_wconf 82' lang='lat' dir='ltr'><strong>antecesserat.</strong></span> 
     </span>
    </p>

    <p class='ocr_par' dir='ltr' id='par_1_12' title="bbox 97 1285 1062 1958">
     <span class='ocr_line' id='line_1_18' title="bbox 172 1285 1062 1331; baseline 0.002 -15"><span class='ocrx_word' id='word_1_107' title='bbox 172 1285 307 1331; x_wconf 77' lang='lat' dir='ltr'><strong>Latiali]</strong></span> <span class='ocrx_word' id='word_1_108' title='bbox 336 1287 546 1331; x_wconf 78' lang='lat' dir='ltr'><strong>Quantopere</strong></span> <span class='ocrx_word' id='word_1_109' title='bbox 572 1286 737 1319; x_wconf 83' lang='lat' dir='ltr'><strong>sudaverit</strong></span> <span class='ocrx_word' id='word_1_110' title='bbox 759 1287 829 1331; x_wconf 83' lang='lat' dir='ltr'><strong>ipse</strong></span> <span class='ocrx_word' id='word_1_111' title='bbox 858 1286 993 1328; x_wconf 86' lang='lat' dir='ltr'><strong>Cicero,</strong></span> <span class='ocrx_word' id='word_1_112' title='bbox 1026 1292 1062 1318; x_wconf 87' lang='lat' dir='ltr'><strong>ut</strong></span> 
     </span>
     <span class='ocr_line' id='line_1_19' title="bbox 102 1347 1061 1393; baseline -0.001 -12"><span class='ocrx_word' id='word_1_113' title='bbox 102 1347 300 1381; x_wconf 83' lang='lat' dir='ltr'><strong>Graecorum</strong></span> <span class='ocrx_word' id='word_1_114' title='bbox 328 1348 367 1380; x_wconf 90' lang='lat' dir='ltr'><strong>de</strong></span> <span class='ocrx_word' id='word_1_115' title='bbox 397 1349 599 1393; x_wconf 83' lang='lat' dir='ltr'><strong>philosophia</strong></span> <span class='ocrx_word' id='word_1_116' title='bbox 631 1350 728 1381; x_wconf 81' lang='lat' dir='ltr'><strong>verba</strong></span> <span class='ocrx_word' id='word_1_117' title='bbox 759 1350 875 1381; x_wconf 77' lang='lat' dir='ltr'><strong>Latine</strong></span> <span class='ocrx_word' id='word_1_118' title='bbox 901 1350 1061 1390; x_wconf 86' lang='lat' dir='ltr'><strong>redderet,</strong></span> 
     </span>
     <span class='ocr_line' id='line_1_20' title="bbox 101 1411 1060 1457; baseline 0.001 -15"><span class='ocrx_word' id='word_1_119' title='bbox 101 1411 187 1456; x_wconf 83' lang='lat' dir='ltr'><strong>apud</strong></span> <span class='ocrx_word' id='word_1_120' title='bbox 212 1424 285 1445; x_wconf 85' lang='lat' dir='ltr'><strong>eum</strong></span> <span class='ocrx_word' id='word_1_121' title='bbox 306 1412 415 1457; x_wconf 84' lang='lat' dir='ltr'><strong>(divin.</strong></span> <span class='ocrx_word' id='word_1_122' title='bbox 440 1413 480 1454; x_wconf 99' lang='grc'><strong>2,</strong></span> <span class='ocrx_word' id='word_1_123' title='bbox 508 1412 545 1456; x_wconf 88' lang='grc'>2)</span> <span class='ocrx_word' id='word_1_124' title='bbox 568 1412 675 1454; x_wconf 83' lang='lat' dir='ltr'><strong>legere</strong></span> <span class='ocrx_word' id='word_1_125' title='bbox 696 1413 781 1445; x_wconf 85' lang='lat' dir='ltr'><strong>licet.</strong></span> <span class='ocrx_word' id='word_1_126' title='bbox 808 1412 934 1446; x_wconf 84' lang='lat' dir='ltr'><strong>Seneca</strong></span> <span class='ocrx_word' id='word_1_127' title='bbox 954 1413 1060 1457; x_wconf 87' lang='lat' dir='ltr'><strong>(epist.</strong></span> 
     </span>
     <span class='ocr_line' id='line_1_21' title="bbox 102 1475 1060 1520; baseline 0.002 -14"><span class='ocrx_word' id='word_1_128' title='bbox 102 1475 167 1515; x_wconf 76' lang='lat'><strong>583</strong></span> <span class='ocrx_word' id='word_1_129' title='bbox 196 1488 229 1520; x_wconf 85' lang='lat' dir='ltr'><strong>p.</strong></span> <span class='ocrx_word' id='word_1_130' title='bbox 251 1477 323 1508; x_wconf 75' lang='grc'><strong>481</strong></span> <span class='ocrx_word' id='word_1_131' title='bbox 353 1476 461 1520; x_wconf 88' lang='lat' dir='ltr'><strong>Lips.)</strong></span> <span class='ocrx_word' id='word_1_132' title='bbox 491 1482 675 1520; x_wconf 74' lang='lat' dir='ltr'><strong>»quanta«,</strong></span> <span class='ocrx_word' id='word_1_133' title='bbox 706 1475 831 1517; x_wconf 81' lang='lat' dir='ltr'><strong>scribit,</strong></span> <span class='ocrx_word' id='word_1_134' title='bbox 870 1476 1060 1508; x_wconf 71' lang='lat' dir='ltr'><strong>»verborum</strong></span> 
     </span>
     <span class='ocr_line' id='line_1_22' title="bbox 99 1537 1059 1583; baseline -0.001 -12"><span class='ocrx_word' id='word_1_135' title='bbox 99 1537 193 1571; x_wconf 85' lang='lat' dir='ltr'><strong>nobis</strong></span> <span class='ocrx_word' id='word_1_136' title='bbox 212 1544 401 1583; x_wconf 83' lang='lat' dir='ltr'><strong>paupertaS,</strong></span> <span class='ocrx_word' id='word_1_137' title='bbox 431 1538 495 1571; x_wconf 86' lang='lat' dir='ltr'><strong>imo</strong></span> <span class='ocrx_word' id='word_1_138' title='bbox 516 1544 643 1581; x_wconf 82' lang='lat' dir='ltr'><strong>egestas</strong></span> <span class='ocrx_word' id='word_1_139' title='bbox 668 1538 726 1579; x_wconf 90' lang='lat' dir='ltr'><strong>sit,</strong></span> <span class='ocrx_word' id='word_1_140' title='bbox 758 1551 924 1582; x_wconf 83' lang='lat' dir='ltr'><strong>nunquam</strong></span> <span class='ocrx_word' id='word_1_141' title='bbox 946 1539 1059 1581; x_wconf 81' lang='lat' dir='ltr'><strong>magis,</strong></span> 
     </span>
     <span class='ocr_line' id='line_1_23' title="bbox 99 1600 1058 1645; baseline 0.001 -14"><span class='ocrx_word' id='word_1_142' title='bbox 99 1611 194 1645; x_wconf 80' lang='lat' dir='ltr'><strong>quam</strong></span> <span class='ocrx_word' id='word_1_143' title='bbox 215 1600 370 1632; x_wconf 82' lang='lat' dir='ltr'><strong>hodierno</strong></span> <span class='ocrx_word' id='word_1_144' title='bbox 395 1600 465 1641; x_wconf 88' lang='lat' dir='ltr'><strong>die,</strong></span> <span class='ocrx_word' id='word_1_145' title='bbox 491 1600 664 1632; x_wconf 57' lang='lat' dir='ltr'><strong>intellexi«</strong></span> <span class='ocrx_word' id='word_1_146' title='bbox 696 1601 825 1632; x_wconf 81' lang='lat' dir='ltr'><strong>Pariter</strong></span> <span class='ocrx_word' id='word_1_147' title='bbox 846 1600 974 1632; x_wconf 84' lang='lat' dir='ltr'><strong>Plinius</strong></span> <span class='ocrx_word' id='word_1_148' title='bbox 998 1600 1058 1633; x_wconf 92' lang='lat' dir='ltr'><strong>Se-</strong></span> 
     </span>
     <span class='ocr_line' id='line_1_24' title="bbox 98 1661 1058 1708; baseline 0.001 -15"><span class='ocrx_word' id='word_1_149' title='bbox 98 1662 221 1694; x_wconf 88' lang='lat' dir='ltr'><strong>cundus</strong></span> <span class='ocrx_word' id='word_1_150' title='bbox 244 1662 350 1707; x_wconf 86' lang='lat' dir='ltr'><strong>(epist.</strong></span> <span class='ocrx_word' id='word_1_151' title='bbox 367 1663 406 1703; x_wconf 80' lang='lat'><strong>4,</strong></span> <span class='ocrx_word' id='word_1_152' title='bbox 435 1663 498 1703; x_wconf 85' lang='lat'><strong>18,</strong></span> <span class='ocrx_word' id='word_1_153' title='bbox 523 1661 558 1705; x_wconf 97' lang='grc'>1)</span> <span class='ocrx_word' id='word_1_154' title='bbox 582 1662 759 1706; x_wconf 81' lang='lat' dir='ltr'><strong>»inopiam,</strong></span> <span class='ocrx_word' id='word_1_155' title='bbox 790 1662 841 1694; x_wconf 89' lang='lat' dir='ltr'><strong>vel</strong></span> <span class='ocrx_word' id='word_1_156' title='bbox 866 1663 993 1708; x_wconf 82' lang='lat' dir='ltr'><strong>potiuS,</strong></span> <span class='ocrx_word' id='word_1_157' title='bbox 1022 1667 1058 1694; x_wconf 85' lang='lat' dir='ltr'><strong>ut</strong></span> 
     </span>
     <span class='ocr_line' id='line_1_25' title="bbox 97 1724 1057 1771; baseline -0.001 -13"><span class='ocrx_word' id='word_1_158' title='bbox 97 1724 268 1758; x_wconf 88' lang='lat' dir='ltr'><strong>Lueretius</strong></span> <span class='ocrx_word' id='word_1_159' title='bbox 295 1726 354 1767; x_wconf 91' lang='lat' dir='ltr'><strong>ait,</strong></span> <span class='ocrx_word' id='word_1_160' title='bbox 392 1731 566 1769; x_wconf 79' lang='lat' dir='ltr'><strong>egestatem</strong></span> <span class='ocrx_word' id='word_1_161' title='bbox 594 1726 690 1771; x_wconf 83' lang='lat' dir='ltr'><strong>patrii</strong></span> <span class='ocrx_word' id='word_1_162' title='bbox 712 1726 886 1758; x_wconf 86' lang='lat' dir='ltr'><strong>sermonis«</strong></span> <span class='ocrx_word' id='word_1_163' title='bbox 918 1732 1057 1767; x_wconf 86' lang='lat' dir='ltr'><strong>accusat,</strong></span> 
     </span>
     <span class='ocr_line' id='line_1_26' title="bbox 99 1789 1057 1835; baseline 0.002 -13"><span class='ocrx_word' id='word_1_164' title='bbox 99 1794 132 1822; x_wconf 85' lang='lat' dir='ltr'><strong>et</strong></span> <span class='ocrx_word' id='word_1_165' title='bbox 146 1789 209 1834; x_wconf 89' lang='lat' dir='ltr'><strong>(ep.</strong></span> <span class='ocrx_word' id='word_1_166' title='bbox 228 1790 268 1831; x_wconf 80' lang='grc'><strong>6,</strong></span> <span class='ocrx_word' id='word_1_167' title='bbox 286 1791 351 1831; x_wconf 86' lang='grc'><strong>29,</strong></span> <span class='ocrx_word' id='word_1_168' title='bbox 371 1790 409 1833; x_wconf 81' lang='grc'>4)</span> <span class='ocrx_word' id='word_1_169' title='bbox 431 1802 509 1823; x_wconf 78' lang='lat' dir='ltr'><strong>nnec</strong></span> <span class='ocrx_word' id='word_1_170' title='bbox 524 1802 575 1822; x_wconf 87' lang='lat' dir='ltr'><strong>me</strong></span> <span class='ocrx_word' id='word_1_171' title='bbox 592 1790 781 1835; x_wconf 71' lang='lat' dir='ltr'><strong>praeterita,</strong></span> <span class='ocrx_word' id='word_1_172' title='bbox 802 1790 919 1834; x_wconf 84' lang='lat' dir='ltr'><strong>inquit,</strong></span> <span class='ocrx_word' id='word_1_173' title='bbox 943 1802 1057 1824; x_wconf 75' lang='lat' dir='ltr'><strong>nusum</strong></span> 
     </span>
     <span class='ocr_line' id='line_1_27' title="bbox 99 1853 1049 1898; baseline 0.003 -15"><span class='ocrx_word' id='word_1_174' title='bbox 99 1857 133 1884; x_wconf 86' lang='lat' dir='ltr'><strong>et</strong></span> <span class='ocrx_word' id='word_1_175' title='bbox 163 1863 234 1884; x_wconf 86' lang='lat' dir='ltr'><strong>esse</strong></span> <span class='ocrx_word' id='word_1_176' title='bbox 270 1858 302 1884; x_wconf 85' lang='lat' dir='ltr'><strong>et</strong></span> <span class='ocrx_word' id='word_1_177' title='bbox 335 1853 446 1885; x_wconf 81' lang='lat' dir='ltr'><strong>haberi</strong></span> <span class='ocrx_word' id='word_1_178' title='bbox 483 1854 637 1898; x_wconf 89' lang='lat' dir='ltr'><strong>optimum</strong></span> <span class='ocrx_word' id='word_1_179' title='bbox 672 1853 800 1886; x_wconf 86' lang='lat' dir='ltr'><strong>dicendi</strong></span> <span class='ocrx_word' id='word_1_180' title='bbox 835 1853 1049 1896; x_wconf 75' lang='lat' dir='ltr'><strong>magistrum.-</strong></span> 
     </span>
     <span class='ocr_line' id='line_1_28' title="bbox 97 1913 713 1958; baseline -0.005 -11"><span class='ocrx_word' id='word_1_181' title='bbox 97 1913 240 1947; x_wconf 84' lang='lat' dir='ltr'><strong>Lucretii</strong></span> <span class='ocrx_word' id='word_1_182' title='bbox 263 1913 354 1946; x_wconf 84' lang='lat' dir='ltr'><strong>locus</strong></span> <span class='ocrx_word' id='word_1_183' title='bbox 375 1914 428 1958; x_wconf 83' lang='lat'><strong>(1,</strong></span> <span class='ocrx_word' id='word_1_184' title='bbox 457 1914 541 1958; x_wconf 84' lang='lat'>157)</span> <span class='ocrx_word' id='word_1_185' title='bbox 566 1915 618 1947; x_wconf 88' lang='lat' dir='ltr'><strong>hie</strong></span> <span class='ocrx_word' id='word_1_186' title='bbox 648 1920 713 1946; x_wconf 84' lang='lat' dir='ltr'><strong>est:</strong></span> 
     </span>
    </p>

    <p class='ocr_par' dir='ltr' id='par_1_13' title="bbox 153 1975 1056 2022">
     <span class='ocr_line' id='line_1_29' title="bbox 153 1975 1056 2022; baseline 0.001 -16"><span class='ocrx_word' id='word_1_187' title='bbox 153 1976 243 2008; x_wconf 74' lang='lat' dir='ltr'><strong>»Nec</strong></span> <span class='ocrx_word' id='word_1_188' title='bbox 262 1988 312 2008; x_wconf 81' lang='lat' dir='ltr'><strong>me</strong></span> <span class='ocrx_word' id='word_1_189' title='bbox 335 1977 438 2008; x_wconf 83' lang='lat' dir='ltr'><strong>animi</strong></span> <span class='ocrx_word' id='word_1_190' title='bbox 450 1975 555 2020; x_wconf 78' lang='lat' dir='ltr'><strong>fallit,</strong></span> <span class='ocrx_word' id='word_1_191' title='bbox 582 1976 758 2020; x_wconf 82' lang='lat' dir='ltr'><strong>Grajorum</strong></span> <span class='ocrx_word' id='word_1_192' title='bbox 775 1977 910 2009; x_wconf 79' lang='lat' dir='ltr'><strong>obscura</strong></span> <span class='ocrx_word' id='word_1_193' title='bbox 927 1981 1056 2022; x_wconf 79' lang='lat' dir='ltr'><strong>reperta</strong></span> 
     </span>
    </p>

    <p class='ocr_par' dir='ltr' id='par_1_14' title="bbox 145 2037 1054 2148">
     <span class='ocr_line' id='line_1_30' title="bbox 145 2037 906 2080; baseline 0 -10"><span class='ocrx_word' id='word_1_194' title='bbox 145 2037 283 2080; x_wconf 66' lang='lat' dir='ltr'><strong>Difficile</strong></span> <span class='ocrx_word' id='word_1_195' title='bbox 310 2038 475 2069; x_wconf 77' lang='lat' dir='ltr'><strong>illustrare</strong></span> <span class='ocrx_word' id='word_1_196' title='bbox 496 2038 625 2070; x_wconf 70' lang='lat' dir='ltr'><strong>Latinis</strong></span> <span class='ocrx_word' id='word_1_197' title='bbox 646 2039 792 2070; x_wconf 79' lang='lat' dir='ltr'><strong>versibus</strong></span> <span class='ocrx_word' id='word_1_198' title='bbox 815 2050 906 2078; x_wconf 82' lang='lat' dir='ltr'><strong>esse,</strong></span> 
     </span>
     <span class='ocr_line' id='line_1_31' title="bbox 145 2098 1054 2148; baseline -0.001 -16"><span class='ocrx_word' id='word_1_199' title='bbox 145 2098 253 2132; x_wconf 79' lang='lat' dir='ltr'><strong>Multa</strong></span> <span class='ocrx_word' id='word_1_200' title='bbox 270 2102 362 2132; x_wconf 78' lang='lat' dir='ltr'><strong>nouis</strong></span> <span class='ocrx_word' id='word_1_201' title='bbox 379 2100 483 2132; x_wconf 77' lang='lat' dir='ltr'><strong>verbis</strong></span> <span class='ocrx_word' id='word_1_202' title='bbox 495 2101 686 2143; x_wconf 77' lang='lat' dir='ltr'><strong>praesertim</strong></span> <span class='ocrx_word' id='word_1_203' title='bbox 702 2113 801 2148; x_wconf 80' lang='lat' dir='ltr'><strong>quum</strong></span> <span class='ocrx_word' id='word_1_204' title='bbox 817 2102 860 2132; x_wconf 81' lang='lat' dir='ltr'><strong>sit</strong></span> <span class='ocrx_word' id='word_1_205' title='bbox 880 2099 1054 2144; x_wconf 74' lang='lat' dir='ltr'><strong>aqendum,</strong></span> 
     </span>
    </p>

    <p class='ocr_par' dir='ltr' id='par_1_15' title="bbox 97 2161 1052 2333">
     <span class='ocr_line' id='line_1_32' title="bbox 148 2161 1045 2206; baseline 0 -14"><span class='ocrx_word' id='word_1_206' title='bbox 148 2161 285 2205; x_wconf 81' lang='lat' dir='ltr'><strong>Propter</strong></span> <span class='ocrx_word' id='word_1_207' title='bbox 308 2167 481 2206; x_wconf 76' lang='lat' dir='ltr'><strong>eqestatem</strong></span> <span class='ocrx_word' id='word_1_208' title='bbox 503 2162 634 2206; x_wconf 69' lang='lat' dir='ltr'><strong>linquae</strong></span> <span class='ocrx_word' id='word_1_209' title='bbox 657 2168 690 2195; x_wconf 80' lang='lat' dir='ltr'><strong>et</strong></span> <span class='ocrx_word' id='word_1_210' title='bbox 711 2175 821 2195; x_wconf 81' lang='lat' dir='ltr'><strong>rerum</strong></span> <span class='ocrx_word' id='word_1_211' title='bbox 840 2164 1045 2196; x_wconf 70' lang='lat' dir='ltr'><strong>novitate211.0</strong></span> 
     </span>
     <span class='ocr_line' id='line_1_33' title="bbox 97 2223 1052 2272; baseline 0.005 -17"><span class='ocrx_word' id='word_1_212' title='bbox 97 2223 248 2257; x_wconf 75' lang='lat' dir='ltr'><strong>Manilius</strong></span> <span class='ocrx_word' id='word_1_213' title='bbox 279 2237 406 2270; x_wconf 88' lang='lat' dir='ltr'><strong>quoque</strong></span> <span class='ocrx_word' id='word_1_214' title='bbox 433 2225 539 2257; x_wconf 90' lang='lat' dir='ltr'><strong>minus</strong></span> <span class='ocrx_word' id='word_1_215' title='bbox 570 2226 688 2259; x_wconf 83' lang='lat' dir='ltr'><strong>Latine</strong></span> <span class='ocrx_word' id='word_1_216' title='bbox 714 2238 733 2259; x_wconf 73' lang='lat' dir='ltr'><strong>a</strong></span> <span class='ocrx_word' id='word_1_217' title='bbox 766 2237 802 2260; x_wconf 85' lang='lat' dir='ltr'><strong>se</strong></span> <span class='ocrx_word' id='word_1_218' title='bbox 826 2226 944 2272; x_wconf 82' lang='lat' dir='ltr'><strong>scripta</strong></span> <span class='ocrx_word' id='word_1_219' title='bbox 964 2226 1052 2260; x_wconf 81' lang='lat' dir='ltr'><strong>hisee</strong></span> 
     </span>
     <span class='ocr_line' id='line_1_34' title="bbox 98 2288 576 2333; baseline 0.002 -14"><span class='ocrx_word' id='word_1_220' title='bbox 98 2288 242 2320; x_wconf 68' lang='lat' dir='ltr'><strong>versibus</strong></span> <span class='ocrx_word' id='word_1_221' title='bbox 261 2289 314 2333; x_wconf 81' lang='lat'><strong>(5,</strong></span> <span class='ocrx_word' id='word_1_222' title='bbox 338 2289 401 2333; x_wconf 84' lang='grc'>40)</span> <span class='ocrx_word' id='word_1_223' title='bbox 425 2296 576 2322; x_wconf 78' lang='lat' dir='ltr'><strong>excusat:</strong></span> 
     </span>
    </p>

    <p class='ocr_par' dir='ltr' id='par_1_16' title="bbox 155 2352 1002 2399">
     <span class='ocr_line' id='line_1_35' title="bbox 155 2352 1002 2399; baseline 0.004 -16"><span class='ocrx_word' id='word_1_224' title='bbox 155 2352 217 2384; x_wconf 66' lang='lat' dir='ltr'><strong>»Et</strong></span> <span class='ocrx_word' id='word_1_225' title='bbox 236 2354 266 2384; x_wconf 84' lang='lat' dir='ltr'><strong>si</strong></span> <span class='ocrx_word' id='word_1_226' title='bbox 291 2365 356 2399; x_wconf 85' lang='lat' dir='ltr'><strong>qua</strong></span> <span class='ocrx_word' id='word_1_227' title='bbox 378 2359 515 2385; x_wconf 75' lang='lat' dir='ltr'><strong>externa</strong></span> <span class='ocrx_word' id='word_1_228' title='bbox 536 2354 720 2398; x_wconf 71' lang='lat' dir='ltr'><strong>referentur</strong></span> <span class='ocrx_word' id='word_1_229' title='bbox 736 2355 867 2386; x_wconf 73' lang='lat' dir='ltr'><strong>nomina</strong></span> <span class='ocrx_word' id='word_1_230' title='bbox 889 2354 1002 2399; x_wconf 71' lang='lat' dir='ltr'><strong>linqua</strong></span> 
     </span>
    </p>

    <p class='ocr_par' dir='ltr' id='par_1_17' title="bbox 146 2415 1016 2464">
     <span class='ocr_line' id='line_1_36' title="bbox 146 2415 1016 2464; baseline 0.006 -18"><span class='ocrx_word' id='word_1_231' title='bbox 146 2415 220 2447; x_wconf 85' lang='lat' dir='ltr'><strong>Hoc</strong></span> <span class='ocrx_word' id='word_1_232' title='bbox 247 2417 370 2458; x_wconf 81' lang='lat' dir='ltr'><strong>operis,</strong></span> <span class='ocrx_word' id='word_1_233' title='bbox 399 2428 465 2448; x_wconf 77' lang='lat' dir='ltr'><strong>non</strong></span> <span class='ocrx_word' id='word_1_234' title='bbox 486 2419 589 2457; x_wconf 72' lang='lat' dir='ltr'><strong>vatis,</strong></span> <span class='ocrx_word' id='word_1_235' title='bbox 616 2420 697 2450; x_wconf 80' lang='lat' dir='ltr'><strong>erit.-</strong></span> <span class='ocrx_word' id='word_1_236' title='bbox 719 2431 785 2451; x_wconf 83' lang='grc' dir='ltr'><strong>ηοη</strong></span> <span class='ocrx_word' id='word_1_237' title='bbox 803 2420 909 2450; x_wconf 77' lang='lat' dir='ltr'><strong>omnia</strong></span> <span class='ocrx_word' id='word_1_238' title='bbox 925 2420 1016 2464; x_wconf 78' lang='lat' dir='ltr'><strong>flecti</strong></span> 
     </span>
    </p>

    <p class='ocr_par' dir='ltr' id='par_1_18' title="bbox 97 2476 1049 2587">
     <span class='ocr_line' id='line_1_37' title="bbox 147 2476 1042 2521; baseline 0.007 -14"><span class='ocrx_word' id='word_1_239' title='bbox 147 2476 315 2515; x_wconf 79' lang='lat' dir='ltr'><strong>Possunt,</strong></span> <span class='ocrx_word' id='word_1_240' title='bbox 342 2482 374 2509; x_wconf 77' lang='lat' dir='ltr'><strong>et</strong></span> <span class='ocrx_word' id='word_1_241' title='bbox 397 2479 527 2521; x_wconf 79' lang='lat' dir='ltr'><strong>propria</strong></span> <span class='ocrx_word' id='word_1_242' title='bbox 547 2479 659 2511; x_wconf 82' lang='lat' dir='ltr'><strong>melius</strong></span> <span class='ocrx_word' id='word_1_243' title='bbox 682 2481 740 2512; x_wconf 79' lang='lat' dir='ltr'><strong>sub</strong></span> <span class='ocrx_word' id='word_1_244' title='bbox 761 2493 838 2513; x_wconf 83' lang='lat' dir='ltr'><strong>voce</strong></span> <span class='ocrx_word' id='word_1_245' title='bbox 861 2487 1042 2513; x_wconf 71' lang='lat' dir='ltr'><strong>notantur.-</strong></span> 
     </span>
     <span class='ocr_line' id='line_1_38' title="bbox 97 2536 1049 2587; baseline 0.005 -17"><span class='ocrx_word' id='word_1_246' title='bbox 97 2536 184 2570; x_wconf 77' lang='lat' dir='ltr'><strong>Hine</strong></span> <span class='ocrx_word' id='word_1_247' title='bbox 215 2537 309 2569; x_wconf 89' lang='lat' dir='ltr'><strong>etiam</strong></span> <span class='ocrx_word' id='word_1_248' title='bbox 347 2543 416 2579; x_wconf 84' lang='lat' dir='ltr'><strong>est,</strong></span> <span class='ocrx_word' id='word_1_249' title='bbox 453 2539 540 2582; x_wconf 84' lang='lat' dir='ltr'><strong>quod</strong></span> <span class='ocrx_word' id='word_1_250' title='bbox 573 2545 683 2572; x_wconf 84' lang='lat' dir='ltr'><strong>noster</strong></span> <span class='ocrx_word' id='word_1_251' title='bbox 717 2541 798 2574; x_wconf 76' lang='lat' dir='ltr'><strong>infra</strong></span> <span class='ocrx_word' id='word_1_252' title='bbox 839 2542 890 2587; x_wconf 65' lang='grc' dir='ltr'><strong>(ἓ.</strong></span> <span class='ocrx_word' id='word_1_253' title='bbox 913 2544 987 2575; x_wconf 80' lang='grc'><strong>559</strong></span> <span class='ocrx_word' id='word_1_254' title='bbox 1015 2541 1049 2584; x_wconf 83' lang='lat' dir='ltr'><strong>f.)</strong></span> 
     </span>
    </p>
   </div>
   <div class='ocr_carea' id='block_1_11' title="bbox 98 2599 1048 2649">
    <p class='ocr_par' dir='ltr' id='par_1_19' title="bbox 98 2599 1048 2649">
     <span class='ocr_line' id='line_1_39' title="bbox 98 2599 1048 2649; baseline 0.007 -18"><span class='ocrx_word' id='word_1_255' title='bbox 98 2599 304 2636; x_wconf 82' lang='lat' dir='ltr'><strong>Dialecticam</strong></span> <span class='ocrx_word' id='word_1_256' title='bbox 328 2599 389 2632; x_wconf 88' lang='lat' dir='ltr'><strong>diis</strong></span> <span class='ocrx_word' id='word_1_257' title='bbox 418 2599 522 2633; x_wconf 86' lang='lat' dir='ltr'><strong>dicere</strong></span> <span class='ocrx_word' id='word_1_258' title='bbox 554 2600 661 2644; x_wconf 68' lang='lat' dir='ltr'><strong>fingit:</strong></span> <span class='ocrx_word' id='word_1_259' title='bbox 691 2601 832 2636; x_wconf 62' lang='lat' dir='ltr'><strong>„debetis</strong></span> <span class='ocrx_word' id='word_1_260' title='bbox 855 2604 973 2649; x_wconf 81' lang='lat' dir='ltr'><strong>quippe</strong></span> <span class='ocrx_word' id='word_1_261' title='bbox 1002 2604 1048 2636; x_wconf 55' lang='lat' dir='ltr'><strong>in*</strong></span> 
     </span>
    </p>
   </div>
   <div class='ocr_carea' id='block_1_12' title="bbox 1100 786 2075 2586">
    <p class='ocr_par' dir='ltr' id='par_1_20' title="bbox 1110 786 2071 895">
     <span class='ocr_line' id='line_1_40' title="bbox 1110 786 2071 834; baseline 0.006 -15"><span class='ocrx_word' id='word_1_262' title='bbox 1110 786 1280 820; x_wconf 83' lang='lat' dir='ltr'><strong>solentiam</strong></span> <span class='ocrx_word' id='word_1_263' title='bbox 1298 788 1439 833; x_wconf 83' lang='lat' dir='ltr'><strong>perferre</strong></span> <span class='ocrx_word' id='word_1_264' title='bbox 1461 789 1637 831; x_wconf 82' lang='lat' dir='ltr'><strong>sermonis,</strong></span> <span class='ocrx_word' id='word_1_265' title='bbox 1660 790 1715 834; x_wconf 85' lang='lat' dir='ltr'><strong>qui</strong></span> <span class='ocrx_word' id='word_1_266' title='bbox 1739 790 1873 833; x_wconf 84' lang='lat' dir='ltr'><strong>Grajam</strong></span> <span class='ocrx_word' id='word_1_267' title='bbox 1896 791 2071 825; x_wconf 78' lang='lat' dir='ltr'><strong>dissertare</strong></span> 
     </span>
     <span class='ocr_line' id='line_1_41' title="bbox 1112 849 1534 895; baseline -0.007 -13"><span class='ocrx_word' id='word_1_268' title='bbox 1112 849 1280 882; x_wconf 81' lang='lat' dir='ltr'><strong>Latialiter</strong></span> <span class='ocrx_word' id='word_1_269' title='bbox 1304 850 1534 895; x_wconf 67' lang='lat' dir='ltr'><strong>compulistis«</strong></span> 
     </span>
    </p>

    <p class='ocr_par' dir='ltr' id='par_1_21' title="bbox 1112 910 2073 1017">
     <span class='ocr_line' id='line_1_42' title="bbox 1182 910 2073 959; baseline 0.006 -18"><span class='ocrx_word' id='word_1_270' title='bbox 1182 910 1366 957; x_wconf 78' lang='lat' dir='ltr'><strong>praecepit]</strong></span> <span class='ocrx_word' id='word_1_271' title='bbox 1404 911 1461 945; x_wconf 84' lang='lat' dir='ltr'><strong>Sic</strong></span> <span class='ocrx_word' id='word_1_272' title='bbox 1497 912 1625 945; x_wconf 84' lang='lat' dir='ltr'><strong>codices</strong></span> <span class='ocrx_word' id='word_1_273' title='bbox 1646 913 1861 946; x_wconf 80' lang='lat' dir='ltr'><strong>Monacenses</strong></span> <span class='ocrx_word' id='word_1_274' title='bbox 1893 914 1945 958; x_wconf 89' lang='lat' dir='ltr'><strong>(C.</strong></span> <span class='ocrx_word' id='word_1_275' title='bbox 1971 914 2014 959; x_wconf 82' lang='lat' dir='ltr'><strong>F)</strong></span> <span class='ocrx_word' id='word_1_276' title='bbox 2040 919 2073 948; x_wconf 84' lang='lat' dir='ltr'><strong>et</strong></span> 
     </span>
     <span class='ocr_line' id='line_1_43' title="bbox 1112 971 1865 1017; baseline 0.004 -13"><span class='ocrx_word' id='word_1_277' title='bbox 1112 971 1378 1004; x_wconf 59' lang='lat' dir='ltr'><strong>Damnst-attonsis</strong></span> <span class='ocrx_word' id='word_1_278' title='bbox 1398 979 1486 1006; x_wconf 83' lang='lat' dir='ltr'><strong>recte</strong></span> <span class='ocrx_word' id='word_1_279' title='bbox 1511 985 1570 1017; x_wconf 82' lang='lat' dir='ltr'><strong>pro</strong></span> <span class='ocrx_word' id='word_1_280' title='bbox 1593 976 1673 1017; x_wconf 78' lang='lat' dir='ltr'><strong>cepit</strong></span> <span class='ocrx_word' id='word_1_281' title='bbox 1698 974 1731 1006; x_wconf 90' lang='lat' dir='ltr'><strong>in</strong></span> <span class='ocrx_word' id='word_1_282' title='bbox 1761 975 1865 1007; x_wconf 80' lang='lat' dir='ltr'><strong>editis.</strong></span> 
     </span>
    </p>

    <p class='ocr_par' dir='ltr' id='par_1_22' title="bbox 1110 1035 2074 1269">
     <span class='ocr_line' id='line_1_44' title="bbox 1183 1035 2074 1083; baseline 0.004 -16"><span class='ocrx_word' id='word_1_283' title='bbox 1183 1035 1423 1083; x_wconf 76' lang='lat' dir='ltr'><strong>reslricln&#39;sque]</strong></span> <span class='ocrx_word' id='word_1_284' title='bbox 1449 1037 1588 1069; x_wconf 68' lang='lat' dir='ltr'><strong>varians</strong></span> <span class='ocrx_word' id='word_1_285' title='bbox 1611 1038 1651 1069; x_wconf 82' lang='lat' dir='ltr'><strong>ad</strong></span> <span class='ocrx_word' id='word_1_286' title='bbox 1677 1038 1852 1080; x_wconf 85' lang='lat' dir='ltr'><strong>marginem</strong></span> <span class='ocrx_word' id='word_1_287' title='bbox 1873 1038 1970 1071; x_wconf 86' lang='lat' dir='ltr'><strong>lectio</strong></span> <span class='ocrx_word' id='word_1_288' title='bbox 1986 1040 2074 1083; x_wconf 82' lang='lat' dir='ltr'><strong>apud</strong></span> 
     </span>
     <span class='ocr_line' id='line_1_45' title="bbox 1112 1098 2073 1148; baseline 0.003 -17"><span class='ocrx_word' id='word_1_289' title='bbox 1112 1098 1263 1131; x_wconf 78' lang='lat' dir='ltr'><strong>Grotiuin</strong></span> <span class='ocrx_word' id='word_1_290' title='bbox 1286 1102 1528 1148; x_wconf 79' lang='lat' dir='ltr'><strong>restinctisque,</strong></span> <span class='ocrx_word' id='word_1_291' title='bbox 1560 1101 1695 1133; x_wconf 89' lang='lat' dir='ltr'><strong>solemni</strong></span> <span class='ocrx_word' id='word_1_292' title='bbox 1715 1103 1924 1143; x_wconf 80' lang='lat' dir='ltr'><strong>confusione,</strong></span> <span class='ocrx_word' id='word_1_293' title='bbox 1947 1102 1987 1134; x_wconf 87' lang='lat' dir='ltr'><strong>de</strong></span> <span class='ocrx_word' id='word_1_294' title='bbox 2010 1114 2073 1146; x_wconf 85' lang='lat' dir='ltr'><strong>qua</strong></span> 
     </span>
     <span class='ocr_line' id='line_1_46' title="bbox 1110 1162 2074 1208; baseline 0.005 -15"><span class='ocrx_word' id='word_1_295' title='bbox 1110 1162 1183 1194; x_wconf 68' lang='lat' dir='ltr'><strong>vide</strong></span> <span class='ocrx_word' id='word_1_296' title='bbox 1213 1174 1295 1206; x_wconf 85' lang='lat' dir='ltr'><strong>quos</strong></span> <span class='ocrx_word' id='word_1_297' title='bbox 1324 1163 1434 1196; x_wconf 87' lang='lat' dir='ltr'><strong>laudat</strong></span> <span class='ocrx_word' id='word_1_298' title='bbox 1461 1164 1560 1197; x_wconf 88' lang='lat' dir='ltr'><strong>Giese</strong></span> <span class='ocrx_word' id='word_1_299' title='bbox 1595 1164 1656 1208; x_wconf 79' lang='lat' dir='ltr'><strong>(ad</strong></span> <span class='ocrx_word' id='word_1_300' title='bbox 1686 1164 1754 1198; x_wconf 89' lang='lat' dir='ltr'><strong>Cic.</strong></span> <span class='ocrx_word' id='word_1_301' title='bbox 1779 1165 1818 1199; x_wconf 88' lang='lat' dir='ltr'><strong>de</strong></span> <span class='ocrx_word' id='word_1_302' title='bbox 1851 1165 1914 1197; x_wconf 78' lang='lat' dir='ltr'><strong>div.</strong></span> <span class='ocrx_word' id='word_1_303' title='bbox 1936 1167 1973 1207; x_wconf 84' lang='lat'><strong>1,</strong></span> <span class='ocrx_word' id='word_1_304' title='bbox 2004 1166 2074 1206; x_wconf 76' lang='lat'><strong>293</strong></span> 
     </span>
     <span class='ocr_line' id='line_1_47' title="bbox 1111 1224 1258 1269; baseline 0.007 -14"><span class='ocrx_word' id='word_1_305' title='bbox 1111 1236 1142 1269; x_wconf 87' lang='lat' dir='ltr'><strong>p.</strong></span> <span class='ocrx_word' id='word_1_306' title='bbox 1163 1224 1258 1268; x_wconf 88' lang='grc'>107).</span> 
     </span>
    </p>

    <p class='ocr_par' dir='ltr' id='par_1_23' title="bbox 1104 1285 2075 2080">
     <span class='ocr_line' id='line_1_48' title="bbox 1188 1285 2074 1333; baseline 0.005 -14"><span class='ocrx_word' id='word_1_307' title='bbox 1188 1285 1362 1333; x_wconf 76' lang='lat' dir='ltr'><strong>Varronis]</strong></span> <span class='ocrx_word' id='word_1_308' title='bbox 1389 1287 1508 1321; x_wconf 84' lang='lat' dir='ltr'><strong>Nescio</strong></span> <span class='ocrx_word' id='word_1_309' title='bbox 1534 1289 1611 1333; x_wconf 89' lang='lat' dir='ltr'><strong>quid</strong></span> <span class='ocrx_word' id='word_1_310' title='bbox 1628 1289 1662 1321; x_wconf 89' lang='lat' dir='ltr'><strong>in</strong></span> <span class='ocrx_word' id='word_1_311' title='bbox 1683 1295 1823 1322; x_wconf 89' lang='lat' dir='ltr'><strong>mentem</strong></span> <span class='ocrx_word' id='word_1_312' title='bbox 1845 1291 1968 1322; x_wconf 77' lang='lat' dir='ltr'><strong>venerit</strong></span> <span class='ocrx_word' id='word_1_313' title='bbox 1994 1292 2074 1324; x_wconf 87' lang='lat' dir='ltr'><strong>haee</strong></span> 
     </span>
     <span class='ocr_line' id='line_1_49' title="bbox 1111 1349 2072 1395; baseline 0.007 -16"><span class='ocrx_word' id='word_1_314' title='bbox 1111 1349 1263 1381; x_wconf 82' lang='lat' dir='ltr'><strong>scribenti</strong></span> <span class='ocrx_word' id='word_1_315' title='bbox 1282 1350 1453 1383; x_wconf 83' lang='lat' dir='ltr'><strong>Martiano.</strong></span> <span class='ocrx_word' id='word_1_316' title='bbox 1488 1351 1544 1384; x_wconf 82' lang='lat' dir='ltr'><strong>An</strong></span> <span class='ocrx_word' id='word_1_317' title='bbox 1563 1352 1683 1384; x_wconf 87' lang='lat' dir='ltr'><strong>oblitus</strong></span> <span class='ocrx_word' id='word_1_318' title='bbox 1708 1359 1776 1385; x_wconf 89' lang='lat' dir='ltr'><strong>tum</strong></span> <span class='ocrx_word' id='word_1_319' title='bbox 1800 1359 1868 1385; x_wconf 85' lang='lat' dir='ltr'><strong>erat</strong></span> <span class='ocrx_word' id='word_1_320' title='bbox 1889 1353 2072 1395; x_wconf 80' lang='lat' dir='ltr'><strong>Ciceronis,</strong></span> 
     </span>
     <span class='ocr_line' id='line_1_50' title="bbox 1109 1411 2072 1455; baseline 0.005 -11"><span class='ocrx_word' id='word_1_321' title='bbox 1109 1411 1283 1455; x_wconf 86' lang='lat' dir='ltr'><strong>Appuleji,</strong></span> <span class='ocrx_word' id='word_1_322' title='bbox 1315 1412 1507 1455; x_wconf 80' lang='lat' dir='ltr'><strong>Augustini,</strong></span> <span class='ocrx_word' id='word_1_323' title='bbox 1540 1421 1572 1446; x_wconf 89' lang='lat' dir='ltr'><strong>et</strong></span> <span class='ocrx_word' id='word_1_324' title='bbox 1602 1421 1827 1448; x_wconf 79' lang='lat' dir='ltr'><strong>sexcentorum</strong></span> <span class='ocrx_word' id='word_1_325' title='bbox 1849 1417 1983 1449; x_wconf 84' lang='lat' dir='ltr'><strong>aliorum</strong></span> <span class='ocrx_word' id='word_1_326' title='bbox 2006 1418 2072 1449; x_wconf 84' lang='lat' dir='ltr'><strong>dia·</strong></span> 
     </span>
     <span class='ocr_line' id='line_1_51' title="bbox 1109 1473 2072 1523; baseline 0.007 -17"><span class='ocrx_word' id='word_1_327' title='bbox 1109 1473 1319 1507; x_wconf 71' lang='lat' dir='ltr'><strong>lecticorum?</strong></span> <span class='ocrx_word' id='word_1_328' title='bbox 1342 1476 1468 1508; x_wconf 54' lang='lat' dir='ltr'><strong>Bam-n.</strong></span> <span class='ocrx_word' id='word_1_329' title='bbox 1491 1477 1629 1520; x_wconf 73' lang='lat' dir='ltr'><strong>(advers.</strong></span> <span class='ocrx_word' id='word_1_330' title='bbox 1657 1491 1689 1522; x_wconf 87' lang='lat' dir='ltr'><strong>p.</strong></span> <span class='ocrx_word' id='word_1_331' title='bbox 1710 1479 1832 1523; x_wconf 80' lang='lat'><strong>1608).</strong></span> <span class='ocrx_word' id='word_1_332' title='bbox 1847 1497 1896 1503; x_wconf 84' lang='lat'><em>—</em></span> <span class='ocrx_word' id='word_1_333' title='bbox 1927 1479 1995 1512; x_wconf 89' lang='lat' dir='ltr'><strong>Sed</strong></span> <span class='ocrx_word' id='word_1_334' title='bbox 2017 1481 2072 1513; x_wconf 87' lang='lat' dir='ltr'><strong>Ci-</strong></span> 
     </span>
     <span class='ocr_line' id='line_1_52' title="bbox 1109 1539 2073 1584; baseline 0.005 -14"><span class='ocrx_word' id='word_1_335' title='bbox 1109 1551 1183 1571; x_wconf 90' lang='lat' dir='ltr'><strong>cero</strong></span> <span class='ocrx_word' id='word_1_336' title='bbox 1208 1539 1279 1583; x_wconf 92' lang='lat' dir='ltr'><strong>ipse</strong></span> <span class='ocrx_word' id='word_1_337' title='bbox 1307 1539 1409 1583; x_wconf 88' lang='lat' dir='ltr'><strong>(acad.</strong></span> <span class='ocrx_word' id='word_1_338' title='bbox 1433 1541 1472 1580; x_wconf 85' lang='lat'><strong>1,</strong></span> <span class='ocrx_word' id='word_1_339' title='bbox 1496 1542 1520 1572; x_wconf 87' lang='grc'><strong>5</strong></span> <span class='ocrx_word' id='word_1_340' title='bbox 1543 1546 1575 1572; x_wconf 87' lang='lat' dir='ltr'><strong>et</strong></span> <span class='ocrx_word' id='word_1_341' title='bbox 1595 1540 1638 1584; x_wconf 79' lang='lat'><strong>5)</strong></span> <span class='ocrx_word' id='word_1_342' title='bbox 1667 1543 1852 1583; x_wconf 80' lang='lat' dir='ltr'><strong>confitetur,</strong></span> <span class='ocrx_word' id='word_1_343' title='bbox 1889 1543 2073 1576; x_wconf 87' lang='lat' dir='ltr'><strong>Varronem</strong></span> 
     </span>
     <span class='ocr_line' id='line_1_53' title="bbox 1108 1601 2075 1647; baseline 0.006 -16"><span class='ocrx_word' id='word_1_344' title='bbox 1108 1601 1245 1645; x_wconf 85' lang='lat' dir='ltr'><strong>primum</strong></span> <span class='ocrx_word' id='word_1_345' title='bbox 1263 1601 1375 1641; x_wconf 85' lang='lat' dir='ltr'><strong>fuisse,</strong></span> <span class='ocrx_word' id='word_1_346' title='bbox 1399 1601 1450 1633; x_wconf 87' lang='lat' dir='ltr'><strong>cui</strong></span> <span class='ocrx_word' id='word_1_347' title='bbox 1470 1602 1655 1641; x_wconf 79' lang='lat' dir='ltr'><strong>debeamus,</strong></span> <span class='ocrx_word' id='word_1_348' title='bbox 1674 1608 1709 1634; x_wconf 87' lang='lat' dir='ltr'><strong>nt</strong></span> <span class='ocrx_word' id='word_1_349' title='bbox 1728 1603 1852 1635; x_wconf 86' lang='lat' dir='ltr'><strong>Graeca</strong></span> <span class='ocrx_word' id='word_1_350' title='bbox 1869 1604 1984 1636; x_wconf 85' lang='lat' dir='ltr'><strong>Latine</strong></span> <span class='ocrx_word' id='word_1_351' title='bbox 2005 1604 2075 1647; x_wconf 79' lang='lat' dir='ltr'><strong>legi</strong></span> 
     </span>
     <span class='ocr_line' id='line_1_54' title="bbox 1107 1660 2071 1709; baseline 0.006 -18"><span class='ocrx_word' id='word_1_352' title='bbox 1107 1661 1242 1705; x_wconf 86' lang='lat' dir='ltr'><strong>possint.</strong></span> <span class='ocrx_word' id='word_1_353' title='bbox 1268 1661 1423 1705; x_wconf 85' lang='lat' dir='ltr'><strong>Idemque</strong></span> <span class='ocrx_word' id='word_1_354' title='bbox 1435 1660 1640 1704; x_wconf 78' lang='lat' dir='ltr'><strong>Augustinus</strong></span> <span class='ocrx_word' id='word_1_355' title='bbox 1664 1663 1735 1706; x_wconf 77' lang='lat' dir='ltr'><strong>(civ.</strong></span> <span class='ocrx_word' id='word_1_356' title='bbox 1753 1664 1804 1694; x_wconf 89' lang='lat' dir='ltr'><strong>dei</strong></span> <span class='ocrx_word' id='word_1_357' title='bbox 1822 1666 1861 1704; x_wconf 80' lang='lat'><strong>6,</strong></span> <span class='ocrx_word' id='word_1_358' title='bbox 1889 1664 1925 1707; x_wconf 86' lang='grc'>2)</span> <span class='ocrx_word' id='word_1_359' title='bbox 1943 1666 2071 1709; x_wconf 81' lang='lat' dir='ltr'><strong>repetit,</strong></span> 
     </span>
     <span class='ocr_line' id='line_1_55' title="bbox 1108 1724 2070 1770; baseline 0.005 -14"><span class='ocrx_word' id='word_1_360' title='bbox 1108 1735 1168 1758; x_wconf 84' lang='lat' dir='ltr'><strong>nec</strong></span> <span class='ocrx_word' id='word_1_361' title='bbox 1199 1725 1304 1756; x_wconf 88' lang='lat' dir='ltr'><strong>minus</strong></span> <span class='ocrx_word' id='word_1_362' title='bbox 1333 1724 1518 1769; x_wconf 82' lang='lat' dir='ltr'><strong>Appulejus</strong></span> <span class='ocrx_word' id='word_1_363' title='bbox 1546 1726 1649 1770; x_wconf 85' lang='lat' dir='ltr'><strong>(apol.</strong></span> <span class='ocrx_word' id='word_1_364' title='bbox 1672 1738 1703 1770; x_wconf 90' lang='lat' dir='ltr'><strong>p.</strong></span> <span class='ocrx_word' id='word_1_365' title='bbox 1724 1727 1798 1759; x_wconf 76' lang='lat'><strong>496</strong></span> <span class='ocrx_word' id='word_1_366' title='bbox 1821 1727 1927 1769; x_wconf 86' lang='lat' dir='ltr'><strong>Oud.)</strong></span> <span class='ocrx_word' id='word_1_367' title='bbox 1950 1729 2070 1762; x_wconf 80' lang='lat' dir='ltr'><strong>Varro-</strong></span> 
     </span>
     <span class='ocr_line' id='line_1_56' title="bbox 1106 1786 2070 1832; baseline 0.005 -14"><span class='ocrx_word' id='word_1_368' title='bbox 1106 1797 1180 1818; x_wconf 90' lang='lat' dir='ltr'><strong>nem</strong></span> <span class='ocrx_word' id='word_1_369' title='bbox 1206 1786 1325 1818; x_wconf 86' lang='lat' dir='ltr'><strong>laudat.</strong></span> <span class='ocrx_word' id='word_1_370' title='bbox 1351 1787 1454 1819; x_wconf 88' lang='lat' dir='ltr'><strong>Recte</strong></span> <span class='ocrx_word' id='word_1_371' title='bbox 1478 1787 1575 1829; x_wconf 82' lang='lat' dir='ltr'><strong>igitur</strong></span> <span class='ocrx_word' id='word_1_372' title='bbox 1597 1793 1710 1820; x_wconf 88' lang='lat' dir='ltr'><strong>noster</strong></span> <span class='ocrx_word' id='word_1_373' title='bbox 1730 1789 1814 1821; x_wconf 83' lang='lat' dir='ltr'><strong>hunc</strong></span> <span class='ocrx_word' id='word_1_374' title='bbox 1839 1790 1932 1832; x_wconf 84' lang='lat' dir='ltr'><strong>quasi</strong></span> <span class='ocrx_word' id='word_1_375' title='bbox 1952 1790 2070 1823; x_wconf 84' lang='lat' dir='ltr'><strong>Latine</strong></span> 
     </span>
     <span class='ocr_line' id='line_1_57' title="bbox 1104 1847 2070 1892; baseline 0.006 -13"><span class='ocrx_word' id='word_1_376' title='bbox 1104 1847 1260 1892; x_wconf 84' lang='lat' dir='ltr'><strong>loquendi</strong></span> <span class='ocrx_word' id='word_1_377' title='bbox 1279 1854 1441 1880; x_wconf 79' lang='lat' dir='ltr'><strong>auctorem</strong></span> <span class='ocrx_word' id='word_1_378' title='bbox 1457 1847 1606 1880; x_wconf 83' lang='lat' dir='ltr'><strong>laudibus</strong></span> <span class='ocrx_word' id='word_1_379' title='bbox 1628 1850 1764 1881; x_wconf 77' lang='lat' dir='ltr'><strong>extollit.</strong></span> <span class='ocrx_word' id='word_1_380' title='bbox 1788 1850 1915 1883; x_wconf 81' lang='lat' dir='ltr'><strong>Pariter</strong></span> <span class='ocrx_word' id='word_1_381' title='bbox 1937 1851 2070 1884; x_wconf 89' lang='lat' dir='ltr'><strong>Cassio-</strong></span> 
     </span>
     <span class='ocr_line' id='line_1_58' title="bbox 1106 1908 2068 1956; baseline 0.006 -15"><span class='ocrx_word' id='word_1_382' title='bbox 1106 1908 1204 1941; x_wconf 90' lang='lat' dir='ltr'><strong>dorus</strong></span> <span class='ocrx_word' id='word_1_383' title='bbox 1224 1909 1279 1954; x_wconf 87' lang='lat' dir='ltr'><strong>(de</strong></span> <span class='ocrx_word' id='word_1_384' title='bbox 1303 1910 1395 1942; x_wconf 87' lang='lat' dir='ltr'><strong>artib.</strong></span> <span class='ocrx_word' id='word_1_385' title='bbox 1418 1911 1458 1951; x_wconf 74' lang='lat'><strong>55</strong></span> <span class='ocrx_word' id='word_1_386' title='bbox 1483 1922 1514 1954; x_wconf 86' lang='lat' dir='ltr'><strong>p.</strong></span> <span class='ocrx_word' id='word_1_387' title='bbox 1536 1911 1608 1943; x_wconf 81' lang='lat'><strong>556</strong></span> <span class='ocrx_word' id='word_1_388' title='bbox 1632 1910 1738 1954; x_wconf 65' lang='lat' dir='ltr'><strong>Gan),</strong></span> <span class='ocrx_word' id='word_1_389' title='bbox 1763 1917 1838 1956; x_wconf 85' lang='lat' dir='ltr'><strong>post</strong></span> <span class='ocrx_word' id='word_1_390' title='bbox 1852 1911 2068 1947; x_wconf 77' lang='lat' dir='ltr'><strong>Aristotelem</strong></span> 
     </span>
     <span class='ocr_line' id='line_1_59' title="bbox 1105 1971 2068 2013; baseline 0.005 -10"><span class='ocrx_word' id='word_1_391' title='bbox 1105 1982 1123 2003; x_wconf 87' lang='lat' dir='ltr'><strong>e</strong></span> <span class='ocrx_word' id='word_1_392' title='bbox 1146 1971 1298 2013; x_wconf 85' lang='lat' dir='ltr'><strong>Graecis,</strong></span> <span class='ocrx_word' id='word_1_393' title='bbox 1331 1971 1512 2005; x_wconf 78' lang='lat' dir='ltr'><strong>Varronem</strong></span> <span class='ocrx_word' id='word_1_394' title='bbox 1539 1972 1583 2003; x_wconf 87' lang='lat' dir='ltr'><strong>ait</strong></span> <span class='ocrx_word' id='word_1_395' title='bbox 1607 1984 1625 2004; x_wconf 92' lang='lat' dir='ltr'><strong>e</strong></span> <span class='ocrx_word' id='word_1_396' title='bbox 1653 1973 1778 2005; x_wconf 87' lang='lat' dir='ltr'><strong>Latinis</strong></span> <span class='ocrx_word' id='word_1_397' title='bbox 1807 1974 2004 2008; x_wconf 86' lang='lat' dir='ltr'><strong>dialecticam</strong></span> <span class='ocrx_word' id='word_1_398' title='bbox 2035 1982 2068 2008; x_wconf 83' lang='lat' dir='ltr'><strong>et</strong></span> 
     </span>
     <span class='ocr_line' id='line_1_60' title="bbox 1104 2034 2066 2080; baseline 0.005 -13"><span class='ocrx_word' id='word_1_399' title='bbox 1104 2034 1294 2070; x_wconf 75' lang='lat' dir='ltr'><strong>rhetoricam</strong></span> <span class='ocrx_word' id='word_1_400' title='bbox 1318 2034 1352 2067; x_wconf 84' lang='lat' dir='ltr'><strong>in</strong></span> <span class='ocrx_word' id='word_1_401' title='bbox 1375 2047 1491 2067; x_wconf 76' lang='lat' dir='ltr'><strong>novem</strong></span> <span class='ocrx_word' id='word_1_402' title='bbox 1511 2036 1750 2080; x_wconf 85' lang='lat' dir='ltr'><strong>disciplinarum</strong></span> <span class='ocrx_word' id='word_1_403' title='bbox 1772 2037 1862 2069; x_wconf 80' lang='lat' dir='ltr'><strong>libris</strong></span> <span class='ocrx_word' id='word_1_404' title='bbox 1885 2039 2066 2072; x_wconf 85' lang='lat' dir='ltr'><strong>tradidisse.</strong></span> 
     </span>
    </p>

    <p class='ocr_par' dir='ltr' id='par_1_24' title="bbox 1101 2098 2067 2335">
     <span class='ocr_line' id='line_1_61' title="bbox 1177 2098 2067 2145; baseline 0.007 -16"><span class='ocrx_word' id='word_1_405' title='bbox 1177 2099 1319 2131; x_wconf 78' lang='lat' dir='ltr'><strong>Doricae</strong></span> <span class='ocrx_word' id='word_1_406' title='bbox 1333 2098 1488 2144; x_wconf 79' lang='lat' dir='ltr'><strong>nationis]</strong></span> <span class='ocrx_word' id='word_1_407' title='bbox 1503 2100 1571 2131; x_wconf 86' lang='lat' dir='ltr'><strong>Pro</strong></span> <span class='ocrx_word' id='word_1_408' title='bbox 1588 2100 1732 2132; x_wconf 80' lang='lat' dir='ltr'><strong>Graecae</strong></span> <span class='ocrx_word' id='word_1_409' title='bbox 1747 2113 1806 2145; x_wconf 87' lang='lat' dir='ltr'><strong>per</strong></span> <span class='ocrx_word' id='word_1_410' title='bbox 1821 2102 2067 2145; x_wconf 68' lang='lat' dir='ltr'><strong>synecdocham,</strong></span> 
     </span>
     <span class='ocr_line' id='line_1_62' title="bbox 1103 2162 2064 2209; baseline 0.006 -17"><span class='ocrx_word' id='word_1_411' title='bbox 1103 2166 1139 2193; x_wconf 85' lang='lat' dir='ltr'><strong>ut</strong></span> <span class='ocrx_word' id='word_1_412' title='bbox 1162 2162 1299 2194; x_wconf 77' lang='lat' dir='ltr'><strong>»Dorica</strong></span> <span class='ocrx_word' id='word_1_413' title='bbox 1333 2168 1455 2195; x_wconf 73' lang='lat' dir='ltr'><strong>castra«</strong></span> <span class='ocrx_word' id='word_1_414' title='bbox 1486 2163 1571 2207; x_wconf 85' lang='lat' dir='ltr'><strong>apud</strong></span> <span class='ocrx_word' id='word_1_415' title='bbox 1595 2164 1768 2206; x_wconf 82' lang='lat' dir='ltr'><strong>Virgilium</strong></span> <span class='ocrx_word' id='word_1_416' title='bbox 1791 2164 1896 2209; x_wconf 82' lang='lat' dir='ltr'><strong>(Aen.</strong></span> <span class='ocrx_word' id='word_1_417' title='bbox 1914 2166 1954 2206; x_wconf 88' lang='grc'><strong>2,</strong></span> <span class='ocrx_word' id='word_1_418' title='bbox 1984 2167 2064 2209; x_wconf 72' lang='grc'>27),</span> 
     </span>
     <span class='ocr_line' id='line_1_63' title="bbox 1101 2225 2063 2270; baseline 0.004 -13"><span class='ocrx_word' id='word_1_419' title='bbox 1101 2236 1197 2258; x_wconf 89' lang='lat' dir='ltr'><strong>nemo</strong></span> <span class='ocrx_word' id='word_1_420' title='bbox 1229 2225 1314 2257; x_wconf 87' lang='lat' dir='ltr'><strong>enim</strong></span> <span class='ocrx_word' id='word_1_421' title='bbox 1349 2238 1476 2267; x_wconf 86' lang='lat' dir='ltr'><strong>eorum,</strong></span> <span class='ocrx_word' id='word_1_422' title='bbox 1519 2227 1575 2270; x_wconf 86' lang='lat' dir='ltr'><strong>qui</strong></span> <span class='ocrx_word' id='word_1_423' title='bbox 1609 2228 1808 2261; x_wconf 84' lang='lat' dir='ltr'><strong>dialecticam</strong></span> <span class='ocrx_word' id='word_1_424' title='bbox 1842 2229 1919 2261; x_wconf 83' lang='lat' dir='ltr'><strong>olim</strong></span> <span class='ocrx_word' id='word_1_425' title='bbox 1951 2235 2063 2262; x_wconf 76' lang='lat' dir='ltr'><strong>tracta-</strong></span> 
     </span>
     <span class='ocr_line' id='line_1_64' title="bbox 1101 2289 1726 2335; baseline 0.003 -14"><span class='ocrx_word' id='word_1_426' title='bbox 1101 2294 1229 2329; x_wconf 65' lang='lat' dir='ltr'><strong>verant,</strong></span> <span class='ocrx_word' id='word_1_427' title='bbox 1258 2299 1333 2320; x_wconf 70' lang='lat' dir='ltr'><strong>vere</strong></span> <span class='ocrx_word' id='word_1_428' title='bbox 1353 2289 1493 2321; x_wconf 86' lang='lat' dir='ltr'><strong>Doricae</strong></span> <span class='ocrx_word' id='word_1_429' title='bbox 1519 2289 1627 2335; x_wconf 82' lang='lat' dir='ltr'><strong>stirpis</strong></span> <span class='ocrx_word' id='word_1_430' title='bbox 1649 2296 1726 2323; x_wconf 85' lang='lat' dir='ltr'><strong>erat.</strong></span> 
     </span>
    </p>

    <p class='ocr_par' dir='ltr' id='par_1_25' title="bbox 1100 2350 2063 2586">
     <span class='ocr_line' id='line_1_65' title="bbox 1176 2350 2063 2398; baseline 0 -13"><span class='ocrx_word' id='word_1_431' title='bbox 1176 2350 1350 2397; x_wconf 79' lang='lat' dir='ltr'><strong>examina]</strong></span> <span class='ocrx_word' id='word_1_432' title='bbox 1383 2352 1564 2385; x_wconf 80' lang='lat' dir='ltr'><strong>Vulcanius</strong></span> <span class='ocrx_word' id='word_1_433' title='bbox 1597 2357 1727 2398; x_wconf 62' lang='lat' dir='ltr'><strong>agmina</strong></span> <span class='ocrx_word' id='word_1_434' title='bbox 1762 2354 1940 2397; x_wconf 82' lang='lat' dir='ltr'><strong>significare</strong></span> <span class='ocrx_word' id='word_1_435' title='bbox 1973 2353 2063 2394; x_wconf 76' lang='lat' dir='ltr'><strong>vult,</strong></span> 
     </span>
     <span class='ocr_line' id='line_1_66' title="bbox 1100 2412 2061 2458; baseline 0.002 -12"><span class='ocrx_word' id='word_1_436' title='bbox 1100 2412 1227 2458; x_wconf 69' lang='lat' dir='ltr'><strong>inepte,</strong></span> <span class='ocrx_word' id='word_1_437' title='bbox 1264 2425 1379 2446; x_wconf 85' lang='lat' dir='ltr'><strong>sensus</strong></span> <span class='ocrx_word' id='word_1_438' title='bbox 1403 2414 1487 2446; x_wconf 91' lang='lat' dir='ltr'><strong>enim</strong></span> <span class='ocrx_word' id='word_1_439' title='bbox 1512 2415 1633 2447; x_wconf 86' lang='lat' dir='ltr'><strong>clarus:</strong></span> <span class='ocrx_word' id='word_1_440' title='bbox 1665 2417 1712 2448; x_wconf 79' lang='lat' dir='ltr'><strong>»si</strong></span> <span class='ocrx_word' id='word_1_441' title='bbox 1741 2428 1810 2448; x_wconf 86' lang='lat' dir='ltr'><strong>mea</strong></span> <span class='ocrx_word' id='word_1_442' title='bbox 1834 2418 1979 2448; x_wconf 85' lang='lat' dir='ltr'><strong>Romane</strong></span> <span class='ocrx_word' id='word_1_443' title='bbox 2013 2415 2061 2448; x_wconf 86' lang='lat' dir='ltr'><strong>lo·</strong></span> 
     </span>
     <span class='ocr_line' id='line_1_67' title="bbox 1101 2477 2060 2523; baseline 0.001 -14"><span class='ocrx_word' id='word_1_444' title='bbox 1101 2477 1221 2523; x_wconf 89' lang='lat' dir='ltr'><strong>quendi</strong></span> <span class='ocrx_word' id='word_1_445' title='bbox 1247 2478 1328 2510; x_wconf 83' lang='lat' dir='ltr'><strong>ratio</strong></span> <span class='ocrx_word' id='word_1_446' title='bbox 1348 2479 1574 2512; x_wconf 61' lang='lat' dir='ltr'><strong>examinetmm«</strong></span> <span class='ocrx_word' id='word_1_447' title='bbox 1602 2479 1691 2513; x_wconf 86' lang='lat' dir='ltr'><strong>Seite</strong></span> <span class='ocrx_word' id='word_1_448' title='bbox 1712 2480 1859 2511; x_wconf 88' lang='lat' dir='ltr'><strong>nimirum</strong></span> <span class='ocrx_word' id='word_1_449' title='bbox 1876 2478 2060 2512; x_wconf 82' lang='lat' dir='ltr'><strong>Macrobius</strong></span> 
     </span>
     <span class='ocr_line' id='line_1_68' title="bbox 1100 2541 2060 2586; baseline 0.001 -12"><span class='ocrx_word' id='word_1_450' title='bbox 1100 2541 1243 2586; x_wconf 83' lang='lat' dir='ltr'><strong>(Saturn.</strong></span> <span class='ocrx_word' id='word_1_451' title='bbox 1263 2542 1280 2573; x_wconf 86' lang='grc'>1</span> <span class='ocrx_word' id='word_1_452' title='bbox 1302 2542 1379 2586; x_wconf 86' lang='lat' dir='ltr'><strong>pr.):</strong></span> <span class='ocrx_word' id='word_1_453' title='bbox 1412 2543 1489 2576; x_wconf 74' lang='lat' dir='ltr'><strong>»suh</strong></span> <span class='ocrx_word' id='word_1_454' title='bbox 1516 2543 1578 2575; x_wconf 87' lang='lat' dir='ltr'><strong>alio</strong></span> <span class='ocrx_word' id='word_1_455' title='bbox 1608 2548 1695 2575; x_wconf 87' lang='lat' dir='ltr'><strong>ortos</strong></span> <span class='ocrx_word' id='word_1_456' title='bbox 1726 2542 1815 2575; x_wconf 85' lang='lat' dir='ltr'><strong>coelo</strong></span> <span class='ocrx_word' id='word_1_457' title='bbox 1842 2543 1970 2585; x_wconf 79' lang='lat' dir='ltr'><strong>liuguae</strong></span> <span class='ocrx_word' id='word_1_458' title='bbox 1998 2543 2060 2575; x_wconf 72' lang='lat' dir='ltr'><strong>La·</strong></span> 
     </span>
    </p>
   </div>
   <div class='ocr_carea' id='block_1_13' title="bbox 1100 2605 1804 2651">
    <p class='ocr_par' dir='ltr' id='par_1_26' title="bbox 1100 2605 1804 2651">
     <span class='ocr_line' id='line_1_69' title="bbox 1100 2605 1804 2651; baseline -0.003 -12"><span class='ocrx_word' id='word_1_459' title='bbox 1100 2605 1185 2639; x_wconf 84' lang='lat' dir='ltr'><strong>tinae</strong></span> <span class='ocrx_word' id='word_1_460' title='bbox 1207 2616 1321 2639; x_wconf 77' lang='lat' dir='ltr'><strong>venam</strong></span> <span class='ocrx_word' id='word_1_461' title='bbox 1347 2618 1411 2640; x_wconf 79' lang='lat' dir='ltr'><strong>non</strong></span> <span class='ocrx_word' id='word_1_462' title='bbox 1435 2607 1602 2651; x_wconf 68' lang='lat' dir='ltr'><strong>adjuvare«</strong></span> <span class='ocrx_word' id='word_1_463' title='bbox 1629 2606 1804 2640; x_wconf 82' lang='lat' dir='ltr'><strong>confitetur.</strong></span> 
     </span>
    </p>
   </div>
   <div class='ocr_carea' id='block_1_14' title="bbox 1626 287 2190 338">
    <p class='ocr_par' dir='ltr' id='par_1_27' title="bbox 1626 287 2190 338">
     <span class='ocr_line' id='line_1_70' title="bbox 1626 287 2190 338; baseline 0.011 -18"><span class='ocrx_word' id='word_1_464' title='bbox 1626 292 1880 337; x_wconf 88' lang='lat' dir='ltr'><strong>quanquam</strong></span> <span class='ocrx_word' id='word_1_465' title='bbox 1910 296 2066 338; x_wconf 89' lang='lat' dir='ltr'><strong>parum</strong></span> <span class='ocrx_word' id='word_1_466' title='bbox 2096 287 2190 331; x_wconf 80' lang='grc'><strong>554</strong></span> 
     </span>
    </p>
   </div>
   <div class='ocr_carea' id='block_1_15' title="bbox 2105 528 2195 549">
    <p class='ocr_par' dir='ltr' id='par_1_28' title="bbox 2105 528 2195 549">
     <span class='ocr_line' id='line_1_71' title="bbox 2105 528 2195 549; baseline 0 -6"><span class='ocrx_word' id='word_1_467' title='bbox 2105 528 2195 549; x_wconf 71' lang='grc' dir='ltr'><strong>ι-η-νμ</strong></span> 
     </span>
    </p>
   </div>
   <div class='ocr_carea' id='block_1_16' title="bbox 2104 542 2194 572">
    <p class='ocr_par' dir='ltr' id='par_1_29' title="bbox 2104 542 2194 572">
     <span class='ocr_line' id='line_1_72' title="bbox 2104 542 2194 572; baseline 0 -2"><span class='ocrx_word' id='word_1_468' title='bbox 2104 542 2194 572; x_wconf 70' lang='lat'><strong>000</strong></span> 
     </span>
    </p>
   </div>
  </div>
 </body>
</html>
