<?xml version="1.0" encoding="UTF-8"?>
<!DOCTYPE html PUBLIC "-//W3C//DTD XHTML 1.0 Transitional//EN"
    "http://www.w3.org/TR/xhtml1/DTD/xhtml1-transitional.dtd">
<html xmlns="http://www.w3.org/1999/xhtml" xml:lang="en" lang="en">
 <head>
  <title>
</title>
<meta http-equiv="Content-Type" content="text/html;charset=utf-8" />
  <meta name='ocr-system' content='tesseract 3.04.00' />
  <meta name='ocr-capabilities' content='ocr_page ocr_carea ocr_par ocr_line ocrx_word'/>
</head>
<body>
  <div class='ocr_page' id='page_1' title='image "./denuptiisphilolo00martuoft/denuptiisphilolo00martuoft_0496.png"; bbox 0 0 2310 2860; ppageno 0'>
   <div class='ocr_carea' id='block_1_1' title="bbox 187 153 1609 209">
    <p class='ocr_par' dir='ltr' id='par_1_1' title="bbox 187 153 1609 209">
     <span class='ocr_line' id='line_1_1' title="bbox 187 153 1609 209; baseline -0.005 -7"><span class='ocrx_word' id='word_1_1' title='bbox 187 161 292 202; x_wconf 68' lang='lat'><strong>‘466</strong></span> <span class='ocrx_word' id='word_1_2' title='bbox 778 155 978 196; x_wconf 84' lang='lat' dir='ltr'><strong>Martiani</strong></span> <span class='ocrx_word' id='word_1_3' title='bbox 1017 153 1218 209; x_wconf 76' lang='lat' dir='ltr'>Capellae</span> <span class='ocrx_word' id='word_1_4' title='bbox 1256 153 1329 194; x_wconf 90' lang='lat' dir='ltr'><strong>lib.</strong></span> <span class='ocrx_word' id='word_1_5' title='bbox 1358 153 1411 195; x_wconf 91' lang='lat' dir='ltr'><strong>V.</strong></span> <span class='ocrx_word' id='word_1_6' title='bbox 1452 155 1482 205; x_wconf 86' lang='lat'><strong>§.</strong></span> <span class='ocrx_word' id='word_1_7' title='bbox 1505 154 1609 196; x_wconf 76' lang='lat'><strong>545.</strong></span> 
     </span>
    </p>
   </div>
   <div class='ocr_carea' id='block_1_2' title="bbox 200 260 2156 397">
    <p class='ocr_par' dir='ltr' id='par_1_2' title="bbox 200 260 2156 397">
     <span class='ocr_line' id='line_1_2' title="bbox 200 260 2153 317; baseline -0.005 -9"><span class='ocrx_word' id='word_1_8' title='bbox 200 279 408 315; x_wconf 81' lang='lat' dir='ltr'><strong>nuamus3</strong></span> <span class='ocrx_word' id='word_1_9' title='bbox 460 276 484 303; x_wconf 90' lang='lat' dir='ltr'><strong>a</strong></span> <span class='ocrx_word' id='word_1_10' title='bbox 512 260 731 317; x_wconf 82' lang='lat' dir='ltr'><strong>judicum,</strong></span> <span class='ocrx_word' id='word_1_11' title='bbox 769 262 802 302; x_wconf 90' lang='lat' dir='ltr'><strong>si</strong></span> <span class='ocrx_word' id='word_1_12' title='bbox 837 276 905 302; x_wconf 86' lang='lat' dir='ltr'><strong>eos</strong></span> <span class='ocrx_word' id='word_1_13' title='bbox 936 261 1055 302; x_wconf 89' lang='lat' dir='ltr'><strong>nobis</strong></span> <span class='ocrx_word' id='word_1_14' title='bbox 1097 260 1166 302; x_wconf 81' lang='lat' dir='ltr'><strong>vel</strong></span> <span class='ocrx_word' id='word_1_15' title='bbox 1199 273 1250 300; x_wconf 84' lang='lat' dir='ltr'><strong>ex</strong></span> <span class='ocrx_word' id='word_1_16' title='bbox 1282 274 1439 302; x_wconf 89' lang='lat' dir='ltr'><strong>causae</strong></span> <span class='ocrx_word' id='word_1_17' title='bbox 1477 260 1608 316; x_wconf 87' lang='lat' dir='ltr'><strong>ipsius</strong></span> <span class='ocrx_word' id='word_1_18' title='bbox 1646 261 1945 306; x_wconf 79' lang='lat' dir='ltr'>blandimentis</span> <span class='ocrx_word' id='word_1_19' title='bbox 1984 266 2153 309; x_wconf 83' lang='lat' dir='ltr'><strong>velex-</strong></span> 
     </span>
     <span class='ocr_line' id='line_1_3' title="bbox 200 340 2156 397; baseline 0.001 -10"><span class='ocrx_word' id='word_1_20' title='bbox 200 347 402 387; x_wconf 79' lang='lat' dir='ltr'>trinsecus</span> <span class='ocrx_word' id='word_1_21' title='bbox 434 342 730 395; x_wconf 70' lang='lat' dir='ltr'><strong>conciliamus,</strong></span> <span class='ocrx_word' id='word_1_22' title='bbox 780 341 833 382; x_wconf 88' lang='lat' dir='ltr'><strong>ab</strong></span> <span class='ocrx_word' id='word_1_23' title='bbox 867 340 1214 383; x_wconf 86' lang='lat' dir='ltr'><strong>adversariorum</strong></span> <span class='ocrx_word' id='word_1_24' title='bbox 1248 349 1390 382; x_wconf 85' lang='lat' dir='ltr'><strong>autem</strong></span> <span class='ocrx_word' id='word_1_25' title='bbox 1421 357 1603 397; x_wconf 87' lang='lat' dir='ltr'><strong>persona</strong></span> <span class='ocrx_word' id='word_1_26' title='bbox 1641 343 1775 384; x_wconf 87' lang='lat' dir='ltr'><strong>tribus</strong></span> <span class='ocrx_word' id='word_1_27' title='bbox 1813 345 1971 397; x_wconf 85' lang='lat' dir='ltr'><strong>modis,</strong></span> <span class='ocrx_word' id='word_1_28' title='bbox 2015 348 2049 388; x_wconf 89' lang='lat' dir='ltr'><strong>si</strong></span> <span class='ocrx_word' id='word_1_29' title='bbox 2087 363 2156 388; x_wconf 90' lang='lat' dir='ltr'><strong>eos</strong></span> 
     </span>
    </p>
   </div>
   <div class='ocr_carea' id='block_1_3' title="bbox 201 416 2156 477">
    <p class='ocr_par' dir='ltr' id='par_1_3' title="bbox 201 416 2156 477">
     <span class='ocr_line' id='line_1_4' title="bbox 201 416 2156 477; baseline 0.002 -12"><span class='ocrx_word' id='word_1_30' title='bbox 201 425 243 465; x_wconf 87' lang='lat' dir='ltr'><strong>in</strong></span> <span class='ocrx_word' id='word_1_31' title='bbox 275 422 444 473; x_wconf 90' lang='lat' dir='ltr'><strong>odium,</strong></span> <span class='ocrx_word' id='word_1_32' title='bbox 491 422 536 463; x_wconf 90' lang='lat' dir='ltr'><strong>in</strong></span> <span class='ocrx_word' id='word_1_33' title='bbox 577 421 807 472; x_wconf 85' lang='lat' dir='ltr'><strong>invidiam,</strong></span> <span class='ocrx_word' id='word_1_34' title='bbox 855 421 899 461; x_wconf 90' lang='lat' dir='ltr'><strong>in</strong></span> <span class='ocrx_word' id='word_1_35' title='bbox 940 416 1217 463; x_wconf 77' lang='lat' dir='ltr'><strong>contemtum&#39;</strong></span> <span class='ocrx_word' id='word_1_36' title='bbox 1245 421 1511 466; x_wconf 85' lang='lat' dir='ltr'><strong>adducimus.</strong></span> <span class='ocrx_word' id='word_1_37' title='bbox 1581 425 1630 466; x_wconf 90' lang='lat' dir='ltr'><strong>In</strong></span> <span class='ocrx_word' id='word_1_38' title='bbox 1675 426 1846 477; x_wconf 87' lang='lat' dir='ltr'><strong>odium,</strong></span> <span class='ocrx_word' id='word_1_39' title='bbox 1895 427 1929 467; x_wconf 93' lang='lat' dir='ltr'><strong>si</strong></span> <span class='ocrx_word' id='word_1_40' title='bbox 1967 428 2156 469; x_wconf 88' lang='lat' dir='ltr'><strong>scelestos</strong></span> 
     </span>
    </p>
   </div>
   <div class='ocr_carea' id='block_1_4' title="bbox 75 502 2158 1528">
    <p class='ocr_par' dir='ltr' id='par_1_4' title="bbox 75 502 2158 1363">
     <span class='ocr_line' id='line_1_5' title="bbox 200 502 2155 561; baseline 0.001 -15"><span class='ocrx_word' id='word_1_41' title='bbox 200 504 448 546; x_wconf 86' lang='lat' dir='ltr'><strong>crudelesve</strong></span> <span class='ocrx_word' id='word_1_42' title='bbox 484 504 736 556; x_wconf 83' lang='lat' dir='ltr'><strong>doceamus,</strong></span> <span class='ocrx_word' id='word_1_43' title='bbox 785 503 828 543; x_wconf 91' lang='lat' dir='ltr'><strong>in</strong></span> <span class='ocrx_word' id='word_1_44' title='bbox 871 502 1100 554; x_wconf 88' lang='lat' dir='ltr'><strong>invidiam,</strong></span> <span class='ocrx_word' id='word_1_45' title='bbox 1153 504 1186 544; x_wconf 89' lang='lat' dir='ltr'><strong>si</strong></span> <span class='ocrx_word' id='word_1_46' title='bbox 1226 519 1294 545; x_wconf 88' lang='lat' dir='ltr'><strong>eos</strong></span> <span class='ocrx_word' id='word_1_47' title='bbox 1337 505 1586 561; x_wconf 84' lang='lat' dir='ltr'>impotentes</span> <span class='ocrx_word' id='word_1_48' title='bbox 1627 521 1715 547; x_wconf 88' lang='lat' dir='ltr'><strong>esse</strong></span> <span class='ocrx_word' id='word_1_49' title='bbox 1757 515 2064 558; x_wconf 80' lang='lat' dir='ltr'><strong>monstremus,</strong></span> <span class='ocrx_word' id='word_1_50' title='bbox 2113 507 2155 547; x_wconf 90' lang='lat' dir='ltr'><strong>in</strong></span> 
     </span>
     <span class='ocr_line' id='line_1_6' title="bbox 200 584 2157 641; baseline -0.001 -15"><span class='ocrx_word' id='word_1_51' title='bbox 200 594 462 626; x_wconf 84' lang='lat' dir='ltr'><strong>contemtum</strong></span> <span class='ocrx_word' id='word_1_52' title='bbox 502 599 627 636; x_wconf 83' lang='lat' dir='ltr'><strong>vero,</strong></span> <span class='ocrx_word' id='word_1_53' title='bbox 672 586 705 625; x_wconf 89' lang='lat' dir='ltr'><strong>si</strong></span> <span class='ocrx_word' id='word_1_54' title='bbox 747 584 946 625; x_wconf 86' lang='lat' dir='ltr'><strong>humiles.</strong></span> <span class='ocrx_word' id='word_1_55' title='bbox 1017 584 1219 626; x_wconf 89' lang='lat' dir='ltr'><strong>Ceterum</strong></span> <span class='ocrx_word' id='word_1_56' title='bbox 1262 586 1536 628; x_wconf 84' lang='lat' dir='ltr'><strong>exordiorum</strong></span> <span class='ocrx_word' id='word_1_57' title='bbox 1579 601 1734 641; x_wconf 81' lang='lat' dir='ltr'><strong>genera</strong></span> <span class='ocrx_word' id='word_1_58' title='bbox 1763 595 1860 627; x_wconf 85' lang='lat' dir='ltr'><strong>sunt</strong></span> <span class='ocrx_word' id='word_1_59' title='bbox 1891 586 2000 637; x_wconf 89' lang='lat' dir='ltr'><strong>duo,</strong></span> <span class='ocrx_word' id='word_1_60' title='bbox 2040 585 2157 641; x_wconf 88' lang='lat' dir='ltr'><strong>prin.-</strong></span> 
     </span>
     <span class='ocr_line' id='line_1_7' title="bbox 202 666 2157 723; baseline -0.001 -15"><span class='ocrx_word' id='word_1_61' title='bbox 202 669 359 723; x_wconf 89' lang='lat' dir='ltr'><strong>cipium</strong></span> <span class='ocrx_word' id='word_1_62' title='bbox 407 676 446 707; x_wconf 89' lang='lat' dir='ltr'><strong>et</strong></span> <span class='ocrx_word' id='word_1_63' title='bbox 492 667 731 708; x_wconf 81' lang='lat' dir='ltr'><strong>insinuatio.</strong></span> <span class='ocrx_word' id='word_1_64' title='bbox 806 666 1069 721; x_wconf 89' lang='lat' dir='ltr'><strong>Principium</strong></span> <span class='ocrx_word' id='word_1_65' title='bbox 1106 675 1184 718; x_wconf 89' lang='lat' dir='ltr'><strong>est,</strong></span> <span class='ocrx_word' id='word_1_66' title='bbox 1230 679 1318 721; x_wconf 88' lang='lat' dir='ltr'><strong>quo</strong></span> <span class='ocrx_word' id='word_1_67' title='bbox 1348 667 1485 708; x_wconf 85' lang='lat' dir='ltr'><strong>statim</strong></span> <span class='ocrx_word' id='word_1_68' title='bbox 1517 667 1763 722; x_wconf 88' lang='lat' dir='ltr'><strong>simpliciter</strong></span> <span class='ocrx_word' id='word_1_69' title='bbox 1793 666 2025 723; x_wconf 79' lang='lat' dir='ltr'><strong>palamque</strong></span> <span class='ocrx_word' id='word_1_70' title='bbox 2056 680 2157 707; x_wconf 90' lang='lat' dir='ltr'><strong>con—</strong></span> 
     </span>
     <span class='ocr_line' id='line_1_8' title="bbox 200 746 2158 802; baseline -0.002 -12"><span class='ocrx_word' id='word_1_71' title='bbox 200 750 392 790; x_wconf 85' lang='lat' dir='ltr'><strong>ciliamus</strong></span> <span class='ocrx_word' id='word_1_72' title='bbox 419 749 538 790; x_wconf 89' lang='lat' dir='ltr'><strong>nobis</strong></span> <span class='ocrx_word' id='word_1_73' title='bbox 576 748 808 800; x_wconf 81' lang='lat' dir='ltr'><strong>auditores3</strong></span> <span class='ocrx_word' id='word_1_74' title='bbox 848 748 1097 799; x_wconf 81' lang='lat' dir='ltr'><strong>insinuatio,</strong></span> <span class='ocrx_word' id='word_1_75' title='bbox 1141 762 1280 802; x_wconf 87' lang='lat' dir='ltr'><strong>quum</strong></span> <span class='ocrx_word' id='word_1_76' title='bbox 1318 748 1516 789; x_wconf 90' lang='lat' dir='ltr'><strong>insidioso</strong></span> <span class='ocrx_word' id='word_1_77' title='bbox 1549 747 1723 788; x_wconf 77' lang='lat' dir='ltr'><strong>exordio</strong></span> <span class='ocrx_word' id='word_1_78' title='bbox 1753 746 1939 801; x_wconf 87' lang='lat' dir='ltr'><strong>judicem</strong></span> <span class='ocrx_word' id='word_1_79' title='bbox 1972 747 2158 787; x_wconf 87' lang='lat' dir='ltr'><strong>circum—</strong></span> 
     </span>
     <span class='ocr_line' id='line_1_9' title="bbox 198 826 2155 884; baseline -0.002 -14"><span class='ocrx_word' id='word_1_80' title='bbox 198 830 442 879; x_wconf 75' lang='lat' dir='ltr'><strong>scribimus,</strong></span> <span class='ocrx_word' id='word_1_81' title='bbox 487 829 530 870; x_wconf 87' lang='lat' dir='ltr'><strong>iu</strong></span> <span class='ocrx_word' id='word_1_82' title='bbox 572 844 658 884; x_wconf 85' lang='lat' dir='ltr'><strong>quo</strong></span> <span class='ocrx_word' id='word_1_83' title='bbox 708 829 825 870; x_wconf 88' lang='lat' dir='ltr'><strong>modi</strong></span> <span class='ocrx_word' id='word_1_84' title='bbox 870 839 968 870; x_wconf 91' lang='lat' dir='ltr'><strong>sunt</strong></span> <span class='ocrx_word' id='word_1_85' title='bbox 1011 838 1210 884; x_wconf 84' lang='lat' dir='ltr'><strong>quatuor.</strong></span> <span class='ocrx_word' id='word_1_86' title='bbox 1277 828 1468 877; x_wconf 85' lang='lat' dir='ltr'><strong>Primus,</strong></span> <span class='ocrx_word' id='word_1_87' title='bbox 1516 842 1653 881; x_wconf 81' lang='lat' dir='ltr'><strong>quum</strong></span> <span class='ocrx_word' id='word_1_88' title='bbox 1693 841 1760 867; x_wconf 88' lang='lat' dir='ltr'><strong>res</strong></span> <span class='ocrx_word' id='word_1_89' title='bbox 1801 827 1889 881; x_wconf 85' lang='lat' dir='ltr'><strong>ipsa</strong></span> <span class='ocrx_word' id='word_1_90' title='bbox 1925 826 2039 868; x_wconf 86' lang='lat' dir='ltr'><strong>mala</strong></span> <span class='ocrx_word' id='word_1_91' title='bbox 2076 836 2155 878; x_wconf 73' lang='lat' dir='ltr'><strong>est,</strong></span> 
     </span>
     <span class='ocr_line' id='line_1_10' title="bbox 199 909 2157 965; baseline -0.001 -15"><span class='ocrx_word' id='word_1_92' title='bbox 199 910 322 960; x_wconf 84' lang='lat' dir='ltr'><strong>alter,</strong></span> <span class='ocrx_word' id='word_1_93' title='bbox 354 924 492 964; x_wconf 84' lang='lat' dir='ltr'><strong>quum</strong></span> <span class='ocrx_word' id='word_1_94' title='bbox 527 909 756 951; x_wconf 86' lang='lat' dir='ltr'><strong>adversum</strong></span> <span class='ocrx_word' id='word_1_95' title='bbox 789 925 867 951; x_wconf 91' lang='lat' dir='ltr'><strong>nos</strong></span> <span class='ocrx_word' id='word_1_96' title='bbox 897 910 1029 964; x_wconf 82' lang='lat' dir='ltr'><strong>judex</strong></span> <span class='ocrx_word' id='word_1_97' title='bbox 1062 910 1225 965; x_wconf 87' lang='lat' dir='ltr'><strong>aliquid</strong></span> <span class='ocrx_word' id='word_1_98' title='bbox 1257 910 1466 951; x_wconf 89' lang='lat' dir='ltr'><strong>contraria</strong></span> <span class='ocrx_word' id='word_1_99' title='bbox 1498 909 1738 964; x_wconf 82' lang='lat' dir='ltr'><strong>opinatione</strong></span> <span class='ocrx_word' id='word_1_100' title='bbox 1770 909 2046 963; x_wconf 82' lang='lat' dir='ltr'><strong>praesumsit,</strong></span> <span class='ocrx_word' id='word_1_101' title='bbox 2085 917 2157 950; x_wconf 87' lang='lat' dir='ltr'><strong>aut</strong></span> 
     </span>
     <span class='ocr_line' id='line_1_11' title="bbox 76 988 2150 1046; baseline -0 -15"><span class='ocrx_word' id='word_1_102' title='bbox 76 989 166 1031; x_wconf 71' lang='lat'><strong>347</strong></span> <span class='ocrx_word' id='word_1_103' title='bbox 196 991 389 1046; x_wconf 78' lang='lat' dir='ltr'><strong>fatigatus</strong></span> <span class='ocrx_word' id='word_1_104' title='bbox 424 1000 503 1042; x_wconf 87' lang='lat' dir='ltr'><strong>est,</strong></span> <span class='ocrx_word' id='word_1_105' title='bbox 544 1001 616 1033; x_wconf 87' lang='lat' dir='ltr'><strong>aut</strong></span> <span class='ocrx_word' id='word_1_106' title='bbox 644 992 889 1033; x_wconf 82' lang='lat' dir='ltr'><strong>acclamatio</strong></span> <span class='ocrx_word' id='word_1_107' title='bbox 922 992 989 1033; x_wconf 91' lang='lat' dir='ltr'><strong>vel</strong></span> <span class='ocrx_word' id='word_1_108' title='bbox 1014 992 1151 1033; x_wconf 86' lang='lat' dir='ltr'><strong>irrisio</strong></span> <span class='ocrx_word' id='word_1_109' title='bbox 1184 992 1272 1033; x_wconf 86' lang='lat' dir='ltr'><strong>ulla</strong></span> <span class='ocrx_word' id='word_1_110' title='bbox 1302 990 1540 1031; x_wconf 86' lang='lat' dir='ltr'><strong>intervenit.</strong></span> <span class='ocrx_word' id='word_1_111' title='bbox 1601 990 1710 1030; x_wconf 88' lang='lat' dir='ltr'><strong>Ante</strong></span> <span class='ocrx_word' id='word_1_112' title='bbox 1741 998 1892 1029; x_wconf 84' lang='lat' dir='ltr'><strong>cuncta</strong></span> <span class='ocrx_word' id='word_1_113' title='bbox 1922 988 2150 1030; x_wconf 87' lang='lat' dir='ltr'><strong>discutien-</strong></span> 
     </span>
     <span class='ocr_line' id='line_1_12' title="bbox 194 1068 2155 1127; baseline -0.002 -15"><span class='ocrx_word' id='word_1_114' title='bbox 194 1071 320 1122; x_wconf 86' lang='lat' dir='ltr'><strong>dum,</strong></span> <span class='ocrx_word' id='word_1_115' title='bbox 364 1086 475 1127; x_wconf 90' lang='lat' dir='ltr'><strong>quae</strong></span> <span class='ocrx_word' id='word_1_116' title='bbox 505 1071 556 1112; x_wconf 88' lang='lat' dir='ltr'><strong>sit</strong></span> <span class='ocrx_word' id='word_1_117' title='bbox 586 1071 726 1112; x_wconf 84' lang='lat' dir='ltr'><strong>forma</strong></span> <span class='ocrx_word' id='word_1_118' title='bbox 761 1071 976 1112; x_wconf 85' lang='lat' dir='ltr'><strong>materiae.</strong></span> <span class='ocrx_word' id='word_1_119' title='bbox 1035 1073 1148 1113; x_wconf 90' lang='lat' dir='ltr'><strong>Nam</strong></span> <span class='ocrx_word' id='word_1_120' title='bbox 1177 1081 1276 1112; x_wconf 90' lang='lat' dir='ltr'><strong>sunt</strong></span> <span class='ocrx_word' id='word_1_121' title='bbox 1306 1071 1522 1125; x_wconf 86' lang='lat' dir='ltr'><strong>quinque,</strong></span> <span class='ocrx_word' id='word_1_122' title='bbox 1567 1069 1764 1117; x_wconf 82' lang='lat' dir='ltr'><strong>honesta,</strong></span> <span class='ocrx_word' id='word_1_123' title='bbox 1813 1068 1968 1123; x_wconf 84' lang='lat' dir='ltr'><strong>turpis,</strong></span> <span class='ocrx_word' id='word_1_124' title='bbox 2010 1068 2155 1119; x_wconf 89' lang='lat' dir='ltr'><strong>dubia,</strong></span> 
     </span>
     <span class='ocr_line' id='line_1_13' title="bbox 194 1148 2156 1207; baseline -0.003 -15"><span class='ocrx_word' id='word_1_125' title='bbox 194 1152 392 1203; x_wconf 88' lang='lat' dir='ltr'><strong>humilis,</strong></span> <span class='ocrx_word' id='word_1_126' title='bbox 445 1152 642 1196; x_wconf 83' lang='lat' dir='ltr'><strong>obscura.</strong></span> <span class='ocrx_word' id='word_1_127' title='bbox 710 1152 751 1192; x_wconf 86' lang='lat' dir='ltr'><strong>Si</strong></span> <span class='ocrx_word' id='word_1_128' title='bbox 788 1152 962 1192; x_wconf 88' lang='lat' dir='ltr'><strong>honesta</strong></span> <span class='ocrx_word' id='word_1_129' title='bbox 1003 1161 1088 1202; x_wconf 89' lang='lat' dir='ltr'><strong>est,</strong></span> <span class='ocrx_word' id='word_1_130' title='bbox 1137 1161 1211 1192; x_wconf 88' lang='lat' dir='ltr'><strong>aut</strong></span> <span class='ocrx_word' id='word_1_131' title='bbox 1241 1150 1446 1207; x_wconf 87' lang='lat' dir='ltr'><strong>principio</strong></span> <span class='ocrx_word' id='word_1_132' title='bbox 1484 1164 1566 1189; x_wconf 87' lang='lat' dir='ltr'><strong>nou</strong></span> <span class='ocrx_word' id='word_1_133' title='bbox 1601 1148 1830 1199; x_wconf 84' lang='lat' dir='ltr'><strong>utendum,</strong></span> <span class='ocrx_word' id='word_1_134' title='bbox 1870 1157 1942 1189; x_wconf 87' lang='lat' dir='ltr'><strong>aut</strong></span> <span class='ocrx_word' id='word_1_135' title='bbox 1971 1148 2156 1204; x_wconf 88' lang='lat' dir='ltr'><strong>amplifi-</strong></span> 
     </span>
     <span class='ocr_line' id='line_1_14' title="bbox 193 1228 2157 1286; baseline -0.002 -13"><span class='ocrx_word' id='word_1_136' title='bbox 193 1233 354 1274; x_wconf 87' lang='lat' dir='ltr'><strong>catione</strong></span> <span class='ocrx_word' id='word_1_137' title='bbox 392 1232 617 1273; x_wconf 81' lang='lat' dir='ltr'><strong>exordium</strong></span> <span class='ocrx_word' id='word_1_138' title='bbox 660 1231 1026 1284; x_wconf 81' lang='lat' dir='ltr'><strong>concludendum3</strong></span> <span class='ocrx_word' id='word_1_139' title='bbox 1072 1231 1105 1271; x_wconf 93' lang='lat' dir='ltr'><strong>si</strong></span> <span class='ocrx_word' id='word_1_140' title='bbox 1136 1230 1294 1286; x_wconf 88' lang='lat' dir='ltr'><strong>turpis,</strong></span> <span class='ocrx_word' id='word_1_141' title='bbox 1343 1229 1624 1270; x_wconf 85' lang='lat' dir='ltr'><strong>insinuatione</strong></span> <span class='ocrx_word' id='word_1_142' title='bbox 1660 1228 1891 1281; x_wconf 80' lang='lat' dir='ltr'><strong>utendum3</strong></span> <span class='ocrx_word' id='word_1_143' title='bbox 1935 1229 1969 1269; x_wconf 88' lang='lat' dir='ltr'><strong>si</strong></span> <span class='ocrx_word' id='word_1_144' title='bbox 1999 1228 2157 1280; x_wconf 88' lang='lat' dir='ltr'><strong>dubia,</strong></span> 
     </span>
     <span class='ocr_line' id='line_1_15' title="bbox 75 1307 2155 1363; baseline -0.001 -10"><span class='ocrx_word' id='word_1_145' title='bbox 75 1307 165 1350; x_wconf 79' lang='grc'><strong>548</strong></span> <span class='ocrx_word' id='word_1_146' title='bbox 191 1313 425 1354; x_wconf 87' lang='lat' dir='ltr'><strong>benevolus</strong></span> <span class='ocrx_word' id='word_1_147' title='bbox 463 1312 684 1353; x_wconf 88' lang='lat' dir='ltr'><strong>faciendus</strong></span> <span class='ocrx_word' id='word_1_148' title='bbox 721 1311 909 1363; x_wconf 76' lang='lat' dir='ltr'><strong>audit0r3</strong></span> <span class='ocrx_word' id='word_1_149' title='bbox 963 1312 996 1351; x_wconf 92' lang='lat' dir='ltr'><strong>si</strong></span> <span class='ocrx_word' id='word_1_150' title='bbox 1028 1312 1226 1362; x_wconf 91' lang='lat' dir='ltr'><strong>humilis,</strong></span> <span class='ocrx_word' id='word_1_151' title='bbox 1275 1320 1477 1362; x_wconf 71' lang='lat' dir='ltr'><strong>attentus,</strong></span> <span class='ocrx_word' id='word_1_152' title='bbox 1519 1310 1553 1350; x_wconf 89' lang='lat' dir='ltr'><strong>si</strong></span> <span class='ocrx_word' id='word_1_153' title='bbox 1584 1310 1787 1359; x_wconf 85' lang='lat' dir='ltr'><strong>obscura,</strong></span> <span class='ocrx_word' id='word_1_154' title='bbox 1833 1308 1991 1349; x_wconf 88' lang='lat' dir='ltr'><strong>docilis.</strong></span> <span class='ocrx_word' id='word_1_155' title='bbox 2048 1311 2155 1351; x_wconf 90' lang='lat' dir='ltr'><strong>Insi-</strong></span> 
     </span>
    </p>

    <p class='ocr_par' dir='ltr' id='par_1_5' title="bbox 189 1389 2156 1528">
     <span class='ocr_line' id='line_1_16' title="bbox 189 1389 2156 1447; baseline -0.001 -13"><span class='ocrx_word' id='word_1_156' title='bbox 189 1394 333 1434; x_wconf 91' lang='lat' dir='ltr'><strong>nuatio</strong></span> <span class='ocrx_word' id='word_1_157' title='bbox 374 1407 476 1433; x_wconf 89' lang='lat' dir='ltr'><strong>vero</strong></span> <span class='ocrx_word' id='word_1_158' title='bbox 520 1401 707 1447; x_wconf 82' lang='lat' dir='ltr'><strong>quatuor</strong></span> <span class='ocrx_word' id='word_1_159' title='bbox 746 1391 884 1432; x_wconf 89' lang='lat' dir='ltr'><strong>modis</strong></span> <span class='ocrx_word' id='word_1_160' title='bbox 925 1391 1184 1446; x_wconf 78' lang='lat' dir='ltr'><strong>explicatur,</strong></span> <span class='ocrx_word' id='word_1_161' title='bbox 1235 1405 1370 1445; x_wconf 89' lang='lat' dir='ltr'><strong>quum</strong></span> <span class='ocrx_word' id='word_1_162' title='bbox 1414 1400 1487 1432; x_wconf 87' lang='lat' dir='ltr'><strong>aut</strong></span> <span class='ocrx_word' id='word_1_163' title='bbox 1530 1405 1753 1446; x_wconf 87' lang='lat' dir='ltr'><strong>personam</strong></span> <span class='ocrx_word' id='word_1_164' title='bbox 1797 1389 1859 1431; x_wconf 89' lang='lat' dir='ltr'><strong>rei</strong></span> <span class='ocrx_word' id='word_1_165' title='bbox 1897 1391 2156 1445; x_wconf 81' lang='lat' dir='ltr'><strong>subjectione</strong></span> 
     </span>
     <span class='ocr_line' id='line_1_17' title="bbox 189 1473 2153 1528; baseline 0.001 -16"><span class='ocrx_word' id='word_1_166' title='bbox 189 1481 430 1522; x_wconf 85' lang='lat' dir='ltr'><strong>mutamus,</strong></span> <span class='ocrx_word' id='word_1_167' title='bbox 464 1481 535 1512; x_wconf 89' lang='lat' dir='ltr'><strong>aut</strong></span> <span class='ocrx_word' id='word_1_168' title='bbox 574 1486 666 1512; x_wconf 87' lang='lat' dir='ltr'><strong>rem</strong></span> <span class='ocrx_word' id='word_1_169' title='bbox 699 1486 902 1526; x_wconf 84' lang='lat' dir='ltr'><strong>persona,</strong></span> <span class='ocrx_word' id='word_1_170' title='bbox 950 1480 1023 1511; x_wconf 86' lang='lat' dir='ltr'><strong>aut</strong></span> <span class='ocrx_word' id='word_1_171' title='bbox 1054 1487 1148 1513; x_wconf 88' lang='lat' dir='ltr'><strong>rem</strong></span> <span class='ocrx_word' id='word_1_172' title='bbox 1180 1488 1248 1524; x_wconf 91' lang='lat' dir='ltr'><strong>re,</strong></span> <span class='ocrx_word' id='word_1_173' title='bbox 1288 1483 1361 1514; x_wconf 82' lang='lat' dir='ltr'><strong>aut</strong></span> <span class='ocrx_word' id='word_1_174' title='bbox 1392 1487 1618 1528; x_wconf 85' lang='lat' dir='ltr'><strong>personam</strong></span> <span class='ocrx_word' id='word_1_175' title='bbox 1655 1486 1849 1528; x_wconf 90' lang='lat' dir='ltr'><strong>persona.</strong></span> <span class='ocrx_word' id='word_1_176' title='bbox 1904 1473 2017 1514; x_wconf 92' lang='lat' dir='ltr'><strong>Nam</strong></span> <span class='ocrx_word' id='word_1_177' title='bbox 2049 1473 2083 1514; x_wconf 90' lang='lat' dir='ltr'><strong>si</strong></span> <span class='ocrx_word' id='word_1_178' title='bbox 2112 1474 2153 1514; x_wconf 89' lang='lat' dir='ltr'><strong>in</strong></span> 
     </span>
    </p>
   </div>
   <div class='ocr_carea' id='block_1_5' title="bbox 188 1551 2154 1610">
    <p class='ocr_par' dir='ltr' id='par_1_6' title="bbox 188 1551 2154 1610">
     <span class='ocr_line' id='line_1_18' title="bbox 188 1551 2154 1610; baseline 0.002 -18"><span class='ocrx_word' id='word_1_179' title='bbox 188 1566 315 1593; x_wconf 87' lang='lat' dir='ltr'><strong>causa</strong></span> <span class='ocrx_word' id='word_1_180' title='bbox 346 1552 578 1593; x_wconf 86' lang='lat' dir='ltr'><strong>meretricis</strong></span> <span class='ocrx_word' id='word_1_181' title='bbox 611 1551 824 1606; x_wconf 79' lang='lat' dir='ltr'><strong>agendum</strong></span> <span class='ocrx_word' id='word_1_182' title='bbox 856 1561 934 1604; x_wconf 90' lang='lat' dir='ltr'><strong>est,</strong></span> <span class='ocrx_word' id='word_1_183' title='bbox 975 1568 1067 1594; x_wconf 87' lang='lat' dir='ltr'><strong>rem</strong></span> <span class='ocrx_word' id='word_1_184' title='bbox 1099 1554 1238 1609; x_wconf 89' lang='lat' dir='ltr'><strong>potius</strong></span> <span class='ocrx_word' id='word_1_185' title='bbox 1268 1553 1482 1610; x_wconf 86' lang='lat' dir='ltr'><strong>judicibus</strong></span> <span class='ocrx_word' id='word_1_186' title='bbox 1513 1552 1788 1610; x_wconf 87' lang='lat' dir='ltr'><strong>spectandam</strong></span> <span class='ocrx_word' id='word_1_187' title='bbox 1822 1567 1910 1595; x_wconf 89' lang='lat' dir='ltr'><strong>esse</strong></span> <span class='ocrx_word' id='word_1_188' title='bbox 1940 1553 2154 1606; x_wconf 82' lang='lat' dir='ltr'><strong>dicamus3</strong></span> 
     </span>
    </p>
   </div>
   <div class='ocr_carea' id='block_1_6' title="bbox 182 1705 1143 2566">
    <p class='ocr_par' dir='ltr' id='par_1_7' title="bbox 194 1705 1143 1809">
     <span class='ocr_line' id='line_1_19' title="bbox 264 1705 1143 1751; baseline -0.002 -11"><span class='ocrx_word' id='word_1_189' title='bbox 264 1705 567 1751; x_wconf 80' lang='lat' dir='ltr'><strong>commemoramus]</strong></span> <span class='ocrx_word' id='word_1_190' title='bbox 604 1705 739 1739; x_wconf 88' lang='lat' dir='ltr'><strong>Grotius</strong></span> <span class='ocrx_word' id='word_1_191' title='bbox 779 1706 914 1748; x_wconf 81' lang='lat' dir='ltr'><strong>margini</strong></span> <span class='ocrx_word' id='word_1_192' title='bbox 959 1706 1143 1751; x_wconf 78' lang='lat' dir='ltr'><strong>adscripsit:</strong></span> 
     </span>
     <span class='ocr_line' id='line_1_20' title="bbox 194 1769 966 1809; baseline -0.001 -8"><span class='ocrx_word' id='word_1_193' title='bbox 194 1769 251 1801; x_wconf 65' lang='lat' dir='ltr'><strong>ml.</strong></span> <span class='ocrx_word' id='word_1_194' title='bbox 276 1770 568 1808; x_wconf 81' lang='lat' dir='ltr'><strong>commendamus«,</strong></span> <span class='ocrx_word' id='word_1_195' title='bbox 596 1769 653 1800; x_wconf 89' lang='lat' dir='ltr'><strong>scd</strong></span> <span class='ocrx_word' id='word_1_196' title='bbox 677 1779 716 1799; x_wconf 90' lang='lat' dir='ltr'><strong>eo</strong></span> <span class='ocrx_word' id='word_1_197' title='bbox 736 1779 801 1799; x_wconf 88' lang='lat' dir='ltr'><strong>nou</strong></span> <span class='ocrx_word' id='word_1_198' title='bbox 826 1780 966 1809; x_wconf 81' lang='lat' dir='ltr'><strong>egemus.</strong></span> 
     </span>
    </p>

    <p class='ocr_par' dir='ltr' id='par_1_8' title="bbox 183 1831 1143 1941">
     <span class='ocr_line' id='line_1_21' title="bbox 261 1831 1143 1878; baseline 0 -14"><span class='ocrx_word' id='word_1_199' title='bbox 261 1831 467 1878; x_wconf 80' lang='lat' dir='ltr'><strong>impotentes]</strong></span> <span class='ocrx_word' id='word_1_200' title='bbox 494 1832 544 1864; x_wconf 83' lang='lat' dir='ltr'><strong>Ne</strong></span> <span class='ocrx_word' id='word_1_201' title='bbox 569 1837 714 1875; x_wconf 82' lang='lat' dir='ltr'><strong>polentes</strong></span> <span class='ocrx_word' id='word_1_202' title='bbox 741 1838 925 1875; x_wconf 83' lang='lat' dir='ltr'><strong>exspectes,</strong></span> <span class='ocrx_word' id='word_1_203' title='bbox 950 1832 1022 1863; x_wconf 84' lang='lat' dir='ltr'><strong>vide</strong></span> <span class='ocrx_word' id='word_1_204' title='bbox 1047 1843 1143 1876; x_wconf 85' lang='lat' dir='ltr'><strong>supra</strong></span> 
     </span>
     <span class='ocr_line' id='line_1_22' title="bbox 183 1895 403 1941; baseline 0.005 -14"><span class='ocrx_word' id='word_1_205' title='bbox 183 1897 238 1939; x_wconf 79' lang='lat' dir='ltr'><strong>(ad</strong></span> <span class='ocrx_word' id='word_1_206' title='bbox 262 1895 290 1941; x_wconf 66' lang='grc' dir='ltr'><strong>ξ.</strong></span> <span class='ocrx_word' id='word_1_207' title='bbox 305 1896 403 1941; x_wconf 77' lang='lat'>427).</span> 
     </span>
    </p>

    <p class='ocr_par' dir='ltr' id='par_1_9' title="bbox 183 1958 1143 2251">
     <span class='ocr_line' id='line_1_23' title="bbox 264 1958 1142 2003; baseline -0.001 -13"><span class='ocrx_word' id='word_1_208' title='bbox 264 1958 455 2003; x_wconf 75' lang='lat' dir='ltr'><strong>insinuatio]</strong></span> <span class='ocrx_word' id='word_1_209' title='bbox 478 1959 628 1991; x_wconf 86' lang='lat' dir='ltr'><strong>Ciceroni</strong></span> <span class='ocrx_word' id='word_1_210' title='bbox 647 1959 700 2001; x_wconf 89' lang='lat' dir='ltr'><strong>(de</strong></span> <span class='ocrx_word' id='word_1_211' title='bbox 718 1958 781 1990; x_wconf 86' lang='lat' dir='ltr'><strong>inv.</strong></span> <span class='ocrx_word' id='word_1_212' title='bbox 800 1959 832 1997; x_wconf 81' lang='lat'><strong>1,</strong></span> <span class='ocrx_word' id='word_1_213' title='bbox 862 1958 921 2001; x_wconf 77' lang='lat'><strong>15)</strong></span> <span class='ocrx_word' id='word_1_214' title='bbox 945 1963 995 1989; x_wconf 85' lang='lat' dir='ltr'><strong>est</strong></span> <span class='ocrx_word' id='word_1_215' title='bbox 1021 1958 1142 1989; x_wconf 76' lang='lat' dir='ltr'><strong>»oratio</strong></span> 
     </span>
     <span class='ocr_line' id='line_1_24' title="bbox 185 2021 1142 2066; baseline -0.001 -13"><span class='ocrx_word' id='word_1_216' title='bbox 185 2022 322 2066; x_wconf 80' lang='lat' dir='ltr'><strong>quadam</strong></span> <span class='ocrx_word' id='word_1_217' title='bbox 350 2022 601 2053; x_wconf 82' lang='lat' dir='ltr'><strong>dissimulatione</strong></span> <span class='ocrx_word' id='word_1_218' title='bbox 630 2027 661 2053; x_wconf 89' lang='lat' dir='ltr'><strong>et</strong></span> <span class='ocrx_word' id='word_1_219' title='bbox 686 2021 872 2052; x_wconf 85' lang='lat' dir='ltr'><strong>circuitione</strong></span> <span class='ocrx_word' id='word_1_220' title='bbox 900 2022 1029 2053; x_wconf 85' lang='lat' dir='ltr'><strong>subiens</strong></span> <span class='ocrx_word' id='word_1_221' title='bbox 1056 2021 1142 2053; x_wconf 84' lang='lat' dir='ltr'><strong>audi-</strong></span> 
     </span>
     <span class='ocr_line' id='line_1_25' title="bbox 183 2084 1142 2128; baseline -0.003 -11"><span class='ocrx_word' id='word_1_222' title='bbox 183 2085 262 2118; x_wconf 81' lang='lat' dir='ltr'><strong>toris</strong></span> <span class='ocrx_word' id='word_1_223' title='bbox 294 2085 470 2123; x_wconf 47' lang='lat' dir='ltr'><strong>animumn</strong></span> <span class='ocrx_word' id='word_1_224' title='bbox 510 2085 609 2117; x_wconf 89' lang='lat' dir='ltr'><strong>Curio</strong></span> <span class='ocrx_word' id='word_1_225' title='bbox 646 2084 877 2115; x_wconf 79' lang='lat' dir='ltr'><strong>Fortunatiano</strong></span> <span class='ocrx_word' id='word_1_226' title='bbox 912 2086 954 2128; x_wconf 90' lang='lat' dir='ltr'><strong>(p.</strong></span> <span class='ocrx_word' id='word_1_227' title='bbox 972 2086 1021 2116; x_wconf 79' lang='lat'><strong>60</strong></span> <span class='ocrx_word' id='word_1_228' title='bbox 1043 2084 1142 2127; x_wconf 75' lang='lat' dir='ltr'><strong>Pith.)</strong></span> 
     </span>
     <span class='ocr_line' id='line_1_26' title="bbox 192 2145 1143 2191; baseline 0.001 -16"><span class='ocrx_word' id='word_1_229' title='bbox 192 2146 384 2178; x_wconf 73' lang='lat' dir='ltr'><strong>»subdolum</strong></span> <span class='ocrx_word' id='word_1_230' title='bbox 409 2145 615 2189; x_wconf 86' lang='lat' dir='ltr'><strong>principium,</strong></span> <span class='ocrx_word' id='word_1_231' title='bbox 645 2156 709 2188; x_wconf 89' lang='lat' dir='ltr'><strong>quo</strong></span> <span class='ocrx_word' id='word_1_232' title='bbox 737 2145 892 2177; x_wconf 87' lang='lat' dir='ltr'><strong>occultius</strong></span> <span class='ocrx_word' id='word_1_233' title='bbox 919 2145 1086 2191; x_wconf 86' lang='lat' dir='ltr'><strong>irrepimus</strong></span> <span class='ocrx_word' id='word_1_234' title='bbox 1109 2145 1143 2177; x_wconf 84' lang='lat' dir='ltr'><strong>in</strong></span> 
     </span>
     <span class='ocr_line' id='line_1_27' title="bbox 183 2209 491 2251; baseline -0.013 -8"><span class='ocrx_word' id='word_1_235' title='bbox 183 2210 321 2243; x_wconf 73' lang='lat' dir='ltr'><strong>animum</strong></span> <span class='ocrx_word' id='word_1_236' title='bbox 344 2209 491 2251; x_wconf 63' lang='lat' dir='ltr'><strong>judicis«</strong></span> 
     </span>
    </p>

    <p class='ocr_par' dir='ltr' id='par_1_10' title="bbox 182 2268 1143 2566">
     <span class='ocr_line' id='line_1_28' title="bbox 258 2268 1143 2314; baseline -0.002 -12"><span class='ocrx_word' id='word_1_237' title='bbox 258 2268 468 2314; x_wconf 80' lang='lat' dir='ltr'><strong>acclmnatio]</strong></span> <span class='ocrx_word' id='word_1_238' title='bbox 495 2269 584 2310; x_wconf 83' lang='lat' dir='ltr'><strong>Lege</strong></span> <span class='ocrx_word' id='word_1_239' title='bbox 611 2269 803 2302; x_wconf 78' lang='lat' dir='ltr'><strong>acclamatio.</strong></span> <span class='ocrx_word' id='word_1_240' title='bbox 820 2270 945 2302; x_wconf 63' lang='lat' dir='ltr'><strong>voxcn.</strong></span> <span class='ocrx_word' id='word_1_241' title='bbox 976 2271 1077 2314; x_wconf 78' lang='lat' dir='ltr'><strong>(spec.</strong></span> <span class='ocrx_word' id='word_1_242' title='bbox 1099 2281 1143 2308; x_wconf 73' lang='lat' dir='ltr'><strong>cr,</strong></span> 
     </span>
     <span class='ocr_line' id='line_1_29' title="bbox 182 2330 1141 2376; baseline -0.001 -12"><span class='ocrx_word' id='word_1_243' title='bbox 182 2345 213 2376; x_wconf 86' lang='lat' dir='ltr'><strong>p.</strong></span> <span class='ocrx_word' id='word_1_244' title='bbox 238 2333 318 2375; x_wconf 79' lang='lat'>85).</span> <span class='ocrx_word' id='word_1_245' title='bbox 342 2350 389 2355; x_wconf 88' lang='grc'><strong>--</strong></span> <span class='ocrx_word' id='word_1_246' title='bbox 427 2330 690 2373; x_wconf 76' lang='lat' dir='ltr'><strong>Intempestivam</strong></span> <span class='ocrx_word' id='word_1_247' title='bbox 723 2342 794 2361; x_wconf 85' lang='lat' dir='ltr'><strong>esse</strong></span> <span class='ocrx_word' id='word_1_248' title='bbox 826 2332 1040 2373; x_wconf 86' lang='lat' dir='ltr'><strong>conjecturam</strong></span> <span class='ocrx_word' id='word_1_249' title='bbox 1070 2331 1141 2376; x_wconf 84' lang='lat' dir='ltr'><strong>ipsa</strong></span> 
     </span>
     <span class='ocr_line' id='line_1_30' title="bbox 183 2394 1142 2439; baseline -0.002 -11"><span class='ocrx_word' id='word_1_250' title='bbox 183 2395 352 2429; x_wconf 87' lang='lat' dir='ltr'><strong>Ciceronis</strong></span> <span class='ocrx_word' id='word_1_251' title='bbox 380 2395 476 2426; x_wconf 82' lang='lat' dir='ltr'><strong>verba</strong></span> <span class='ocrx_word' id='word_1_252' title='bbox 505 2394 724 2425; x_wconf 78' lang='lat' dir='ltr'><strong>demonstrant</strong></span> <span class='ocrx_word' id='word_1_253' title='bbox 755 2394 814 2436; x_wconf 83' lang='lat' dir='ltr'><strong>(de</strong></span> <span class='ocrx_word' id='word_1_254' title='bbox 847 2394 964 2426; x_wconf 77' lang='lat' dir='ltr'><strong>invent.</strong></span> <span class='ocrx_word' id='word_1_255' title='bbox 995 2396 1032 2435; x_wconf 82' lang='lat'><strong>1,</strong></span> <span class='ocrx_word' id='word_1_256' title='bbox 1066 2394 1142 2439; x_wconf 77' lang='lat'><strong>17),</strong></span> 
     </span>
     <span class='ocr_line' id='line_1_31' title="bbox 183 2457 1142 2505; baseline -0.001 -14"><span class='ocrx_word' id='word_1_257' title='bbox 183 2472 265 2505; x_wconf 79' lang='lat' dir='ltr'><strong>quae</strong></span> <span class='ocrx_word' id='word_1_258' title='bbox 290 2465 394 2490; x_wconf 85' lang='lat' dir='ltr'><strong>tamen</strong></span> <span class='ocrx_word' id='word_1_259' title='bbox 420 2470 460 2490; x_wconf 90' lang='lat' dir='ltr'><strong>ne</strong></span> <span class='ocrx_word' id='word_1_260' title='bbox 489 2457 666 2490; x_wconf 81' lang='lat' dir='ltr'><strong>Martianus</strong></span> <span class='ocrx_word' id='word_1_261' title='bbox 690 2457 816 2500; x_wconf 85' lang='lat' dir='ltr'><strong>quidem</strong></span> <span class='ocrx_word' id='word_1_262' title='bbox 842 2458 918 2489; x_wconf 81' lang='lat' dir='ltr'><strong>satis</strong></span> <span class='ocrx_word' id='word_1_263' title='bbox 943 2458 1142 2491; x_wconf 81' lang='lat' dir='ltr'><strong>intellexisse</strong></span> 
     </span>
     <span class='ocr_line' id='line_1_32' title="bbox 183 2520 1142 2566; baseline 0.002 -14"><span class='ocrx_word' id='word_1_264' title='bbox 183 2523 324 2553; x_wconf 63' lang='lat' dir='ltr'><strong>videtum</strong></span> <span class='ocrx_word' id='word_1_265' title='bbox 351 2521 420 2552; x_wconf 85' lang='lat' dir='ltr'><strong>»sin</strong></span> <span class='ocrx_word' id='word_1_266' title='bbox 448 2533 500 2552; x_wconf 88' lang='lat' dir='ltr'><strong>res</strong></span> <span class='ocrx_word' id='word_1_267' title='bbox 523 2520 626 2559; x_wconf 86' lang='lat' dir='ltr'><strong>dabit,</strong></span> <span class='ocrx_word' id='word_1_268' title='bbox 657 2531 722 2551; x_wconf 87' lang='lat' dir='ltr'><strong>non</strong></span> <span class='ocrx_word' id='word_1_269' title='bbox 744 2520 856 2551; x_wconf 84' lang='lat' dir='ltr'><strong>inutile</strong></span> <span class='ocrx_word' id='word_1_270' title='bbox 881 2526 946 2560; x_wconf 82' lang='lat' dir='ltr'><strong>cst,</strong></span> <span class='ocrx_word' id='word_1_271' title='bbox 971 2522 1010 2553; x_wconf 87' lang='lat' dir='ltr'><strong>ab</strong></span> <span class='ocrx_word' id='word_1_272' title='bbox 1038 2522 1142 2566; x_wconf 83' lang='lat' dir='ltr'><strong>aliqua</strong></span> 
     </span>
    </p>
   </div>
   <div class='ocr_carea' id='block_1_7' title="bbox 184 2584 1140 2629">
    <p class='ocr_par' dir='ltr' id='par_1_11' title="bbox 184 2584 1140 2629">
     <span class='ocr_line' id='line_1_33' title="bbox 184 2584 1140 2629; baseline 0.002 -12"><span class='ocrx_word' id='word_1_273' title='bbox 184 2597 218 2618; x_wconf 85' lang='lat' dir='ltr'><strong>re</strong></span> <span class='ocrx_word' id='word_1_274' title='bbox 237 2597 318 2618; x_wconf 76' lang='lat' dir='ltr'><strong>nova</strong></span> <span class='ocrx_word' id='word_1_275' title='bbox 341 2590 396 2618; x_wconf 79' lang='lat' dir='ltr'><strong>aut</strong></span> <span class='ocrx_word' id='word_1_276' title='bbox 419 2584 553 2617; x_wconf 74' lang='lat' dir='ltr'><strong>ridicula</strong></span> <span class='ocrx_word' id='word_1_277' title='bbox 574 2584 729 2629; x_wconf 81' lang='lat' dir='ltr'><strong>incipere,</strong></span> <span class='ocrx_word' id='word_1_278' title='bbox 758 2589 812 2616; x_wconf 81' lang='lat' dir='ltr'><strong>aut</strong></span> <span class='ocrx_word' id='word_1_279' title='bbox 833 2596 871 2616; x_wconf 87' lang='lat' dir='ltr'><strong>ex</strong></span> <span class='ocrx_word' id='word_1_280' title='bbox 894 2590 1036 2629; x_wconf 86' lang='lat' dir='ltr'><strong>tempore</strong></span> <span class='ocrx_word' id='word_1_281' title='bbox 1059 2598 1140 2629; x_wconf 83' lang='lat' dir='ltr'><strong>quae</strong></span> 
     </span>
    </p>
   </div>
   <div class='ocr_carea' id='block_1_8' title="bbox 1194 1709 2153 1754">
    <p class='ocr_par' dir='ltr' id='par_1_12' title="bbox 1194 1709 2153 1754">
     <span class='ocr_line' id='line_1_34' title="bbox 1194 1709 2153 1754; baseline 0.002 -13"><span class='ocrx_word' id='word_1_282' title='bbox 1194 1715 1268 1741; x_wconf 85' lang='lat' dir='ltr'><strong>nata</strong></span> <span class='ocrx_word' id='word_1_283' title='bbox 1300 1709 1356 1750; x_wconf 90' lang='lat' dir='ltr'><strong>sit,</strong></span> <span class='ocrx_word' id='word_1_284' title='bbox 1386 1710 1474 1754; x_wconf 87' lang='lat' dir='ltr'><strong>quod</strong></span> <span class='ocrx_word' id='word_1_285' title='bbox 1508 1721 1609 1751; x_wconf 85' lang='lat' dir='ltr'><strong>genus</strong></span> <span class='ocrx_word' id='word_1_286' title='bbox 1638 1710 1790 1754; x_wconf 78' lang='lat' dir='ltr'><strong>strepitu,</strong></span> <span class='ocrx_word' id='word_1_287' title='bbox 1822 1711 2069 1750; x_wconf 81' lang='lat' dir='ltr'><strong>acclamatione,</strong></span> <span class='ocrx_word' id='word_1_288' title='bbox 2099 1717 2153 1743; x_wconf 84' lang='lat' dir='ltr'><strong>aut</strong></span> 
     </span>
    </p>
   </div>
   <div class='ocr_carea' id='block_1_9' title="bbox 1188 1773 2150 1817">
    <p class='ocr_par' dir='ltr' id='par_1_13' title="bbox 1188 1773 2150 1817">
     <span class='ocr_line' id='line_1_35' title="bbox 1188 1773 2150 1817; baseline 0.002 -13"><span class='ocrx_word' id='word_1_289' title='bbox 1188 1774 1255 1815; x_wconf 79' lang='lat' dir='ltr'><strong>jain</strong></span> <span class='ocrx_word' id='word_1_290' title='bbox 1274 1779 1399 1817; x_wconf 80' lang='lat' dir='ltr'><strong>parata,</strong></span> <span class='ocrx_word' id='word_1_291' title='bbox 1427 1785 1508 1817; x_wconf 88' lang='lat' dir='ltr'><strong>quae</strong></span> <span class='ocrx_word' id='word_1_292' title='bbox 1528 1773 1577 1805; x_wconf 75' lang='lat' dir='ltr'><strong>vel</strong></span> <span class='ocrx_word' id='word_1_293' title='bbox 1600 1774 1771 1817; x_wconf 84' lang='lat' dir='ltr'><strong>apologum</strong></span> <span class='ocrx_word' id='word_1_294' title='bbox 1795 1774 1846 1806; x_wconf 84' lang='lat' dir='ltr'><strong>vel</strong></span> <span class='ocrx_word' id='word_1_295' title='bbox 1868 1775 2008 1806; x_wconf 78' lang='lat' dir='ltr'><strong>fabulam</strong></span> <span class='ocrx_word' id='word_1_296' title='bbox 2026 1775 2077 1807; x_wconf 90' lang='lat' dir='ltr'><strong>vel</strong></span> <span class='ocrx_word' id='word_1_297' title='bbox 2096 1774 2150 1806; x_wconf 82' lang='lat' dir='ltr'><strong>ali-</strong></span> 
     </span>
    </p>
   </div>
   <div class='ocr_carea' id='block_1_10' title="bbox 1194 1837 2151 2005">
    <p class='ocr_par' dir='ltr' id='par_1_14' title="bbox 1194 1837 2151 2005">
     <span class='ocr_line' id='line_1_36' title="bbox 1194 1837 1706 1881; baseline 0.002 -14"><span class='ocrx_word' id='word_1_298' title='bbox 1194 1849 1289 1881; x_wconf 88' lang='lat' dir='ltr'><strong>quam</strong></span> <span class='ocrx_word' id='word_1_299' title='bbox 1313 1837 1475 1868; x_wconf 82' lang='lat' dir='ltr'><strong>contineat</strong></span> <span class='ocrx_word' id='word_1_300' title='bbox 1497 1839 1706 1868; x_wconf 54' lang='lat' dir='ltr'><strong>invisione-ma«</strong></span> 
     </span>
     <span class='ocr_line' id='line_1_37' title="bbox 1270 1896 2149 1945; baseline 0.003 -17"><span class='ocrx_word' id='word_1_301' title='bbox 1270 1896 1429 1945; x_wconf 75' lang='lat' dir='ltr'><strong>quinque]</strong></span> <span class='ocrx_word' id='word_1_302' title='bbox 1459 1897 1574 1929; x_wconf 85' lang='lat' dir='ltr'><strong>Cicero</strong></span> <span class='ocrx_word' id='word_1_303' title='bbox 1595 1899 1647 1941; x_wconf 92' lang='lat' dir='ltr'><strong>(de</strong></span> <span class='ocrx_word' id='word_1_304' title='bbox 1676 1898 1739 1930; x_wconf 87' lang='lat' dir='ltr'><strong>inv.</strong></span> <span class='ocrx_word' id='word_1_305' title='bbox 1763 1899 1800 1938; x_wconf 86' lang='lat'><strong>1,</strong></span> <span class='ocrx_word' id='word_1_306' title='bbox 1834 1898 1893 1941; x_wconf 77' lang='lat'><strong>15)</strong></span> <span class='ocrx_word' id='word_1_307' title='bbox 1914 1898 2012 1942; x_wconf 89' lang='lat' dir='ltr'><strong>paulo</strong></span> <span class='ocrx_word' id='word_1_308' title='bbox 2042 1898 2149 1931; x_wconf 80' lang='lat' dir='ltr'><strong>aliter:</strong></span> 
     </span>
     <span class='ocr_line' id='line_1_38' title="bbox 1199 1959 2151 2005; baseline 0.004 -15"><span class='ocrx_word' id='word_1_309' title='bbox 1199 1959 1348 1993; x_wconf 78' lang='lat' dir='ltr'><strong>»Genera</strong></span> <span class='ocrx_word' id='word_1_310' title='bbox 1373 1972 1539 1993; x_wconf 87' lang='lat' dir='ltr'><strong>causarum</strong></span> <span class='ocrx_word' id='word_1_311' title='bbox 1563 1967 1638 1992; x_wconf 86' lang='lat' dir='ltr'><strong>sunt</strong></span> <span class='ocrx_word' id='word_1_312' title='bbox 1661 1962 1817 2005; x_wconf 88' lang='lat' dir='ltr'><strong>quinque,</strong></span> <span class='ocrx_word' id='word_1_313' title='bbox 1839 1964 2030 2003; x_wconf 87' lang='lat' dir='ltr'><strong>honestum,</strong></span> <span class='ocrx_word' id='word_1_314' title='bbox 2054 1963 2151 1994; x_wconf 80' lang='lat' dir='ltr'><strong>admi-</strong></span> 
     </span>
    </p>
   </div>
   <div class='ocr_carea' id='block_1_11' title="bbox 1192 2022 2150 2067">
    <p class='ocr_par' dir='ltr' id='par_1_15' title="bbox 1192 2022 2150 2067">
     <span class='ocr_line' id='line_1_39' title="bbox 1192 2022 2150 2067; baseline 0.002 -15"><span class='ocrx_word' id='word_1_315' title='bbox 1192 2022 1309 2062; x_wconf 85' lang='lat' dir='ltr'><strong>rabile,</strong></span> <span class='ocrx_word' id='word_1_316' title='bbox 1344 2022 1479 2061; x_wconf 90' lang='lat' dir='ltr'><strong>humile,</strong></span> <span class='ocrx_word' id='word_1_317' title='bbox 1507 2034 1640 2066; x_wconf 81' lang='lat' dir='ltr'><strong>anceps,</strong></span> <span class='ocrx_word' id='word_1_318' title='bbox 1674 2024 1883 2064; x_wconf 69' lang='lat' dir='ltr'><strong>obscurum«,</strong></span> <span class='ocrx_word' id='word_1_319' title='bbox 1920 2035 2001 2067; x_wconf 84' lang='lat' dir='ltr'><strong>quae</strong></span> <span class='ocrx_word' id='word_1_320' title='bbox 2028 2023 2150 2055; x_wconf 80' lang='lat' dir='ltr'><strong>Graece</strong></span> 
     </span>
    </p>
   </div>
   <div class='ocr_carea' id='block_1_12' title="bbox 1185 2083 2149 2127">
    <p class='ocr_par' dir='ltr' id='par_1_16' title="bbox 1185 2083 2149 2127">
     <span class='ocr_line' id='line_1_40' title="bbox 1185 2083 2149 2127; baseline -0.001 -12"><span class='ocrx_word' id='word_1_321' title='bbox 1185 2084 1240 2116; x_wconf 55' lang='lat' dir='ltr'><strong>*sic</strong></span> <span class='ocrx_word' id='word_1_322' title='bbox 1269 2083 1410 2127; x_wconf 84' lang='lat' dir='ltr'><strong>appellat</strong></span> <span class='ocrx_word' id='word_1_323' title='bbox 1447 2083 1566 2115; x_wconf 84' lang='lat' dir='ltr'><strong>Curius</strong></span> <span class='ocrx_word' id='word_1_324' title='bbox 1597 2084 1848 2115; x_wconf 82' lang='lat' dir='ltr'><strong>Fortunatianus</strong></span> <span class='ocrx_word' id='word_1_325' title='bbox 1877 2084 1926 2127; x_wconf 89' lang='lat' dir='ltr'><strong>(p.</strong></span> <span class='ocrx_word' id='word_1_326' title='bbox 1955 2085 2004 2115; x_wconf 81' lang='lat'><strong>60</strong></span> <span class='ocrx_word' id='word_1_327' title='bbox 2028 2083 2149 2126; x_wconf 76' lang='lat' dir='ltr'><strong>Pith.):</strong></span> 
     </span>
    </p>
   </div>
   <div class='ocr_carea' id='block_1_13' title="bbox 1193 2141 2149 2375">
    <p class='ocr_par' dir='ltr' id='par_1_17' title="bbox 1193 2141 2149 2314">
     <span class='ocr_line' id='line_1_41' title="bbox 1200 2141 2149 2191; baseline -0.007 -15"><span class='ocrx_word' id='word_1_328' title='bbox 1200 2142 1384 2185; x_wconf 70' lang='grc' dir='ltr'><em>»ἔνδοξον</em></span> <span class='ocrx_word' id='word_1_329' title='bbox 1413 2146 1600 2185; x_wconf 82' lang='lat' dir='ltr'><strong>honestum,</strong></span> <span class='ocrx_word' id='word_1_330' title='bbox 1635 2141 1855 2191; x_wconf 67' lang='grc' dir='ltr'><em>ἀμφίδοξον</em></span> <span class='ocrx_word' id='word_1_331' title='bbox 1878 2154 2010 2187; x_wconf 84' lang='lat' dir='ltr'><strong>anceps,</strong></span> <span class='ocrx_word' id='word_1_332' title='bbox 2029 2141 2149 2190; x_wconf 72' lang='grc' dir='ltr'>παρά.</span> 
     </span>
     <span class='ocr_line' id='line_1_42' title="bbox 1193 2202 2148 2251; baseline 0.005 -16"><span class='ocrx_word' id='word_1_333' title='bbox 1193 2204 1313 2247; x_wconf 72' lang='grc' dir='ltr'><em>δοξον</em></span> <span class='ocrx_word' id='word_1_334' title='bbox 1338 2205 1540 2246; x_wconf 78' lang='lat' dir='ltr'><strong>admirabile,</strong></span> <span class='ocrx_word' id='word_1_335' title='bbox 1571 2202 1718 2245; x_wconf 73' lang='grc' dir='ltr'><em>ἄδοξον</em></span> <span class='ocrx_word' id='word_1_336' title='bbox 1742 2204 1878 2246; x_wconf 81' lang='lat' dir='ltr'><strong>humile,</strong></span> <span class='ocrx_word' id='word_1_337' title='bbox 1905 2206 2148 2251; x_wconf 75' lang='grc' dir='ltr'><em>δυόπαρακο-</em></span> 
     </span>
     <span class='ocr_line' id='line_1_43' title="bbox 1194 2264 1622 2314; baseline -0.012 -10"><span class='ocrx_word' id='word_1_338' title='bbox 1194 2264 1396 2314; x_wconf 69' lang='grc' dir='ltr'><strong>λούθητον</strong></span> <span class='ocrx_word' id='word_1_339' title='bbox 1422 2269 1622 2301; x_wconf 84' lang='lat' dir='ltr'><strong>obscurum.«</strong></span> 
     </span>
    </p>

    <p class='ocr_par' dir='ltr' id='par_1_18' title="bbox 1267 2328 2149 2375">
     <span class='ocr_line' id='line_1_44' title="bbox 1267 2328 2149 2375; baseline 0 -14"><span class='ocrx_word' id='word_1_340' title='bbox 1267 2342 1334 2362; x_wconf 86' lang='lat' dir='ltr'><strong>rem</strong></span> <span class='ocrx_word' id='word_1_341' title='bbox 1348 2329 1474 2375; x_wconf 75' lang='lat' dir='ltr'><strong>potius]</strong></span> <span class='ocrx_word' id='word_1_342' title='bbox 1503 2329 1628 2361; x_wconf 85' lang='lat' dir='ltr'><strong>Auctor</strong></span> <span class='ocrx_word' id='word_1_343' title='bbox 1647 2328 1685 2359; x_wconf 82' lang='lat' dir='ltr'><strong>ad</strong></span> <span class='ocrx_word' id='word_1_344' title='bbox 1712 2329 1911 2361; x_wconf 82' lang='lat' dir='ltr'><strong>Herennium</strong></span> <span class='ocrx_word' id='word_1_345' title='bbox 1936 2330 1989 2373; x_wconf 86' lang='lat' dir='ltr'><strong>(l,</strong></span> <span class='ocrx_word' id='word_1_346' title='bbox 2015 2330 2068 2373; x_wconf 74' lang='lat'><strong>6)=</strong></span> <span class='ocrx_word' id='word_1_347' title='bbox 2093 2330 2149 2363; x_wconf 76' lang='lat' dir='ltr'><strong>»Si</strong></span> 
     </span>
    </p>
   </div>
   <div class='ocr_carea' id='block_1_14' title="bbox 1192 2392 2148 2626">
    <p class='ocr_par' dir='ltr' id='par_1_19' title="bbox 1192 2392 2148 2626">
     <span class='ocr_line' id='line_1_45' title="bbox 1193 2392 2148 2437; baseline 0 -12"><span class='ocrx_word' id='word_1_348' title='bbox 1193 2405 1288 2426; x_wconf 83' lang='lat' dir='ltr'><strong>eausa</strong></span> <span class='ocrx_word' id='word_1_349' title='bbox 1308 2394 1538 2437; x_wconf 78' lang='lat' dir='ltr'><strong>turpitudinem</strong></span> <span class='ocrx_word' id='word_1_350' title='bbox 1561 2392 1706 2432; x_wconf 79' lang='lat' dir='ltr'><strong>habebit,</strong></span> <span class='ocrx_word' id='word_1_351' title='bbox 1741 2392 1880 2424; x_wconf 83' lang='lat' dir='ltr'><strong>exordiri</strong></span> <span class='ocrx_word' id='word_1_352' title='bbox 1902 2394 2080 2437; x_wconf 86' lang='lat' dir='ltr'><strong>poterimus</strong></span> <span class='ocrx_word' id='word_1_353' title='bbox 2099 2394 2148 2425; x_wconf 85' lang='lat' dir='ltr'><strong>his</strong></span> 
     </span>
     <span class='ocr_line' id='line_1_46' title="bbox 1193 2454 2139 2499; baseline -0.003 -12"><span class='ocrx_word' id='word_1_354' title='bbox 1193 2454 1385 2487; x_wconf 83' lang='lat' dir='ltr'><strong>rationibus:</strong></span> <span class='ocrx_word' id='word_1_355' title='bbox 1408 2467 1496 2493; x_wconf 80' lang='lat' dir='ltr'><strong>rem,</strong></span> <span class='ocrx_word' id='word_1_356' title='bbox 1526 2465 1591 2485; x_wconf 91' lang='lat' dir='ltr'><strong>non</strong></span> <span class='ocrx_word' id='word_1_357' title='bbox 1615 2454 1773 2485; x_wconf 78' lang='lat' dir='ltr'><strong>hominem</strong></span> <span class='ocrx_word' id='word_1_358' title='bbox 1806 2455 1944 2498; x_wconf 86' lang='lat' dir='ltr'><strong>spectari</strong></span> <span class='ocrx_word' id='word_1_359' title='bbox 1965 2460 2139 2499; x_wconf 69' lang='lat' dir='ltr'><strong>oportere..</strong></span> 
     </span>
     <span class='ocr_line' id='line_1_47' title="bbox 1192 2517 2144 2563; baseline -0.001 -12"><span class='ocrx_word' id='word_1_360' title='bbox 1192 2518 1288 2552; x_wconf 82' lang='lat' dir='ltr'><strong>Adde</strong></span> <span class='ocrx_word' id='word_1_361' title='bbox 1313 2518 1503 2551; x_wconf 86' lang='lat' dir='ltr'><strong>Ciceronem</strong></span> <span class='ocrx_word' id='word_1_362' title='bbox 1529 2518 1632 2561; x_wconf 86' lang='lat' dir='ltr'><strong>ipsum</strong></span> <span class='ocrx_word' id='word_1_363' title='bbox 1656 2517 1713 2563; x_wconf 91' lang='lat' dir='ltr'><strong>(de</strong></span> <span class='ocrx_word' id='word_1_364' title='bbox 1736 2517 1801 2552; x_wconf 83' lang='lat' dir='ltr'><strong>inv.</strong></span> <span class='ocrx_word' id='word_1_365' title='bbox 1824 2519 1861 2559; x_wconf 83' lang='grc'><strong>1,</strong></span> <span class='ocrx_word' id='word_1_366' title='bbox 1898 2519 1967 2562; x_wconf 89' lang='grc'>17).</span> <span class='ocrx_word' id='word_1_367' title='bbox 1994 2519 2144 2552; x_wconf 84' lang='lat' dir='ltr'><strong>Ceterum</strong></span> 
     </span>
     <span class='ocr_line' id='line_1_48' title="bbox 1192 2580 2146 2626; baseline -0.004 -10"><span class='ocrx_word' id='word_1_368' title='bbox 1192 2583 1335 2617; x_wconf 82' lang='lat' dir='ltr'><strong>dicamus</strong></span> <span class='ocrx_word' id='word_1_369' title='bbox 1354 2580 1467 2626; x_wconf 87' lang='lat' dir='ltr'><strong>scripsi</strong></span> <span class='ocrx_word' id='word_1_370' title='bbox 1487 2591 1547 2625; x_wconf 89' lang='lat' dir='ltr'><strong>pro</strong></span> <span class='ocrx_word' id='word_1_371' title='bbox 1566 2580 1700 2613; x_wconf 77' lang='lat' dir='ltr'><strong>dicinms</strong></span> <span class='ocrx_word' id='word_1_372' title='bbox 1716 2591 1733 2612; x_wconf 86' lang='lat' dir='ltr'><strong>e</strong></span> <span class='ocrx_word' id='word_1_373' title='bbox 1752 2580 1861 2613; x_wconf 88' lang='lat' dir='ltr'><strong>codice</strong></span> <span class='ocrx_word' id='word_1_374' title='bbox 1875 2580 2062 2614; x_wconf 63' lang='lat' dir='ltr'><strong>Monac-ensi</strong></span> <span class='ocrx_word' id='word_1_375' title='bbox 2079 2581 2146 2624; x_wconf 85' lang='lat' dir='ltr'>(C).</span> 
     </span>
    </p>
   </div>
  </div>
 </body>
</html>
