2310 2860
262 206 345 248 118

843 202 1043 245 Martiani
1082 200 1282 257 Capellae
1319 201 1392 242 lib.
1415 201 1446 243 I.
1485 203 1515 254 ᾗ.
1538 201 1607 244 75.

259 311 400 352 batur.
432 308 545 350 Inter
571 322 761 363 quarum
793 308 983 350 virorem
1007 307 1118 350 foeta
1145 306 1254 348 mari
1284 320 1362 362 per
1391 305 1557 349 lumina
1582 317 1823 351 coruscatus
1848 308 1976 352 fronti
2001 307 2217 365 quaedam

262 389 469 432 interioris
510 389 697 430 suavitas
745 388 1053 445 resplendebat.

259 471 461 525 utrinque
499 471 720 526 compacti.

1123 386 1412 443 Hyacinthos,
1465 387 1711 441 Dendrites‚
1760 390 1888 431 etiam
1933 389 2218 445 Heliotropios

787 471 874 521 Qui
915 469 1076 526 lapides
1117 469 1331 510 coloribus
1362 468 1447 510 suis
1478 477 1611 510 terras
1641 469 1740 511 ratis
1770 478 2016 526 temporum
2048 470 2216 512 vicibus

262 550 564 593 herbidabant:
597 566 705 607 quos
736 552 774 593 ei
805 552 858 593 ad
889 552 1149 607 obsequium
1179 549 1368 592 numinis
1398 550 1655 591 recurrentis
1686 549 1777 592 Ver
1805 550 2026 593 dicebatur
2056 560 2096 593 et
2124 551 2219 593 Au·-

263 642 463 674 ctumnus
483 646 664 674 munere
688 632 923 675 contulisse.
955 631 1164 673 Posterior
1195 640 1339 673 autem
1368 645 1466 687 pars
1498 645 1679 672 coronae
1700 629 1935 686 Hydatide‚
1965 631 2220 685 Adamante,

327 762 415 793 inter
441 759 592 808 quarum]
626 761 746 793 Totum
777 761 862 794 hune
890 761 997 794 locum
1026 760 1142 805 partim
1174 770 1216 793 ex

257 824 451 867 conjectura,
475 824 590 868 partim
609 836 648 856 ex
671 825 864 857 variantibus
885 824 1077 858 lectionibus
1096 830 1128 857 et
1142 822 1216 858 MS.

257 884 303 918 sie
325 885 477 917 restituo:
506 886 606 917 »inter
634 898 766 929 quarum
800 886 937 918 virorem
965 892 997 918 et
1024 887 1111 919 foeta
1137 885 1217 918 max-i

256 948 376 980 lumina
405 960 576 980 coruscans
605 949 702 980 fronti
728 950 883 992 quaedam
907 949 1051 982 interiori
1075 949 1216 981 suavitas

255 1009 482 1053 resplendebat
498 1010 709 1052 Hyacinthos,
726 1009 893 1042 Dendritis
910 1011 1021 1042 etiam«
1045 1016 1104 1044 eet.
1126 1011 1215 1054 Hya-

256 1071 436 1105 cinthorum
457 1073 651 1105 mentionem
673 1073 771 1107 habes
797 1074 881 1118 apud
898 1074 1086 1108 Marcellum
1108 1074 1142 1106 in
1166 1085 1216 1106 re·

256 1136 403 1179 sponsis,
433 1136 525 1177 eujus
554 1137 763 1178 fragmentum
798 1138 913 1169 citatur
936 1139 975 1169 de
1001 1148 1078 1169 auro
1104 1148 1168 1179 arg.
1194 1136 1215 1170 l.

257 1195 334 1238 Seja
365 1197 404 1228 ab
438 1197 555 1228 herede
585 1196 612 1241 ἓ.
639 1199 669 1228 1.
698 1197 766 1230 Sed
794 1204 827 1230 et
849 1199 934 1243 apud
956 1198 1098 1230 Plinium
1128 1198 1216 1229 etin

257 1256 465 1301 Apocalypsi.
507 1258 717 1290 Dcudritidos
747 1271 888 1300 gemmae
912 1260 1055 1291 meminit
1078 1259 1215 1291 Plinius.

254 1320 353 1352 Forte
385 1326 490 1351 tamen
522 1321 573 1353 hic
604 1322 692 1365 foeta
725 1323 852 1366 passive
888 1323 1004 1355 dixerit
1038 1335 1096 1367 pro
1126 1328 1214 1354 nata.

256 1381 360 1414 Gno'r.
379 1399 426 1404 —
453 1382 609 1425 Quamvis
638 1383 793 1415 obscurus
818 1384 910 1415 locus
936 1385 992 1425 sit,
1023 1385 1084 1417 hoe
1107 1390 1215 1415 tamen

255 1449 377 1478 certum
407 1450 473 1485 est,
511 1451 682 1488 sequentes
712 1447 873 1478 auctumni
905 1460 1044 1489 gemmas
1075 1449 1137 1480 huc
1165 1459 1214 1478 re-

253 1507 330 1539 ferri
351 1519 417 1539 non
438 1507 566 1549 debere,
591 1509 678 1552 quod
696 1508 830 1542 Grotius
855 1510 1003 1554 opinatus
1030 1522 1101 1543 esse
1126 1510 1213 1542 vide-

253 1577 326 1612 tur3
352 1571 524 1603 concidunt
542 1572 639 1613 igitur
658 1573 724 1615 jam
742 1585 812 1606 eam
837 1574 878 1605 ob
897 1586 1024 1606 eausam
1046 1574 1116 1616 ejus
1139 1584 1215 1606 con·

250 1633 414 1675 jecturae,
442 1635 558 1678 quibus
579 1636 708 1667 omnino
737 1636 961 1668 abstinendum
985 1643 1053 1668 erat
1081 1637 1114 1668 in
1141 1637 1213 1668 loco

256 1701 320 1727 tam
343 1702 504 1740 corrupto,
525 1702 560 1727 ut
581 1710 675 1741 quam
690 1698 845 1741 plurimae
867 1700 986 1742 pariter
1000 1705 1130 1743 pateant
1145 1711 1213 1730 cor-

255 1756 380 1798 rigendi
401 1757 479 1789 viae.
520 1757 588 1790 Sed
608 1771 647 1790 ne
672 1759 798 1792 codices
828 1760 957 1804 quidem
978 1761 1114 1793 multum
1140 1761 1213 1792 sub-

256 1819 329 1850 sidii
363 1821 526 1863 praebent.
578 1821 691 1864 Neque
735 1823 819 1854 enim
849 1836 908 1866 per
942 1824 1055 1856 abesse
1087 1829 1213 1868 potest,

255 1880 330 1912 licet
357 1881 390 1912 in
418 1882 488 1912 solo
519 1882 777 1915 Reielienaueusi
809 1884 841 1915 id
876 1885 1071 1925 invenci-inu
1107 1896 1213 1928 neque

253 1942 340 1986 fonti
366 1954 424 1986 pro
448 1943 552 1985 fronti
572 1955 612 1974 ex
639 1944 909 1986 Da1·1ustattensi‚
937 1946 1212 1987 Reichenauensi‚

256 2011 288 2037 et
313 2005 566 2048 Guelferbytano
592 2017 748 2050 reponere
776 2008 886 2040 ausim.
912 2009 1020 2040 Unum
1043 2009 1122 2041 illud
1141 2009 1212 2050 feci,

256 2073 291 2098 ut
310 2079 367 2110 pro
392 2067 549 2100 Grotiano
579 2074 725 2101 coruscat
748 2079 765 2100 e
787 2068 960 2110 Bongarsii
986 2076 1018 2101 et
1033 2071 1212 2102 Darmstat-

256 2130 340 2161 tensi
366 2130 474 2161 codice
502 2131 676 2174 reciperem
703 2137 909 2171 coruscatas,
941 2133 1029 2176 quod
1061 2134 1127 2165 sive
1153 2146 1211 2177 pro

257 2193 450 2224 nominativo
482 2194 641 2237 participii
676 2194 841 2236 absoluto,
881 2195 948 2227 sive
978 2207 1037 2239 pro
1072 2197 1211 2239 genitivo

259 2253 448 2286 substantivi
486 2255 623 2286 verbalis
660 2257 840 2301 acceperis,
887 2257 1089 2302 aliquatenus
1126 2265 1211 2291 certe

258 2328 329 2349 cum
355 2318 487 2361 reliquis
512 2318 619 2350 coibit.

304 2371 482 2424 '‘virorem]
514 2379 646 2412 Yirides
679 2391 819 2422 gemmas
852 2394 951 2414 verno
982 2383 1119 2426 tempori
1156 2383 1212 2414 ad-

259 2438 383 2471 scribit:
399 2438 609 2482 Smaragdum
628 2441 760 2483 scilicet,
785 2441 971 2486 Scythidem
992 2449 1024 2475 ct
1036 2444 1212 2488 Jaspidcm.

258 2503 427 2546 Smaragdi
448 2505 537 2536 color
555 2505 663 2537 viridis
685 2513 780 2538 notus
804 2509 971 2548 omnibusg,
999 2509 1037 2540 de
1057 2509 1211 2552 Scythide

259 2573 346 2611 patet
376 2580 415 2599 ex
440 2568 553 2599 eodem
577 2569 754 2610 Martiano,
778 2571 833 2614 qui
859 2572 933 2603 alibi
959 2571 1142 2616 »Scythidis
1166 2572 1210 2604 vi-

259 2634 363 2661 recta«
385 2631 547 2672 n0111inat3
584 2648 631 2654 —
656 2631 797 2664 dilutiori
819 2632 925 2666 colore
952 2640 1026 2666 sunt
1048 2634 1210 2679 Jaspides.

1265 757 1411 793 Arum).
1428 759 1503 805 (tab.
1522 759 1646 793 Heliae.
1663 772 1693 804 p.
1715 759 1786 804 68).
1802 780 1850 786 -·
1874 761 2024 794 »Virides
2038 761 2220 808 Smaraqdo

1268 824 1401 857 loricas«
1439 824 1519 855 dixit
1550 823 1748 858 Claudianus
1786 823 1884 870 (laud.
1917 823 1991 858 Stil.
2014 825 2048 858 2.
2069 826 2149 870 89),
2184 830 2222 858 ut

1267 885 1438 918 Lueretius
1464 885 1516 929 (2,
1543 885 1644 929 804)=

1327 947 1437 979 »Inter
1460 947 1642 979 eaemleum
1668 945 1798 979 virideis
1829 948 1961 979 miscere
1989 946 2214 991 Smaragdos«

1271 1011 1370 1042 Viror
1395 1010 1561 1054 Appulejo
1589 1016 1622 1042 et
1648 1010 1823 1042 serim-ibus
1848 1011 1933 1043 idem
1957 1017 2007 1043 est
2030 1011 2118 1056 quod
2142 1012 2220 1044 viri-

1268 1074 1372 1113 ditas,
1406 1074 1582 1116 eodemque
1613 1073 1752 1117 pertinet
1784 1076 1869 1106 ’narn'
1891 1074 2001 1117 [θείας
2025 1086 2112 1106 mare
2137 1074 2222 1106 enim

1266 1137 1378 1177 viride,
1399 1136 1482 1167 unde
1507 1137 1588 1167 infra
1605 1135 1650 1180 (ξ.
1670 1136 1730 1179 78)
1751 1136 1923 1180 Neptunus
1944 1138 2116 1169 »maritima
2139 1149 2221 1170 sem·

1266 1211 1325 1243 per
1348 1198 1556 1230 inundatione
1584 1198 1732 1229 viridior«
1756 1197 1880 1230 dieitur.

1340 1260 1559 1306 Auchmmus]
1586 1260 1764 1293 Auctumni
1780 1272 1923 1303 gemmae
1943 1261 1978 1293 in
2000 1261 2089 1294 Solis
2104 1272 2224 1294 corona

1267 1324 1416 1356 dicuntur
1440 1337 1458 1356 a
1480 1324 1639 1357 Martiano
1669 1324 1892 1368 Hyacinthus,
1923 1324 2116 1365 Dendrites,
2153 1324 2223 1356 He·

1266 1387 1442 1431 liotropios.
1484 1387 1702 1431 Hyacinthum
1731 1387 1872 1418 coerulei
1892 1386 2010 1418 eoloris
2034 1398 2106 1419 esse
2127 1392 2226 1419 testa-

1267 1456 1319 1480 tur
1345 1449 1508 1488 Isidorus,
1549 1448 1686 1480 violacei
1715 1448 1862 1489 Plinius,
1909 1448 2067 1480 dilutioris
2104 1454 2222 1490 tamen,

1268 1524 1363 1556 quam
1386 1512 1428 1543 sit
1453 1511 1487 1543 in
1505 1510 1708 1555 Amethysto.
1739 1510 1787 1543 At
1803 1510 1937 1544 Solinus
1959 1524 1985 1544 c.
2003 1513 2051 1544 55
2070 1511 2104 1543 id
2123 1524 2222 1555 quan-

1266 1575 1372 1619 doque
1402 1575 1529 1607 evenire
1563 1574 1693 1615 asserit,
1728 1574 1802 1616 quia
1828 1586 1864 1605 ea
1894 1586 2016 1615 gemma
2043 1575 2127 1606 vitiis
2157 1587 2223 1607 non

1264 1649 1359 1682 parce
1387 1637 1545 1677 obnoxia,
1578 1637 1667 1681 pingi
1690 1636 1775 1668 enim
1800 1637 1904 1669 nitore
1930 1638 2096 1678 coeruleo,
2123 1650 2223 1681 quum

1263 1698 1468 1742 inculpabilis
1501 1703 1560 1729 est.
1619 1698 1814 1730 Flucticolor
1846 1698 1885 1730 ab
1917 1699 2030 1730 eodem
2063 1699 2222 1732 Martiano

1265 1760 1339 1791 alibi
1366 1760 1490 1791 dicitur.
1528 1759 1752 1803 Heliou-opius
1775 1770 1851 1791 vero
1875 1765 1957 1791 teste
1979 1760 2087 1792 Plinio
2112 1772 2222 1804 porra·

1264 1833 1354 1851 ceum
1382 1833 1457 1864 prae
1481 1832 1515 1852 se
1540 1821 1602 1852 fert
1626 1820 1766 1852 colorem
1791 1820 1973 1862 sanguineis
1997 1821 2085 1853 venis
2112 1822 2222 1853 distin-

1265 1890 1367 1915 ctum:
1394 1884 1490 1924 vulgo
1523 1883 1639 1914 dieitur
1668 1884 1819 1927 Diaspro.
1859 1884 1943 1927 Quis
1976 1885 2017 1916 sit
2040 1884 2224 1916 Dendritidi

1264 1947 1370 1987 color,
1402 1947 1488 1978 haud
1511 1946 1602 1979 facile
1628 1947 1768 1979 invenio.
1802 1946 1880 1979 Seio
1906 1948 2066 1992 quandam
2088 1948 2223 1990 hujusce

1264 2022 1404 2052 gemmae
1432 2010 1571 2052 speeiem
1599 2010 1638 2041 al)
1662 2010 1776 2042 eodem
1794 2010 1903 2043 Plinio
1927 2011 2081 2055 appellari
2106 1994 2243 2051 albamff

1264 2085 1311 2113 ae,
1334 2073 1367 2104 ni
1385 2072 1499 2114 judieii
1518 2072 1621 2117 fallor,
1643 2073 1839 2113 varietatem,
1866 2083 1947 2117 quae
1963 2073 2148 2106 Auctumno
2171 2085 2221 2105 as·

1264 2136 1422 2177 signatur,
1458 2134 1597 2166 indicare
1623 2136 1723 2167 voluit
1746 2136 1841 2168 variis
1869 2137 1957 2168 hisee
1981 2135 2112 2176 gemmis
2135 2136 2220 2168 Mar·

1263 2199 1377 2230 tianus.
1422 2198 1588 2229 Potiorem
1612 2203 1718 2229 tamen
1743 2198 1850 2230 locum
1878 2197 2026 2229 eoeruleo
2055 2198 2143 2230 dedit
2168 2210 2220 2231 co·

1262 2261 1334 2301 lori,
1356 2260 1409 2303 qui
1425 2272 1586 2304 purpureo
1607 2261 1725 2300 affinis-3
1753 2271 1789 2290 ac
1802 2259 2006 2291 Auetumnus
2023 2260 2092 2304 ipse
2112 2261 2220 2305 appel-

1261 2324 1347 2356 latur
1379 2323 1418 2354 ab
1452 2323 1588 2354 Horatio
1627 2334 1805 2366 »purpureo
1838 2323 1945 2355 varius
1986 2324 2123 2356 colom«
2163 2323 2220 2358 Ad

1262 2386 1395 2417 livorem
1414 2390 1548 2427 uterque
1570 2384 1681 2425 vergit.
1698 2383 1844 2415 ALnAxn.
1860 2385 1936 2427 (tab.
1955 2384 2030 2417 Hel.
2050 2398 2081 2428 p.
2096 2385 2218 2429 69).-

1263 2445 1437 2490 Hyacinthi
1472 2444 1531 2476 tria
1562 2456 1679 2487 genera
1711 2444 1878 2490 descripsit
1905 2445 2119 2478 Marbodaeus
2146 2446 2217 2491 (17.

1261 2523 1293 2555 p.
1315 2510 1360 2541 12
1380 2507 1494 2551 Gorl.).

1338 2569 1486 2616 coronae]
1514 2570 1687 2614 Perperam
1711 2582 1828 2603 corona
1857 2571 1941 2614 apud
1963 2570 2123 2604 Grotium.
2147 2571 2215 2605 Me-

1261 2635 1373 2669 liorem
1411 2634 1582 2667 leetionem
1619 2634 1747 2667 codices
1788 2634 1906 2667 hahent
1932 2634 2215 2677 Reichenauensis‚
