2310 2860
739 115 941 158 Martiani
978 114 1178 171 Capellae
1218 113 1290 156 lib.
1312 113 1344 156 Ι.
1383 117 1414 166 §.
1438 113 1511 156 52.
2036 117 2077 158 7<

2066 118 2093 157 &C

543 223 784 278 Tuumque
816 223 924 264 velle
955 231 1015 264 est
1044 231 1139 264 ante
1170 222 1498 278 praescientias3.

544 306 607 346 Ac
638 313 778 345 mente
807 313 961 359 gestas,
1007 302 1218 359 quidquid
1249 302 1417 343 instabit
1446 302 1554 344 dcis:

544 384 768 440 Cujusque
798 393 907 424 nutu
937 384 1119 439 gignitur
1149 383 1392 433 necessitas,

141 485 173 513 et
197 479 367 513 Claudiani
393 480 498 511 locum
528 479 587 524 (de
617 480 702 512 bello
732 480 862 513 Gildon.
884 479 994 524 201),
1023 480 1095 522 uhi,

140 550 311 589 postquam
332 544 462 588 Jupiter
482 544 585 575 dicere
609 545 730 589 eoepit,

349 620 458 639 moces
480 608 651 639 adamante
676 608 806 639 notabat

190 668 349 711 Atropos,
376 675 407 700 et
428 670 581 701 Lachesis
597 669 757 714 ιῘηηῃυῠαὶ
780 670 920 701 slmnimz
947 668 1058 701 dietis«

139 740 235 773 quem
247 730 360 761 mirum
377 736 426 762 est
443 730 634 775 interpretes
649 730 691 775 (p.
709 731 782 763 218
797 730 922 774 Burm.)
937 731 1096 774 explicare

140 805 205 825 non
222 794 376 837 potuisse.
404 794 581 836 Distinguit
605 795 689 826 enim
711 800 805 838 po'eta
822 794 905 826 inter
920 795 1000 826 duas
1017 794 1095 826 Par-

139 868 212 895 cas,
242 868 375 900 quarum
393 857 492 901 priori
509 859 647 890 officium
667 859 778 890 tribuit
793 858 887 890 Jovis
907 859 990 890 dieta
1013 858 1097 890 exci-

138 918 247 962 piendi
266 917 308 961 (v.
326 917 355 962 §.
367 918 448 963 (35),
472 919 562 950 alteri
581 920 714 951 stamina
729 920 822 951 dictis
837 921 1011 951 conformia
1022 921 1097 962 jun-

138 982 255 1023 gendi3
285 981 380 1013 Jovis
412 982 510 1024 igitur
540 983 625 1014 dicto
660 983 825 1015 audientes
852 989 951 1014 erant.
990 983 1097 1023 Digna

137 1048 302 1087 praeterea
316 1049 365 1074 est
389 1056 471 1088 quae
494 1044 677 1076 conseratur
693 1045 914 1088 philosophica
934 1043 1096 1076 distinctio

138 1106 177 1139 de
200 1107 273 1138 Fati
299 1107 419 1151 duplici
445 1113 559 1139 natura
587 1108 671 1151 apud
704 1106 882 1139 Aristidem
905 1107 1097 1151 Quinctilia·

137 1181 214 1202 num
247 1169 301 1214 (de
324 1171 446 1202 musica
471 1172 514 1212 5,
542 1184 573 1215 p.
594 1172 725 1203 160—
741 1172 812 1203 162
838 1171 959 1215 Mein).
986 1171 1097 1215 Ipsum

139 1231 218 1262 adeo
238 1230 356 1263 Jovem
370 1232 486 1264 Fatum
506 1244 578 1264 esse
604 1238 637 1264 et
660 1244 753 1264 omne
779 1233 865 1276 quod
886 1233 924 1264 de
946 1233 1027 1264 fato
1051 1233 1096 1265 di-

139 1298 245 1332 catur,
274 1305 373 1336 quum
400 1293 524 1337 pridem
550 1294 715 1326 contendit
736 1293 914 1336 Augustini
938 1294 1098 1339 interpres

138 1356 239 1388 'Vives
255 1356 309 1399 (de
327 1356 411 1387 civit.
425 1356 488 1396 dei,
509 1358 542 1396 7,
569 1359 634 1397 113
655 1369 686 1401 p.
709 1357 809 1401 641),
830 1364 897 1389 tum
917 1359 1098 1402 nuperrime

138 1417 311 1448 Eduardus
327 1416 531 1448 Reinholdus
557 1417 669 1458 Lange
699 1417 800 1461 (Einl.
826 1418 861 1448 in
883 1419 941 1450 das
959 1419 1053 1452 Stud.
1068 1420 1099 1452 d.

138 1478 256 1521 griech.
279 1477 417 1520 mythol.
441 1477 529 1508 Berl.
554 1479 670 1517 1823,
697 1491 728 1521 p.
756 1480 827 1510 100
844 1479 926 1523 sqq.)

213 1537 376 1584 coelitum]
402 1539 478 1571 Hoc
497 1550 626 1582 quoque
649 1538 758 1569 multis
778 1541 958 1583 quaesitum
979 1546 1028 1571 est
1047 1553 1100 1572 an-

137 1603 290 1648 tiquitus,
334 1607 441 1634 utrum
467 1613 485 1633 a
514 1601 588 1633 satis
614 1601 658 1633 dii
685 1608 874 1644 regerentur
899 1614 1016 1634 annon.
1056 1603 1102 1634 Et

139 1665 179 1699 de
205 1665 316 1699 mundi
340 1665 493 1709 regimine
521 1665 594 1697 satis
625 1665 764 1697 obnoxio
792 1666 859 1707 jam
886 1666 1043 1710 superiori
1067 1666 1101 1697 iu

138 1736 216 1764 nota
237 1730 378 1773 egimus3
411 1730 469 1762 sed
498 1741 539 1762 ne
573 1729 634 1761 deo
665 1730 795 1774 quidem
826 1729 890 1774 ipsi
926 1726 1001 1776 τὴν
1038 1738 1102 1764 πε-

143 1792 353 1841 πρωμένην
377 1797 518 1840 μοῖραν
543 1790 730 1829 ἀλεείνειν
756 1793 853 1826 licere
873 1794 1035 1826 Herodoti
1053 1799 1103 1826 est
1142 1789 1146 1792 ’

144 1856 301 1888 sententia
320 1857 368 1899 (1,
386 1855 461 1900 91),
484 1856 572 1899 quod
591 1855 676 1886 idem
694 1855 733 1886 de
752 1854 837 1887 Jove
852 1855 954 1897 jactat
968 1855 1101 1887 Prome-

141 1921 234 1950 theus
257 1913 460 1961 Aeschyleus
485 1917 534 1961 (v.
558 1916 644 1960 517)
672 1922 705 1948 et
728 1915 797 1961 ipse
824 1917 996 1949 confitetur
1017 1918 1101 1961 apud

141 1981 295 2015 Ovidium
320 1981 406 2025 (met.
428 1980 461 2012 9.
480 1979 586 2024 455)=

197 2046 288 2078 „Vos
315 2047 433 2084 etiam,
461 2056 588 2092 quoque
607 2043 666 2076 hoe
689 2045 796 2076 animo
817 2044 948 2077 meliore
970 2044 1100 2089 feratis,

190 2107 247 2141 Me
269 2119 396 2155 quoque
417 2105 491 2150 fata
515 2111 651 2149 requae«

144 2178 176 2205 et
199 2171 370 2205 Sidonium
384 2169 607 2215 Apollinarem
631 2169 679 2214 (7.
698 2169 781 2211 125,
803 2182 834 2214 p.
852 2171 927 2204 554
945 2169 1055 2215 Sirm.)

194 2253 242 2259 —-
260 2253 308 2259 -
331 2235 470 2267 »Fatum
477 2258 490 2274 ,
517 2247 581 2282 quo
605 2240 722 2267 cuncta
742 2240 918 2279 reguntur,

193 2298 330 2346 Quoque
350 2311 427 2343 eqo,
456 2311 523 2330 non
545 2299 638 2331 licuit
657 2298 796 2343 fi'‘¹”.‘l²‘··⁴

145 2359 240 2393 Adde
263 2360 441 2393 Lucianum
465 2360 552 2405 (Jov.
575 2361 694 2393 confut.
718 2362 751 2401 7,
777 2373 808 2404 p.
827 2361 900 2393 207
919 2360 1018 2405 Bip.),
1036 2359 1098 2391 Ar-

146 2423 278 2456 nohium
294 2424 342 2468 (5,
365 2437 397 2468 p.
417 2423 523 2469 112),
560 2425 721 2469 hujusque
745 2424 937 2467 discipulum
964 2425 1100 2456 Laetan-

146 2486 227 2518 tium
256 2486 312 2529 (1,
345 2485 423 2530 11),
459 2485 515 2529 qui
540 2486 622 2519 »fata
646 2498 737 2528 esse,
764 2487 882 2531 quihus
907 2486 951 2517 dii
980 2498 1103 2527 omnes,

1148 477 1305 512 contraria
1327 483 1433 509 tamen
1457 482 1546 520 parte
1580 482 1644 508 stat
1671 488 1736 509 non
1765 478 1963 511 Jambliclms
1989 479 2096 520 modo,

1147 543 1203 586 qui
1227 542 1279 587 (de
1297 547 1390 585 myst.
1406 541 1545 584 Aegypt.
1564 542 1596 573 8.
1625 542 1657 581 7,
1687 553 1715 584 p.
1736 542 1836 586 162);
1858 539 1939 577 οὐδ’
1960 539 2097 583 αὐτοῖς

1146 605 1270 648 θεοῖς,
1291 603 1406 647 inquit,
1432 599 1508 648 τὴν
1531 601 1762 648 εἱμαρμένην
1781 600 1998 649 ἀνήψαμεν,
2027 600 2098 643 οὓς

1149 664 1203 706 ὠς
1220 663 1395 713 λυτῆρας
1419 666 1492 712 τῆς
1511 665 1740 712 εἱμαρμένης
1764 667 1806 701 ἒν
1827 677 1869 702 τε
1894 668 2010 714 ἱεροῖς
2033 665 2098 701 καὶ

1149 724 1309 769 ξοάνοις
1323 723 1596 774 θεραπεύομεν
1612 728 1706 771 (cous.
1730 733 1762 759 et
1782 729 1938 772 Porphyr.
1957 741 2005 773 ap.
2023 729 2098 760 Sto-

1147 792 1262 823 baeum
1276 792 1309 821 in
1327 792 1385 822 ecl.
1406 792 1435 821 1.
1453 791 1512 830 52,
1538 791 1608 830 49,
1630 803 1659 834 p.
1681 792 1777 823 1028
1794 792 1967 836 Heeren.);
1990 804 2100 824 verum

1148 856 1263 895 etiam,
1287 866 1382 898 quem
1408 859 1493 885 certe
1519 859 1630 886 noster
1652 855 1788 895 legerat,
1813 855 2022 896 Claudianus,
2046 856 2101 899 qui

1147 918 1265 950 Jovem
1287 918 1413 950 induxit
1435 918 1513 949 deos
1537 918 1598 949 hoc
1618 930 1713 950 versu
1732 918 1948 962 alloquentem
1970 918 2100 963 (gigant.

1150 979 1230 1024 51)=

1206 1045 1312 1077 »Coeli
1328 1047 1518 1089 proyem‘es,
1544 1046 1707 1093 nullisque
1730 1046 1867 1077 obnoxia
1884 1044 1992 1088 salis«

1223 1107 1382 1154 quidquid
1410 1105 1554 1151 instabit]
1583 1106 1745 1150 Orpliicus
1766 1107 1884 1150 (hymn.
1902 1108 1961 1147 58,
1988 1105 2066 1149 15)·.

1198 1185 1248 1193 -
1267 1185 1316 1192 --
1336 1186 1385 1192 —
1412 1166 1497 1202 ἐπεὶ
1518 1163 1551 1212 γ’
1570 1164 1640 1201 ὅσα
1669 1166 1844 1213 γίγνεται,
1862 1163 1956 1213 ἡμῖν

1198 1230 1334 1277 ΛΙοῖρα
1363 1242 1405 1265 τε
1436 1229 1501 1265 καὶ
1530 1227 1626 1271 Διὸς
1655 1227 1735 1266 οῗὸε
1767 1227 1861 1271 νόος
1890 1227 2106 1271 διαπαντὸς

1510 1291 1679 1330 ἅπαντα.

1152 1361 1184 1388 et
1205 1356 1369 1389 Pacuvius
1391 1356 1454 1400 (ap.
1477 1355 1563 1389 Gell.
1585 1357 1618 1397 1,
1648 1356 1695 1390 14
1717 1369 1748 1402 p.
1767 1357 1837 1389 211
1862 1356 1991 1401 Conr.):

1209 1419 1316 1450 »ss'am
1331 1421 1373 1457 si,
1396 1431 1479 1465 quae
1495 1426 1651 1451 euentura
1672 1426 1763 1460 sunt,
1785 1421 2000 1465 provideant,-

1200 1481 1425 1528 Aeqniparent
1445 1481 1550 1513 Joui.·=

1226 1541 1324 1586 nutu]
1350 1543 1403 1573 Ex
1422 1541 1557 1574 Homeri
1577 1542 1722 1573 versibus
1746 1540 1796 1586 (Il.
1821 1555 1858 1585 α,
1885 1542 1972 1585 527)

1203 1618 1252 1626 —
1278 1620 1326 1626 —
1355 1598 1429 1636 »οὐ
1456 1600 1530 1648 γὰρ
1565 1598 1658 1644 ἐμὸν
1687 1599 1988 1648 παλινάγρετον,
2025 1599 2107 1638 οὐδ’

1514 1661 1739 1710 ἀπατηλόν,

1206 1724 1294 1765 Οὐδ’
1317 1724 1586 1774 ἀτελεύτητον,
1620 1724 1641 1762 ὃ
1662 1739 1700 1762 τι
1726 1739 1792 1763 κεν
1815 1727 1966 1776 κεφαλῇ
1995 1740 2106 1764 κατα-

1532 1787 1692 1826 vev'o‘cos

1153 1852 1275 1886 Confer
1299 1853 1472 1885 Horatium
1494 1854 1559 1898 (od.
1582 1854 1623 1893 5,
1651 1855 1690 1895 1,
1721 1853 1757 1896 8)
1786 1853 1825 1885 de
1853 1853 1986 1898 imperio
2012 1852 2107 1885 «Iovis

1160 1921 1292 1948 »cuncta
1310 1915 1481 1959 supercilio
1503 1915 1696 1955 moventis«,
1720 1926 1826 1959 neque
1840 1915 2017 1959 poenitebit
2033 1928 2106 1947 con·

1150 1980 1263 2011 tulisse
1289 1979 1433 2021 Hugium
1455 1979 1501 2024 (in
1516 1980 1613 2023 myth.
1637 1991 1669 2023 p.
1693 1977 1790 2022 241).
1820 1979 2013 2023 Quanquam
2028 1978 2106 2011 For-

1151 2050 1248 2075 tunae
1265 2055 1394 2088 quoque
1416 2043 1490 2075 talis
1514 2049 1614 2075 nutus
1634 2043 1784 2074 tribuitur
1806 2042 1891 2087 apud
1909 2042 2108 2087 Appulejum

1151 2109 1238 2152 (met.
1253 2109 1286 2148 7,
1308 2120 1339 2151 p.
1359 2107 1460 2151 146)=
1484 2106 1621 2138 »affulsit
1640 2106 1803 2139 Fortunae
1822 2113 1923 2140 vitatus
1940 2108 2117 2146 hilarior-‚-

1152 2176 1184 2202 et
1213 2171 1284 2214 (lo.
1310 2181 1341 2213 p.
1368 2169 1474 2214 227)=
1513 2170 1609 2202 »haee
1637 2169 1769 2201 feralem
1799 2169 1962 2202 Fortunae
1990 2175 2106 2201 metum

1149 2234 1249 2266 latere
1271 2244 1337 2264 non
1361 2238 1564 2277 potuerunt«

1223 2295 1411 2342 necessitas]
1425 2297 1655 2339 Trismegistus
1670 2296 1755 2341 apud
1764 2294 1963 2341 Appulejum
1974 2295 2027 2341 (de
2042 2300 2104 2326 nat.

1151 2361 1238 2393 deor.
1260 2361 1299 2393 T.
1323 2361 1356 2392 2.
1379 2373 1410 2404 p.
1434 2362 1507 2394 525
1526 2360 1631 2405 Bip.):
1652 2360 1704 2392 »O
1729 2359 1880 2404 Asclepi‚
1913 2372 1950 2392 ea
1975 2364 2024 2390 est
2049 2365 2111 2389 rte-¹

1151 2424 1283 2456 cessitas
1307 2423 1465 2464 omnium,
1497 2435 1579 2467 quae
1609 2427 1777 2464 geruntur,
1815 2432 1939 2464 semper
1964 2418 2025 2450 sihi
2051 2422 2109 2450 cai

1154 2487 1272 2518 tenutis
1289 2485 1425 2517 nexibus
1442 2487 1560 2517 vincta.
1588 2485 1680 2518 Haec
1698 2484 1805 2527 itaque
1823 2488 1872 2514 est
1895 2485 1949 2512 aut
1962 2480 2103 2512 effectrix

148 2554 180 2580 et
200 2548 269 2592 ipse
285 2547 415 2592 Jupiter
433 2553 560 2593 pareat«
583 2560 623 2579 ex
649 2549 738 2591 vulgi
761 2549 912 2594 opinione
937 2549 1041 2582 tradit.
1071 2549 1106 2583 A
1155 2559 1272 2589 rerum,
1301 2553 1356 2580 aut
1376 2560 1517 2580 summus
1532 2547 1623 2587 deus,
1646 2552 1701 2578 aut
1725 2546 1764 2577 ab
1783 2544 1864 2588 ipsu,
1890 2541 1951 2575 deo
1973 2542 2029 2587 (fui
2054 2555 2101 2576 se-

1620 2604 1708 2639 10*
