2310 2860
174 181 233 224 20

778 178 978 221 Martiani
1017 176 1222 234 Capellae
1258 177 1331 220 lib.
1354 178 1385 220 I.
1424 180 1456 231 ᾗ.
1480 178 1523 221 4.

175 298 360 344 utraque
382 289 562 330 miratur
588 286 735 343 effigie.
768 287 880 329 Nam
905 288 1094 343 reginam
1120 285 1317 326 lacrimas
1340 295 1505 326 tantum
1530 286 1675 329 dieunt
1697 289 1848 329 marito
1874 289 2123 345 dependisse

155 371 515 427 Memphiticam,
558 378 607 410 ut
637 368 769 411 obsita
805 369 924 410 luctu
963 377 1169 425 perpetuo
1207 381 1436 422 nunquam
1475 381 1575 408 eum
1614 379 1806 411 contenta
1836 370 1887 411 sit
1916 371 2122 411 invenire.

249 475 399 525 utraque]
426 476 560 509 Passive
587 476 710 509 dixerat
730 476 868 509 Ovidius
890 475 973 521 (fast.
995 478 1027 518 1,
1044 476 1123 520 95):

223 557 273 567 -—·
297 540 446 582 »ancipiti
465 539 633 571 mirandus
655 541 794 584 ima-qtae
808 539 933 571 elanus«

174 600 330 635 Martialis
356 606 461 633 autem
479 600 552 645 (10,
579 601 639 642 28,
658 600 710 645 6):

231 662 294 694 »Et
311 661 384 705 fora
405 667 452 695 tot
471 674 644 702 numeras,
667 662 754 695 June
760 685 773 702 ‚
806 667 883 709 quot
905 673 962 694 ora
979 662 1092 706 qerisat

174 724 296 757 Romae
320 725 404 756 enim
427 726 553 769 positus
574 731 642 758 erat
662 726 746 758 inter
764 725 827 757 duo
844 726 921 757 fora.
955 723 1051 756 Adde
1071 723 1124 756 Li-

174 786 259 818 vium
277 785 327 831 (1,
345 788 402 828 19,
423 785 470 831 8),
484 786 616 819 Florum
627 787 674 832 (1,
694 788 728 828 2,
747 793 778 819 et
794 789 829 828 4,
849 786 918 831 12),
934 786 1126 830 Eutropium

174 849 229 893 (9,
259 849 312 894 2),
342 849 474 882 Aelium
494 851 713 896 Lampridium
743 850 790 896 (in
819 851 998 884 Commodo
1020 849 1125 882 Anto-

174 913 250 945 nino
270 912 346 957 16),
371 913 496 946 Julium
518 914 737 959 Capitolinum
765 915 811 958 (in
842 914 1006 947 Gordiano
1031 914 1125 945 tertio

175 974 254 1018 26),
283 980 314 1006 ct
331 975 552 1008 Herodianum
577 976 632 1020 (1,
656 976 724 1020 16).

155 1038 270 1079 vhujus
297 1038 348 1070 dci
377 1039 410 1070 in
434 1039 648 1071 monumentis
682 1029 785 1072 adhuc
810 1045 982 1084 supersunt
1005 1040 1126 1081 effigies

174 1100 216 1144 (v.
233 1101 407 1134 Montrauc.
428 1103 453 1134 Ι.
473 1116 504 1147 p.
518 1103 575 1135 25.
591 1103 720 1135 Passer.
735 1104 768 1135 in
782 1104 901 1135 lucem.
916 1104 942 1144 I,
963 1105 996 1136 6.
1011 1104 1126 1136 Choul.

175 1155 215 1194 de
234 1163 322 1212 relig.
345 1164 481 1196 Roman.
505 1177 535 1210 p.
559 1166 602 1197 11
629 1170 662 1197 et
683 1166 738 1197 15.
782 1165 892 1209 Cuper
919 1165 952 1196 in
969 1165 1127 1208 Harpocr.

155 1256 157 1259 .
175 1236 206 1267 p.
224 1224 320 1268 204).

248 1284 339 1332 nam]
374 1286 480 1326 Lege:
507 1286 585 1317 Jam
614 1289 767 1329 reyfamn.
782 1288 824 1316 V.
847 1287 1048 1318 Gronovium
1078 1286 1131 1330 (ad

174 1347 316 1381 Maerob.
334 1347 368 1377 in
390 1357 490 1377 somn.
501 1345 587 1389 Scip.
605 1347 642 1377 L.
662 1346 695 1376 2.
717 1358 742 1377 c.
762 1344 830 1389 16).
855 1346 983 1378 Voxcx.
995 1366 1041 1371 —
1055 1347 1131 1378 Non

175 1411 257 1442 tanti
286 1411 364 1441 haec
395 1409 626 1441 animadversio
655 1414 721 1449 est,
761 1414 796 1440 ut
819 1408 958 1450 vulgaris
981 1409 1132 1440 mutanda

775 976 926 1009 Ceterum
949 976 1125 1020 permultae

177 1473 219 1505 sit
242 1471 348 1503 lectio.

250 1532 409 1578 reyinam]
436 1533 475 1565 In
498 1533 643 1578 pluribus
670 1532 812 1577 lapidum
837 1532 938 1564 titulis
957 1533 1019 1576 (ap.
1037 1532 1131 1565 Grut.

177 1597 237 1635 85,
257 1596 302 1626 12
321 1601 352 1626 et
371 1595 430 1638 15)
446 1594 508 1626 Isis
527 1594 707 1638 appellatur
723 1596 849 1637 regina,
864 1599 895 1624 et
913 1595 952 1624 ab
965 1592 1130 1636 Appulejo

177 1657 315 1701 (metam.
340 1657 382 1688 11
416 1668 446 1699 p.
464 1656 536 1688 755
553 1654 654 1698 Oud.)
683 1654 810 1696 »regina
834 1655 951 1691 coeli«,
976 1654 1133 1697 siquidem

178 1721 229 1752 sol
251 1719 334 1752 eecli
359 1724 426 1750 erat
448 1730 514 1751 rex.
549 1717 634 1752 Sunt
661 1718 756 1751 etiam
782 1719 816 1749 in
833 1718 999 1762 permultis
1023 1730 1134 1749 monu-

177 1781 294 1814 mentis
311 1780 407 1813 Isidis
434 1780 555 1821 effigies
573 1779 636 1825 (ap.
657 1780 754 1812 Caus.
770 1781 907 1811 thesaur.
922 1779 950 1820 Ῑ,
974 1780 1006 1811 2.
1028 1778 1134 1812 Casal.

181 1845 220 1876 do
247 1845 297 1876 rit.
323 1846 381 1877 67.
409 1844 466 1876 72.
493 1844 540 1876 74
565 1849 598 1875 et
619 1845 676 1876 85.
704 1843 832 1876 Stosch.
855 1844 969 1887 dactyl.
990 1842 1016 1875 Ῑ.
1041 1844 1074 1876 5.
1100 1844 1133 1874 8.

183 1910 239 1940 11.
256 1908 298 1940 Π.
325 1908 381 1940 52.
406 1909 463 1940 60.
481 1909 538 1939 62.
557 1909 615 1940 64.
641 1909 698 1940 66.
728 1908 784 1940 70.
808 1909 886 1939 101.
912 1907 1032 1952 Spanh.
1048 1919 1134 1939 num.

181 1969 206 2002 I.
230 1969 313 2002 502.
343 1969 426 2001 689.
460 1968 578 2013 Cuper.
602 1969 703 2012 Harp.
731 1970 790 2002 55.
816 1969 874 2001 46.
900 1970 959 2001 47.
988 1969 1044 2000 51.
1074 1969 1131 2000 70.

185 2032 266 2063 109.
295 2031 410 2064 Choul.
427 2030 516 2072 relig.
533 2031 627 2062 Rom.
645 2031 728 2062 272.
756 2030 904 2073 Schlaeg.
930 2043 1015 2062 num.
1032 2031 1133 2062 Hadr.

186 2094 242 2125 15.
259 2093 316 2124 62.
336 2094 393 2124 88.
412 2093 493 2124 157.
513 2093 593 2124 187.
620 2093 733 2125 Monts.
748 2091 773 2125 I.
792 2094 831 2123 ad
850 2094 974 2137 p.511.
990 2092 1032 2125 II.
1051 2093 1134 2124 271.

185 2153 300 2198 Suppl.
318 2154 360 2186 II.
384 2155 442 2186 55.
469 2165 557 2198 sequ.
576 2154 683 2196 Bcger
705 2154 763 2186 ΙΠ.
784 2155 858 2186 500
876 2155 985 2198 Ruspe
1009 2154 1072 2185 tab.
1093 2155 1134 2187 V.

185 2228 217 2248 n.
233 2215 316 2247 521.
338 2214 420 2247 525.
442 2215 505 2267 tal).
519 2214 593 2247 VII.
612 2215 694 2247 277.
713 2216 796 2248 280.
814 2216 897 2248 524.
913 2217 996 2248 527.
1022 2217 1138 2249 Mensa

187 2278 289 2313 Isiaca
312 2278 360 2310 54
377 2283 409 2310 et
429 2278 492 2309 tal).
509 2277 534 2310 Ῑ.
559 2291 590 2310 n.
608 2279 641 2311 4.
662 2281 695 2310 8.
719 2281 752 2311 9.
776 2279 867 2312 Gorl.
884 2279 926 2312 II.
950 2281 1034 2312 466.
1052 2281 1137 2314 468.

189 2342 373 2375 476675.
393 2341 511 2373 'Wilde
531 2354 642 2384 gemm.
660 2343 724 2374 tab.
743 2345 776 2375 5.
798 2343 934 2375 chifflet.
954 2345 1035 2376 112.
1068 2343 1137 2377 Au-

192 2405 309 2448 gustin.
333 2415 445 2447 gemm.
460 2403 487 2436 I.
513 2406 543 2436 1.
561 2406 619 2437 68.
636 2404 678 2437 II.
691 2406 724 2437 4.
758 2405 850 2449 Cayl.
868 2406 893 2439 I.
916 2406 950 2438 4.
969 2408 1000 2439 5.
1031 2407 1090 2440 III.
1108 2409 1141 2440 9.

193 2467 252 2500 IV.
277 2466 310 2498 4.
330 2467 362 2497 6.
384 2467 439 2498 10.
456 2466 514 2497 25.
541 2466 621 2498 125.
646 2466 704 2498 VI.
723 2466 780 2498 25.
811 2467 886 2499 VII.
907 2468 940 2499 9.
959 2467 1060 2512 Spon.
1092 2482 1140 2502 re-

197 2528 319 2560 ehereh.
340 2527 424 2559 465.
449 2526 561 2559 Manu.
576 2525 683 2558 Oxon.
700 2526 726 2559 Ι.
752 2528 814 2559 tab.
832 2528 891 2560 42.
909 2541 939 2559 n.
969 2529 1039 2573 71).

271 2586 410 2633 tantum]
435 2586 504 2620 Alii
527 2593 667 2621 »tantum
685 2588 820 2622 dicunt«
852 2589 955 2622 Male!
985 2589 1084 2624 Gosz.
1100 2609 1146 2617 —-

1175 476 1245 509 Cur
1258 475 1362 507 male?
1387 474 1488 506 Immo
1508 475 1622 506 melius
1642 488 1767 509 censeo.
1801 476 1921 509 Infiniti
1939 477 2022 508 enim
2040 477 2126 509 modi

1171 539 1238 582 jam
1254 544 1471 578 cessaverant,
1506 550 1604 582 quum
1621 540 1790 582 praecedat
1814 540 1936 572 »Janus
1954 543 2120 573 miratus-a

1174 601 1270 633 Unde
1290 600 1408 632 rectius
1438 599 1567 631 »dicunt
1590 599 1817 644 dependisse«,
1843 614 1938 646 quam
1955 602 1982 633 si
2004 601 2127 634 nullum

1177 662 1319 694 additum
1338 666 1425 694 esset
1444 662 1577 694 verbum
1600 661 1732 693 finitum.
1775 661 1844 695 Sed
1865 676 1904 695 ne
1930 664 1976 696 sic
2000 663 2128 708 quidem

1176 738 1240 759 vox
1257 726 1433 770 dependere
1446 726 1645 768 intelligitur,
1668 726 1731 758 nisi
1747 722 1901 768 adjeeeris
1917 727 2128 770 »lacrymas«,

1176 790 1209 822 id
1231 791 1317 835 qnod
1335 802 1351 822 e
1370 790 1533 822 codicibus
1554 790 1712 833 adjectum
1733 790 1797 821 vidi
1822 802 1840 820 a
1871 789 1965 822 docto
1992 790 2130 834 quodam

1176 852 1245 884 viro
1267 852 1301 884 in
1325 851 1398 884 libri
1415 852 1694 895 Nol-imbergensis
1723 851 1863 895 margine
1894 856 1926 883 et
1949 850 1983 883 in
2009 856 2131 883 textum

1177 914 1295 960 recepi.

1253 977 1383 1024 marito]
1411 977 1480 1010 Alii
1499 984 1605 1011 tamen
1626 979 1665 1011 de
1686 978 1752 1011 filio
1772 983 1917 1019 narrant,
1944 983 1981 1009 ut
1997 977 2133 1010 Lactan-

1179 1040 1259 1073 tius:
1282 1041 1396 1074 »Isidis
1414 1040 1576 1086 Aegyptia
1602 1054 1691 1075 saera
1718 1047 1813 1083 sunt,
1854 1046 2011 1086 quatenus
2034 1039 2135 1072 filium

1179 1104 1346 1148 parvulum
1366 1104 1418 1135 vel
1439 1103 1631 1147 perdiderit,
1658 1104 1709 1135 vel
1730 1103 1895 1135 invenerit.
1927 1102 2011 1135 Nam
2031 1101 2134 1145 primo

1181 1165 1364 1196 sacerdotes
1382 1164 1451 1206 ejus
1471 1165 1657 1205 deglabrato
1679 1176 1813 1208 corpore
1833 1176 1890 1196 sua
1916 1169 2046 1208 pectora
2064 1167 2135 1193 tun-

1181 1226 1276 1265 dunt,
1304 1226 1537 1265 lamentantur,
1566 1226 1649 1257 sicut
1662 1226 1742 1270 ipsa,
1771 1238 1843 1257 cum
1868 1225 1967 1255 filium
1987 1222 2136 1267 perdidit,

1182 1287 1310 1318 fecerat.
1358 1287 1486 1318 Deinde
1513 1297 1595 1330 puer
1613 1286 1800 1330 producitur
1825 1286 1916 1329 quasi
1938 1286 2086 1317 inventus
2105 1289 2139 1314 et

1182 1350 1215 1379 in
1238 1348 1390 1377 laetitiam
1414 1348 1520 1379 luctus
1546 1349 1601 1377 ille
1619 1353 1775 1385 mutatur,
1798 1346 1870 1378 ideo
1885 1348 2053 1379 Lucanus:
2070 1362 2138 1375 »—

1183 1420 1354 1454 nunquam
1374 1409 1455 1438 satis
1477 1408 1642 1453 quaesitus
1659 1408 1792 1439 Osiris.«
1835 1409 1911 1451 Quo
1928 1409 1961 1441 in
1985 1409 2058 1442 loeo
2075 1409 2139 1441 duo

1182 1470 1315 1503 veniunt
1338 1469 1632 1501 animadvertenda:
1658 1470 1760 1513 primo
1791 1472 1877 1514 quod
1910 1485 2037 1504 carmen
2061 1472 2139 1505 Ovi-

1182 1532 1311 1564 dianum
1327 1532 1459 1562 Lucano
1483 1530 1642 1570 attribuit,
1669 1530 1784 1562 deinde
1802 1532 1906 1575 quod,
1936 1545 2008 1564 cum
2030 1533 2083 1565 alii
2100 1533 2139 1565 de

1182 1593 1294 1624 marito
1303 1591 1432 1624 Osiride
1445 1596 1584 1631 narrent,
1600 1591 1655 1623 ille
1670 1591 1709 1622 de
1724 1604 1823 1635 puero
1837 1593 2001 1626 edisserat.
2013 1594 2138 1626 Utram-

1187 1665 1269 1698 que,
1304 1653 1365 1685 nisi
1392 1653 1502 1693 fallor,
1537 1653 1728 1684 sententiam
1755 1654 1920 1695 conjungit
1953 1654 2138 1688 Arnobius:

1194 1716 1413 1761 »Aethiopicis
1439 1716 1560 1747 solibus
1595 1715 1658 1748 Isis
1685 1717 1774 1748 furva
1806 1729 1951 1750 maerens
1981 1720 2140 1763 perditum

2082 1783 2140 1815 Vi-

1188 1843 1312 1876 dendus
1343 1849 1374 1875 ct
1397 1843 1589 1876 Plutarchus
1610 1843 1643 1876 in
1665 1844 1747 1875 libro
1778 1844 1817 1876 de
1843 1845 1940 1877 Iside.
1969 1846 2072 1879 Gmrr.
2091 1865 2140 1871 --

1187 1905 1283 1938 Adde
1302 1905 1450 1937 Servium
1472 1905 1525 1950 (ad
1538 1905 1621 1938 Aen.
1638 1907 1681 1946 6,
1707 1905 1801 1950 154).
1836 1906 1889 1938 Ex
1909 1908 2140 1940 recentioribus

1191 1969 1352 2000 notandus
1371 1967 1520 2000 Casalius
1538 1967 1591 2011 (de
1609 1966 1692 2009 Aeg.
1713 1967 1796 1999 ritib.
1815 1981 1846 2012 p.
1865 1970 1910 2001 81
1931 1969 1982 2013 fi),
2009 1970 2065 2014 qui
2079 1969 2140 2002 La-

1186 1781 1303 1821 filium,
1342 1785 1374 1812 et
1398 1779 1595 1811 membratim
1618 1781 1786 1823 conjugem
1809 1781 2032 1814 lanci11atum.u

1191 2030 1343 2063 ctantium
1369 2029 1496 2061 incaute
1514 2029 1683 2073 exscripsit
1706 2040 1814 2061 errore
1829 2042 1896 2062 non
1913 2030 2140 2063 animadverso.

1263 2090 1517 2137 Illemphiticam]
1543 2092 1610 2124 Pro
1620 2093 1860 2136 Aeyyptiaeam.
1890 2093 2017 2125 Pariter
2030 2099 2141 2125 noster

1191 2155 1271 2187 infra
1284 2153 1593 2198 (§.225)Mc1nphin
1606 2153 1696 2198 ponit
1709 2166 1768 2197 pro
1775 2153 1937 2197 Aegypto,
1957 2159 1989 2185 et
2003 2153 2045 2199 (§.
2057 2155 2141 2198 178)

1188 2216 1428 2261 Memphiticum
1444 2228 1586 2247 mensem
1604 2227 1663 2260 pro
1675 2213 1885 2257 Aegyptiace.

1269 2292 1437 2327 nunquam
1450 2277 1536 2324 eum]
1562 2279 1666 2320 Lege:
1687 2290 1868 2321 »nunquam
1884 2290 1957 2310 eum
1974 2291 2040 2311 non
2053 2285 2141 2312 tenta

1198 2344 1238 2377 sit
1262 2344 1432 2375 invenirem
1470 2343 1553 2376 Nam
1570 2352 1685 2373 sensus
1701 2340 1806 2383 exigit.
1826 2359 1875 2367 —
1890 2342 2017 2374 Voxcn.
2043 2343 2141 2387 (spec.

1196 2403 1263 2442 crit.
1279 2416 1309 2447 p.
1326 2405 1382 2435 78.
1405 2403 1518 2445 Ejusd.
1536 2402 1609 2435 lect.
1629 2402 1700 2434 Lat.
1716 2415 1747 2446 p.
1762 2401 1833 2446 54).
1847 2421 1897 2428 -—·
1918 2403 2057 2437 Vonckii
2082 2404 2140 2436 sci·

1195 2468 1272 2500 licet
1290 2478 1422 2507 sensnm,
1457 2465 1512 2510 qui
1531 2477 1596 2498 non
1618 2465 1703 2497 idem
1726 2471 1776 2497 est
1797 2465 1954 2499 Martiani.
1991 2467 2141 2500 Lucanus

1196 2529 1244 2573 (8,
1272 2527 1358 2571 855)
1382 2527 1501 2559 Isidem
1520 2527 1676 2559 allocutus
1705 2526 1834 2559 cecinit:

1254 2590 1317 2622 ..Et
1336 2601 1429 2636 quem
1447 2595 1482 2621 tu
1497 2589 1654 2633 planqens
1672 2588 1832 2621 hominem
1851 2591 1978 2622 testaris
1996 2589 2133 2622 Osirim·
