2310 2860
112 205 200 248 698
679 195 880 238 Martiani
911 192 1113 250 Capellae
1142 192 1215 234 lib.
1244 192 1324 234 IX.
1356 193 1388 244 ᾗ.
1413 192 1513 233 899.

6 316 96 359 899
123 312 244 354 terris
288 309 528 351 indecenter
573 305 770 360 expulsas
814 303 911 344 solis
961 310 1153 358 oporteat
1201 299 1436 341 adhaerere
1483 298 1711 340 sideribus.
1788 295 1918 340 Nune
1957 301 2082 355 igitur

5 1207 91 1248 {tei

121 390 567 451 praecellentissimam
599 387 860 428 feminarum
892 384 1200 431 Harmoniam,
1246 395 1359 436 quae
1389 380 1717 422 Mercurialium
1752 379 1842 421 sola
1872 389 2084 435 superest,

125 475 362 516 audiamus.
434 470 552 511 Haec
592 469 751 524 quippe
790 476 850 508 est
892 480 1004 522 quae
1043 463 1252 519 superum
1295 477 1418 503 curas
1456 476 1560 518 prae
1599 461 1758 502 cunctis
1797 460 1950 516 poterit
1985 473 2085 515 per-

124 554 333 605 mulcere,
365 553 538 594 aethera
562 552 752 593 cautibus
783 548 1064 604 numerisque
1093 545 1346 596 laetificam,
1398 553 1438 585 et
1468 553 1611 585 nostra
1642 541 1939 585 tantummodo
1970 542 2088 597 cupit

121 635 337 677 celebrare
381 634 558 690 palatia,
612 648 740 674 exosa
786 632 1019 687 terrigenae
1073 628 1304 670 stoliditatis
1354 626 1593 682 ignaviam,
1647 639 1781 680 quam
1830 623 2087 664 melicorum

122 716 312 758 indocilis
352 726 477 772 auget
513 715 601 756 sine
640 714 723 756 fine
761 713 1016 763 mortalitas;
1065 709 1253 764 denique
1293 709 1380 762 jam
1422 708 1588 764 pridem
1630 707 1825 748 homines
1856 706 2087 760 dirutaque

122 798 346 853 gymnasia
391 796 620 838 abscedens
670 795 773 837 orbe
811 795 1022 848 terrisque
1065 790 1306 840 damnavit,
1355 804 1403 830 ac
1444 789 1519 829 vix
1558 787 1807 843 Cyllenidae
1851 785 2085 841 indagantis

124 879 375 920 excursibus
398 894 512 919 nunc
539 877 847 934 comprehensa
873 885 965 932 post
987 875 1135 929 longae
1159 872 1448 914 occultationis
1472 871 1630 912 oblivia
1655 871 1708 911 de
1732 871 1832 926 fuga
1856 878 2084 912 revocatur

124 961 434 1015 reduciturque
471 959 671 1000 latibulis.
733 958 854 999 Hane
882 957 1008 1011 igitur
1039 964 1251 1010 repertam
1285 946 1378 1010 post
1412 954 1554 996 secula
1586 968 1816 995 numerosa
1847 962 1886 993 et
1915 951 2086 993 tandem

119 1044 167 1083 in
194 1056 323 1083 usum
350 1040 552 1081 melicum
580 1053 843 1093 carmenque
869 1045 1114 1078 revocatam
1142 1045 1226 1076 tam
1255 1036 1414 1091 volupe
1438 1045 1498 1076 est
1528 1050 1661 1091 quam
1694 1035 1895 1076 condecet
1919 1033 2088 1085 audire3

123 1134 286 1165 ceterae
317 1137 421 1164 vero
453 1121 698 1162 eruditionis
729 1119 994 1161 doctissimae
1031 1131 1265 1171 sacraeque
1305 1133 1554 1172 germanae,
1601 1132 1738 1172 quum
1774 1124 1976 1157 renovata
2010 1114 2088 1155 lux

126 1205 272 1254 fuerit,
303 1202 567 1244 intromissae
598 1200 828 1242 intentioris
851 1214 980 1240 curae
1012 1199 1210 1240 examine
1241 1198 1553 1252 probabuntur.
1614 1197 1690 1237 His
1722 1196 1826 1236 orsis
1848 1195 2084 1236 Jovialibus

122 1285 321 1327 Phoebus
354 1283 595 1324 admonitus
626 1282 835 1337 virginem
874 1281 953 1321 sibi
992 1292 1166 1334 prorsus
1208 1277 1533 1318 accommodam
1566 1277 1830 1317 admissurus
1862 1275 2088 1329 egreditur.

125 1367 292 1408 Verum
325 1364 487 1419 Paphia
521 1363 747 1404 remeantis
789 1362 899 1402 filiae
930 1360 1209 1415 gratulatione
1241 1372 1443 1399 concussa
1475 1358 1623 1398 annuit
1652 1372 1788 1412 puero
1823 1357 2087 1412 praecineret

122 1446 312 1502 nuptiale
351 1458 537 1485 carmen.
604 1444 755 1498 Itaque
803 1443 1080 1498 Hymenaeus
1126 1441 1253 1482 alacri
1296 1440 1469 1481 tandem
1515 1441 1661 1496 vigore
1699 1439 1956 1491 luminatus,
2012 1451 2090 1478 nec

122 1527 214 1582 ipsa
241 1525 330 1581 jam
360 1533 566 1566 renuente
596 1523 844 1574 Tritonide,
889 1523 947 1563 sic
982 1524 1140 1577 coepit:

438 1643 583 1684 Aurea
615 1640 934 1694 flammigerum
969 1653 1107 1692 quum
1143 1641 1270 1681 Luna
1300 1638 1514 1693 subegerit
1544 1637 1720 1690 orbem,

522 1722 645 1763 Rosis
677 1720 832 1775 jugabo
868 1720 974 1772 lilia3

438 1803 572 1858 Virgo
603 1801 797 1857 deusque
827 1816 947 1842 sacro
977 1800 1200 1842 sociabunt
1228 1799 1402 1842 foedera
1431 1798 1559 1850 lecto,

523 1884 689 1926 Fulcris
720 1893 865 1939 parate
895 1884 1107 1924 cinnama.

128 2014 287 2048 notatam,
316 2018 415 2051 quum
447 2005 577 2048 vulgata
605 2006 804 2038 accelebrare
835 2004 952 2036 idoneo
986 2015 1085 2035 sensu
1206 2000 1305 2046 filiae]
1334 2002 1548 2043 Harmoniae3
1575 2001 1648 2034 vide
1675 2002 1822 2046 superius
1850 2001 1891 2047 (ξ.
1909 2000 2008 2044 757).

129 2079 262 2107 careret·
1209 2062 1428 2108 praecineret]
1463 2063 1519 2095 Sic
1553 2064 1655 2096 codex
1680 2064 1868 2105 Leidemis,
1906 2070 1991 2097 teste
2022 2063 2090 2097 Ου’-

205 2139 283 2170 haec
306 2132 435 2184 quippe]
462 2133 573 2167 Verba
599 2132 767 2177 sequentia
790 2139 837 2164 est
862 2145 944 2180 quae
970 2133 1086 2164 absunt
1137 2127 1315 2171 dendorpio
1339 2128 1394 2171 (ad
1417 2128 1572 2171 Appulej.
1596 2134 1670 2161 met.
1687 2129 1728 2169 9,
1755 2140 1785 2172 p.
1804 2127 1912 2172 642),
1945 2128 2093 2172 interque

131 2213 151 2233 a
170 2199 280 2233 codice
302 2195 563 2229 Reiehenauensi
586 2200 618 2227 et
648 2195 858 2227 anterioribus
883 2195 1087 2227 editionibus.
1137 2204 1227 2224 meos
1249 2191 1454 2224 Monacensis
1471 2192 1528 2235 (C)
1545 2197 1578 2223 et
1602 2191 1884 2232 Darmstattensis,
1915 2191 1975 2225 etsi
2000 2203 2090 2237 prae-

207 2258 471 2304 melicommJId
499 2263 548 2290 est
572 2258 762 2300 lyricorum,
787 2263 821 2288 ut
844 2258 928 2301 apud
956 2257 1086 2289 Cicero·
1136 2257 1201 2288 fixo
1225 2261 1282 2295 ut‚·
1307 2255 1404 2297 vulgo
1426 2258 1623 2299 praecinere.

132 2335 206 2357 nem
231 2323 284 2368 (de
306 2326 384 2354 orat.
401 2332 474 2363 gen.
498 2324 614 2352 orator.
641 2318 676 2363 l)
702 2324 734 2350 et
756 2319 906 2350 Photium
929 2319 1086 2363 (biblioth.
1210 2315 1338 2362 fulcris]
1363 2317 1483 2349 Glossa
1507 2316 1640 2349 Isidori:
1673 2316 1821 2356 »Fulera‚
1853 2316 1985 2358 cubilia,
2017 2317 2094 2350 lecti

134 2388 206 2420 eod.
226 2386 330 2429 259),
364 2398 438 2418 nam
464 2383 498 2416 hi
525 2388 649 2415 tantum
682 2381 822 2414 musicae
850 2395 910 2427 ope
934 2383 1088 2425 indigent,
1139 2384 1335 2418 ornamenta,
1358 2391 1440 2423 quae
1456 2385 1488 2411 et
1503 2378 1704 2410 reclinatoria
1723 2379 1900 2411 dicuntum«
1934 2380 1991 2413 Sic
2005 2380 2094 2412 alibi:

136 2461 234 2493 qtmm
258 2447 374 2491 reliqui
401 2445 544 2491 quamvis
568 2450 682 2489 poetae
705 2456 778 2475 assa
800 2456 877 2477 voce
902 2451 1024 2477 canant.
1147 2442 1297 2474 »tardabo
1334 2441 1434 2473 fulera
1470 2440 1702 2473 lecti.‹·.Gn0T.
1724 2459 1773 2465 —-
1821 2442 1906 2474 Vide
1947 2442 2094 2487 superius

211 2509 381 2556 condecet]
414 2509 538 2554 Recepi
564 2508 735 2540 lectionem
764 2519 780 2538 a
805 2509 919 2540 Grotio
949 2509 980 2540 in
1009 2520 1089 2540 mar·
1141 2506 1183 2551 (§.
1208 2506 1303 2548 7213).

139 2575 214 2616 gine
240 2573 400 2613 relictam,
433 2583 531 2616 quum
555 2570 682 2612 vulgata
700 2570 847 2603 conducit
871 2572 1002 2603 deorum
1026 2582 1091 2603 ma-
1216 2563 1379 2610 citmama]
1405 2563 1543 2597 Ovidius
1566 2564 1653 2608 (met.
1671 2565 1734 2605 15,
1759 2564 1862 2608 599)=

135 2639 255 2680 jcstate
275 2636 380 2668 minus
405 2635 500 2677 digna
521 2647 594 2667 esse
613 2634 784 2668 videretur.
1194 2630 1400 2677 »Quassaque
1412 2628 1924 2673 cnmsicluasubsl1·cwilcinnama
1939 2631 2095 2672 „xyst-›fimu
