2310 2860
2013 148 2077 182 XV

116 250 264 290 Unum
296 259 459 290 tantum
493 248 615 289 doleo
648 262 717 287 me
744 262 826 287 non
862 257 906 287 ut
936 262 1012 302 par
1043 255 1131 288 erat
1164 246 1333 288 efficere
1365 248 1568 303 potuisse,
1612 250 1939 307 orthographiae
1972 268 2072 295 con-

114 331 332 381 stantiam,
371 345 503 384 quam
537 339 583 370 ut
613 330 786 370 omnino
821 329 1038 384 Koppium
1071 342 1225 384 parum
1259 343 1428 369 curasse
1457 344 1588 385 supra
1627 333 1797 384 monui,
1833 334 1888 374 ita
1920 349 1997 374 1100
2027 335 2069 376 111

114 411 401 452 constituenda
444 411 621 451 lectione
665 409 883 463 diligenter
930 420 1196 461 servaverat,
1254 421 1300 452 ut
1340 411 1456 452 haud
1497 427 1594 453 raro
1643 412 1798 455 dubius
1829 415 2068 467 haererem,

112 499 258 531 utrum
292 491 452 531 ratione
484 504 536 531 an
562 489 808 544 negligentia
845 488 1004 542 aliquid
1043 489 1109 530 vel
1141 491 1417 531 commissum
1452 492 1519 532 vel
1553 495 1895 546 praetermissum
1931 495 1982 535 ab
2017 510 2066 536 eo

113 571 422 623 existiinaretu3
453 586 545 612 sero
579 580 740 610 tantum
766 569 871 609 illud
899 569 1005 609 mihi
1027 570 1174 619 sumsi,
1205 579 1251 610 ut
1276 585 1412 624 quum
1442 572 1644 612 editorem
1672 589 1823 615 revera
1849 575 2066 616 vacillasse

112 651 192 692 hoc
221 652 266 692 in
302 667 454 707 genere
490 651 811 701 intellexissem,
855 664 985 691 unam
1021 660 1130 692 certe
1162 652 1370 691 rationem
1408 661 1447 692 et
1477 668 1623 694 meum
1657 656 1959 711 qualecunque
1997 671 2065 698 ar-

110 731 287 773 bitrium
318 747 544 787 sequerer,
585 745 858 786 quamquam
892 731 1042 772 eodem
1075 742 1266 788 tempore
1299 734 1378 774 alia
1408 735 1604 789 graviora
1635 737 1908 791 ingruebant,
1953 753 2065 793 quae

112 812 164 853 ab
195 813 259 853 his
291 813 477 854 minutiis
509 827 656 854 euram
700 827 840 853 meam
874 813 1087 854 interdum
1125 828 1322 855 avocasse
1353 814 1476 855 sacile
1507 815 1717 870 profiteor.
1776 819 1886 859 Nam
1925 834 2064 873 quum

109 893 312 934 hactenus
343 895 395 936 de
431 895 478 935 iis
513 895 700 934 maxime
742 893 874 935 verba
906 893 1102 943 fecerim,
1149 908 1262 948 quae
1294 893 1345 934 ad
1380 895 1537 949 Koppii
1568 910 1745 950 operam
1782 908 1892 938 recte
1925 899 2067 939 existi·

107 973 309 1014 mandam
344 975 620 1028 pertinerent,
651 974 735 1027 jam
763 989 811 1014 00
844 982 1019 1014 ventum
1048 989 1135 1014 0330
1162 974 1366 1029 intelligo,
1396 985 1443 1016 ut
1464 975 1517 1016 de
1548 991 1618 1016 me
1643 992 1817 1031 quoque
1849 979 2064 1033 aliquanto

107 1054 343 1093 accuratius
381 1053 647 1108 loquendum
687 1054 759 1105 sit;
805 1068 889 1093 non
929 1061 975 1093 ut
1013 1052 1202 1106 aliquam
1240 1069 1383 1095 meam
1423 1070 1599 1110 operam
1637 1057 1814 1109 jactem,
1867 1073 1979 1113 quae
2009 1074 2063 1100 ne

106 1134 207 1174 tanti
248 1134 422 1189 quidem
464 1149 551 1175 esse
583 1134 689 1174 mihi
724 1134 813 1175 visa
845 1142 924 1184 est,
976 1143 1021 1173 ut
1051 1149 1209 1176 nomen
1241 1150 1388 1176 meum
1423 1136 1490 1177 vel
1525 1136 1568 1176 111
1599 1136 1718 1177 1111110
1750 1138 1887 1192 operis
1919 1138 1987 1179 vel
2020 1139 2063 1180 111

106 1215 411 1255 commentario
440 1215 607 1269 reliquo
640 1215 833 1256 virorum
868 1215 1094 1257 doctorum
1126 1218 1239 1273 gregi
1270 1218 1607 1273 interponerem,
1647 1218 1720 1259 sed
1748 1228 1794 1259 ut
1824 1229 1863 1260 et
1893 1220 1992 1260 Tibi
2025 1230 2064 1262 et

104 1292 331 1334 lectoribus
365 1295 569 1336 rationem
601 1296 779 1337 reddam
813 1311 986 1348 corum,
1019 1312 1131 1352 quae
1160 1313 1229 1339 me
1261 1298 1329 1340 vel
1355 1299 1453 1339 Tua
1485 1298 1681 1339 voluntas
1706 1298 1777 1339 vel
1809 1314 1931 1339 meus
1965 1315 2064 1355 erga

106 1387 305 1413 socerum
336 1374 486 1413 Tuum
528 1389 648 1415 amor
685 1376 753 1416 vel
783 1377 913 1430 ipsius
945 1379 1082 1431 operis
1115 1380 1263 1420 caritas
1297 1381 1438 1434 aliqua
1470 1396 1546 1436 per
1578 1381 1930 1422 consuetudinem
1961 1398 2066 1424 con-

106 1462 235 1493 tracta
265 1454 306 1492 in
340 1454 646 1493 commentario
678 1455 866 1494 maxime
898 1456 1144 1498 adornando
1181 1461 1380 1513 quamvis
1410 1461 1669 1514 imparatum
1707 1462 1938 1516 lnultiSque
1975 1465 2062 1504 aliis

105 1533 276 1587 negotiis
307 1532 540 1572 districtum
573 1533 787 1586 suscipere
827 1535 970 1588 co'e'git.
1029 1537 1148 1576 Licet
1181 1538 1292 1576 enim
1324 1538 1442 1577 initio
1467 1537 1571 1577 illud
1601 1548 1762 1579 tantum
1790 1555 1935 1582 socero
1963 1543 2061 1583 Tuo

105 1614 379 1670 recepissem,
424 1623 471 1654 ut
512 1613 743 1669 specimina
777 1615 1083 1670 typographica
1123 1618 1426 1672 perlustrarem
1470 1627 1598 1672 atque
1631 1620 1907 1674 corrigerem,
1960 1638 2060 1665 mox

106 1705 246 1737 tamen
268 1696 376 1736 inter
399 1695 533 1750 ipsam
561 1708 735 1749 operam
759 1693 1065 1748 intelligebam,
1097 1710 1179 1736 non
1203 1696 1259 1737 ita
1280 1706 1545 1752 comparatas
1572 1712 1659 1737 0330
1689 1699 1844 1754 Koppii
1869 1702 2059 1753 schedas,

105 1787 154 1818 ut
190 1777 376 1832 integrae
415 1775 658 1831 typothetae
699 1776 898 1816 manibus
936 1777 1139 1817 committi
1180 1788 1370 1833 possent,
1417 1792 1523 1833 quas
1563 1779 1638 1818 etsi
1681 1780 1806 1820 vivus
1837 1782 1924 1837 ipse
1954 1785 2061 1826 mihi

104 1867 311 1914 tanquam
345 1857 555 1899 absolutas
589 1857 797 1912 preloque
828 1866 994 1912 paratas
1026 1857 1282 1911 tradidisset,
1316 1869 1460 1900 tamen
1489 1860 1711 1915 ingruente
1742 1870 1911 1917 torpore
1942 1867 2059 1908 senili

107 1949 146 1981 et
175 1939 422 1995 praesertim
456 1937 663 1978 memoria
693 1937 862 1978 labante
887 1952 970 1977 non
1001 1938 1185 1993 amplius
1216 1940 1411 1981 valuerat
1441 1955 1534 1980 eam
1567 1941 1607 1981 in
1638 1940 1822 1983 formam
1854 1945 2060 2001 redigere,

104 2030 154 2062 ut
182 2021 325 2061 omnia
359 2020 466 2060 inter
504 2034 547 2059 se
583 2018 795 2073 aequabili
836 2017 1025 2073 quodam
1065 2028 1209 2060 tenore
1250 2020 1558 2076 responderent
1596 2036 1674 2061 nee
1713 2022 1954 2078 quidquam
1989 2036 2062 2067 aut

106 2099 343 2141 abundaret
381 2108 455 2140 aut
490 2098 673 2151 deesset3
728 2099 863 2139 immo
908 2098 1266 2140 collectaneorum
1311 2101 1566 2154 farraginem
1611 2101 1729 2143 haud
1774 2118 1871 2145 raro
1914 2106 2059 2148 alienis

105 2179 204 2221 loeis
233 2181 481 2232 intruserat,
527 2194 814 2235 quaecunque
845 2180 1044 2220 extremis
1076 2182 1338 2236 temporibus
1369 2198 1421 2223 ex
1447 2182 1589 2237 aliqua
1614 2183 1791 2224 lectione
1823 2195 2060 2227 annotasset

106 2274 283 2317 quoquo
314 2262 440 2302 modo
472 2260 526 2302 ad
555 2260 817 2301 Martianum
857 2259 1078 2311 retulerat,
1119 2261 1324 2302 nonnulla
1359 2262 1422 2302 bis
1461 2271 1580 2304 terve
1618 2273 1838 2318 posuerat,
1883 2265 1925 2306 in
1961 2266 2057 2306 uni-

107 2355 279 2383 versum
317 2352 482 2392 autem,
524 2350 571 2382 ut
606 2356 724 2382 senes
767 2341 922 2392 solent,
965 2349 1051 2382 tam
1093 2341 1269 2396 profuso
1307 2343 1505 2384 orationis
1535 2358 1689 2399 genere
1722 2358 1824 2386 usus
1856 2355 1965 2395 erat,
2013 2357 2056 2387 ut

105 2424 138 2465 si
168 2425 311 2467 omnia
349 2425 493 2480 qualia
525 2433 686 2480 quanta
715 2424 947 2479 scripsisset
969 2424 1079 2479 typis
1103 2423 1431 2477 mandarentur,
1462 2428 1502 2466 in
1529 2424 1744 2481 duplicem
1777 2426 1866 2466 fere
1896 2426 2056 2469 molem

107 2502 214 2545 liber
247 2506 498 2547 excrevisset
534 2520 613 2548 nee
648 2515 793 2547 tamen
840 2504 936 2561 plus
982 2503 1054 2545 sed
1098 2505 1272 2547 sortasse
1313 2507 1439 2547 etiam
1486 2506 1625 2547 minus
1660 2505 1714 2548 ad
1757 2506 2052 2550 illustrandum
