2310 2860
767 149 965 194 Martiani
997 150 1196 207 Capellae
1227 151 1296 192 lib.
1325 152 1378 193 V.
1410 155 1440 204 §.
1464 154 1566 195 505.

194 265 328 298 netur.

2051 158 2145 201 455

397 256 488 299 Nec
525 271 622 299 mea
663 258 899 313 primordia
932 257 1107 313 quidem
1141 257 1256 313 apud
1290 267 1452 300 veteres
1485 259 1566 301 hae
1598 261 1841 305 animorum
1877 265 2142 319 permotione

193 352 389 389 caruere,
443 337 563 393 quod
601 347 699 378 tunc
742 338 1121 390 demonstrabitur,
1175 353 1315 393 quum
1355 341 1550 382 ordiendi
1591 355 1814 400 praecepta
1856 345 2142 388 tractabimus.

189 416 365 459 Interim
403 418 658 474 generatim,
711 419 869 477 quibus
906 428 1067 463 mentes
1108 418 1326 463 affectibus
1365 422 1613 476 incitentur,
1663 425 1779 468 nulla
1818 428 2003 484 partium
2036 427 2142 470 defi-

190 498 346 541 nitione
376 499 462 556 sign
469 498 560 541 abo.

707 670 786 713 DE
830 670 1234 716 COMMOTIONE
1277 672 1617 716 ANIMORUM.

357 774 701 820 commoventur
731 779 857 834 igitur
888 779 1098 822 auditores
1130 791 1203 822 aut
1237 782 1504 824 miseratione
1536 792 1608 823 aut
1638 781 1733 824 odio
1769 792 1842 825 aut
1874 783 2034 826 invidia
2066 793 2137 826 aut
2165 781 2258 825 504

185 864 305 897 metu
346 867 419 899 aut
461 874 535 915 spe
577 870 650 901 aut
687 861 751 902 ira
790 861 1025 917 ceterisque
1069 862 1290 904 similibus.

1363 863 1632 905 Miseratione
1642 897 1656 914 ,
1705 879 1843 920 quum
1883 866 2138 908 calamitates

187 937 364 993 alicujus
411 955 565 996 magno
617 941 763 984 dolore
812 953 1065 996 tractamus3
1111 957 1250 998 quum
1294 944 1560 999 iniquitatem
1606 945 1806 1000 temporis
1853 946 1921 986 vel
1961 947 2138 1002 periculi

183 1018 520 1074 magnitudinem
554 1037 869 1074 memoramus,
901 1033 947 1064 ut
976 1024 1018 1064 in
1050 1024 1228 1079 septima
1253 1023 1557 1064 verrinarum:
1590 1024 1759 1074 „Patres
1780 1023 1825 1065 hi
1855 1039 1962 1080 quos
1992 1026 2139 1068 videtis

181 1097 377 1151 jacebant
415 1101 456 1140 in
496 1101 664 1152 limine,
717 1113 961 1158 matresque
1008 1105 1188 1147 miserae
1227 1106 1530 1162 pernoctabant
1573 1106 1625 1147 ad
1668 1108 1821 1148 ostium
1865 1108 2042 1149 carceris
2083 1108 2135 1149 ab

182 1190 373 1223 extremo
398 1183 628 1239 complexu
658 1183 844 1226 liberum
877 1185 1096 1238 exclusa03
1129 1202 1240 1242 quae
1271 1187 1375 1227 nihil
1409 1187 1523 1228 aliud
1556 1188 1734 1229 orabant
1767 1189 1844 1229 nisi
1868 1198 1915 1230 ut
1950 1188 2139 1229 filiorum

182 1272 425 1304 extremum
450 1265 644 1319 spiritum
665 1281 738 1307 ore
771 1267 966 1322 excipere
990 1269 1068 1308 sibi
1097 1269 1282 1309 liceret.“
1320 1267 1387 1307 Ab
1413 1266 1530 1318 odio,
1563 1282 1699 1322 quum
1727 1267 1958 1310 adversarii
1977 1268 2137 1310 factum

184 1342 254 1382 vel
284 1343 385 1384 viris
415 1344 536 1384 bonis
567 1346 635 1385 vel
673 1346 885 1399 judicibus
918 1347 1150 1387 ostenditur
1182 1346 1516 1397 exsecrandum,
1567 1356 1614 1387 ut
1649 1362 1786 1402 quum
1816 1348 2012 1403 judicum
2044 1364 2138 1389 cor-

181 1423 323 1480 ruptio
353 1422 529 1465 docetur
560 1439 584 1466 a
611 1425 750 1467 Verre
778 1426 922 1480 jactari
933 1442 945 1479 3
976 1427 1097 1468 item:
1120 1428 1298 1478 „Quum
1332 1427 1373 1467 in
1399 1428 1595 1478 avaritia,
1629 1429 1808 1480 scelere,
1841 1431 2031 1485 perjurio
2063 1444 2137 1470 vos

253 1593 314 1615 nee
332 1594 403 1615 mea
425 1581 614 1629 primordia]
641 1582 712 1615 Nee
733 1584 879 1628 supplevi
897 1596 913 1616 e
934 1584 1043 1617 codice
1064 1583 1135 1616 Μο-

180 1644 310 1676 nacensi
328 1644 395 1688 (C).
421 1644 578 1677 Ordiendi
602 1651 790 1690 praecepta,
821 1657 956 1691 quorum
982 1645 1135 1686 meminit,

179 1705 260 1738 infra
281 1704 324 1752 (ξ.
341 1706 428 1751 545)
452 1707 621 1740 dabuntur.

253 1778 400 1826 caruere]
428 1779 484 1813 Sic
502 1781 629 1813 codices
647 1781 936 1821 Rekhenaueusis,
955 1781 1132 1812 Darmstat-

179 1841 297 1882 tensis,
320 1842 526 1875 Monacensis
539 1843 594 1887 (C)
611 1849 642 1874 et
660 1844 834 1875 anteriores
857 1843 1023 1875 editiones.
1049 1843 1133 1876 Gro-

179 1902 243 1935 tius
265 1903 385 1948 absque
410 1916 508 1938 sensu
531 1917 644 1937 cauere
671 1905 781 1940 edidit.

253 1992 504 2039 commoventur]
531 1993 595 2025 Hic
619 2006 694 2037 prae
715 1994 828 2026 ceteris
852 1993 1065 2025 conferendus
1083 1998 1133 2025 est

177 2054 390 2096 Aristoteles,
411 2055 467 2100 qui
489 2056 612 2097 integro
635 2056 775 2087 seeundo
798 2056 880 2088 libro
901 2056 1132 2088 rhetoricorum

178 2119 217 2152 de
239 2120 504 2153 commotionibus
528 2119 703 2153 animorum
727 2120 800 2163 agit.

251 2212 386 2254 septima
414 2208 642 2255 Vei-ainamma]
671 2209 763 2241 Illam
790 2209 965 2241 orationem
988 2208 1130 2249 denotat,

178 2283 260 2317 quae
282 2274 316 2304 in
339 2274 456 2306 nostris
484 2274 677 2306 editionibus
706 2274 779 2305 libri
806 2275 914 2320 quinti
934 2273 1061 2305 nomine
1084 2273 1130 2304 in-

179 2336 341 2369 scribitur:
362 2349 426 2380 quo
452 2343 555 2381 patet,
585 2337 736 2370 martiani
760 2338 957 2381 temporibus
978 2336 1129 2369 Verrina-

178 2409 246 2429 rum
272 2398 399 2430 nomine
422 2398 553 2441 primam
577 2399 770 2443 appellatam
792 2399 908 2440 fuisse,
930 2411 1011 2444 quae
1036 2399 1129 2430 nobis

178 2461 211 2493 in
247 2461 424 2493 Caecilium
465 2461 532 2515 ἱνα
567 2462 717 2495 divinatio
759 2463 890 2503 dieitur-3
941 2463 1127 2502 secundam,

179 2534 259 2566 quae
282 2522 363 2555 aetio
384 2522 486 2566 prima
509 2522 543 2554 in
559 2523 712 2565 Verrem3
738 2525 878 2565 tertiam,
905 2536 985 2569 quae
1009 2524 1129 2568 primus

1185 1583 1301 1614 librum
1322 1582 1482 1626 quintum,
1512 1583 1567 1627 qui
1586 1595 1604 1614 a
1622 1588 1734 1615 nostro
1759 1583 1860 1616 oratio
1885 1583 2064 1628 appellatur
2088 1594 2136 1615 se-

1183 1646 1290 1690 ptima.

1259 1705 1387 1753 videtis]
1415 1703 1513 1739 Hu'ue
1535 1707 1627 1739 etiam
1647 1707 1753 1740 locum
1771 1708 1804 1739 in
1823 1708 1981 1749 integrum
2000 1708 2136 1749 restitui,

1185 1769 1343 1813 siquidem
1370 1769 1404 1800 in
1435 1769 1527 1800 editis
1556 1770 1625 1800 vidi
1657 1769 1774 1811 legitur
1802 1781 1860 1813 pro
1888 1770 2003 1802 videtis
2028 1769 2136 1802 addito

1183 1839 1241 1865 etc.
1260 1834 1303 1865 ita
1328 1839 1363 1864 ut
1387 1844 1480 1864 nemo
1515 1833 1696 1876 exemplum
1722 1834 1783 1865 hoc
1810 1834 1988 1875 intelligere
2017 1833 2136 1877 possit,

1184 1895 1270 1939 quod
1292 1907 1308 1926 e
1333 1895 1479 1927 Verrinis
1505 1896 1563 1938 (5,
1593 1895 1660 1938 45)
1691 1901 1827 1927 sumtum
1855 1908 1926 1927 esse
1957 1896 2135 1928 Martianus

1182 1959 1252 2003 ipse
1270 1959 1420 2002 prodidit.
1446 1958 1553 2000 Siglas
1584 1959 1727 2003 quamvis
1752 1959 1897 2002 pluribus
1920 1960 2000 1991 loeis
2028 1971 2134 1992 corru-

1181 2025 1254 2064 ptas
1277 2032 1294 2051 e
1317 2020 1505 2052 monacensi
1527 2019 1593 2064 (C)
1621 2020 1672 2052 hie
1697 2021 1854 2062 subjicere
1880 2032 1944 2053 non
1970 2021 2134 2063 gravabor,

1182 2094 1264 2128 quae
1300 2083 1328 2114 si
1355 2083 1442 2114 aliud
1471 2083 1548 2114 nihil
1582 2084 1643 2115 hoe
1672 2084 1784 2115 saltem
1810 2085 1963 2128 probant,
2004 2084 2131 2117 Martia-

1183 2159 1258 2179 num
1281 2146 1460 2190 exemplum
1486 2152 1603 2188 totum,
1634 2147 1717 2178 sicut
1737 2147 1842 2190 ipsum
1865 2148 1966 2189 edidi,
1995 2148 2131 2180 dedisse.

1181 2208 1267 2242 Sunt
1291 2220 1365 2240 vcro
1390 2208 1489 2249 siglae
1509 2209 1583 2240 hae:
1609 2219 1655 2240 na.
1674 2208 1694 2239 i.
1718 2209 1739 2240 l.
1764 2221 1796 2253 p.
1820 2221 1860 2241 m.
1884 2222 1911 2241 a.
1937 2223 1967 2254 q.
1990 2222 2029 2241 m.
2052 2222 2082 2253 p.
2104 2220 2131 2240 a.

1180 2284 1211 2303 n.
1239 2283 1267 2303 o.
1294 2284 1318 2303 S.
1347 2284 1372 2304 e.
1402 2284 1432 2306 a.
1459 2283 1484 2303 r.
1513 2284 1540 2304 a.
1565 2272 1595 2304 b.
1621 2284 1708 2305 eonS.
1730 2272 1752 2304 l.
1777 2272 1798 2304 l.
1821 2285 1870 2304 ex.
1890 2286 1922 2317 q,
1948 2273 2025 2304 nihil
2047 2284 2072 2303 a.
2101 2283 2130 2303 o.

1179 2335 1258 2367 nihil
1275 2347 1306 2367 u.
1322 2335 1342 2366 f.
1364 2346 1390 2367 s.
1407 2341 1481 2379 post
1497 2347 1521 2367 s.
1540 2349 1572 2380 p.
1588 2348 1628 2367 ex
1645 2335 1680 2367 l.«
1696 2335 1834 2367 Paulum
1852 2341 1987 2367 mutatas
2002 2335 2128 2367 codices

1179 2398 1443 2431 Dan-mstattensis
1468 2411 1504 2431 ae
1524 2399 1798 2431 Reiehenauensis
1827 2399 1985 2431 exhibent.

1256 2474 1354 2510 quum
1373 2463 1409 2493 in
1428 2461 1580 2508 avaritia]
1608 2462 1801 2506 Exemplum
1827 2463 1887 2492 boe
1899 2466 1930 2492 et
1954 2461 2017 2491 duo
2044 2472 2126 2505 quae

1181 2529 1358 2567 sequuntur
1385 2536 1403 2555 e
1427 2523 1516 2556 libris
1543 2524 1576 2557 in
1599 2524 1734 2558 Verrem
1760 2524 1812 2566 (1,
1844 2522 1900 2555 14.
1929 2522 1948 2553 f.
1971 2527 2003 2554 et
2026 2523 2067 2564 5,
2089 2523 2126 2566 4)

178 2584 312 2616 aetionis
340 2565 506 2617 secundi}
530 2577 627 2626 liber,
659 2591 691 2617 et
718 2586 764 2618 sie
787 2586 939 2632 deinceps
968 2598 1070 2631 usque
1097 2585 1137 2617 ad
1188 2585 1323 2630 repetita
1339 2590 1423 2617 sunt.

1681 2647 1727 2678 55
