2310 2860
198 177 262 211 ΧΠ

200 282 378 335 „Itaque
416 295 492 336 ego
534 292 710 334 quoque
748 277 810 319 rei
852 276 1099 318 difficultate
1137 272 1306 314 territus
1348 286 1457 326 pene
1495 273 1653 313 retraxi
1694 272 1913 328 pedem...
1953 271 2030 312 nisi
2071 285 2141 310 mc

200 360 493 416 „potissimum
524 372 725 413 generosa
755 356 981 412 prudentia
1025 364 1063 394 et
1106 360 1288 408 spectata
1334 352 1568 393 eruditione
1612 354 1850 395 adolescens
1895 353 2145 392 Dominicus

201 441 438 494 „Portensis
486 453 586 480 culn
632 437 890 493 quibusdam
935 433 1274 476 familiarissimis
1316 432 1520 472 cohortati
1559 432 1751 484 fuissent3
1810 433 1966 486 quibus
2007 444 2146 485 quum

202 522 365 574 „multa
406 533 608 576 perversa
646 527 686 558 et
722 517 826 558 salsa
867 515 1017 569 corrigi
1056 523 1095 554 et
1124 514 1166 552 in
1198 526 1344 553 veram
1384 512 1603 552 lectionem
1636 511 1767 565 redigi
1797 527 1915 566 posse
1946 510 2148 558 dicerem,

202 616 453 655 „nunquam
486 599 753 648 destiterunt,
799 597 933 638 donec
973 609 1042 634 mc
1082 602 1129 633 ut
1165 592 1246 632 hoc
1282 593 1582 647 gravissimum
1616 601 1654 631 et
1689 591 2008 631 formidandum
2041 602 2148 629 onus

203 683 492 736 „susciperem
533 678 781 735 perpulere,
835 677 1033 717 instantes
1077 682 1125 713 ut
1162 671 1306 726 quoad
1344 687 1508 727 possem
1551 671 1735 711 excussis
1781 671 2018 725 priscorum
2057 684 2151 710 mo-

203 762 466 814 ‚,numentis,
516 759 628 800 unde
669 757 933 799 Martianum
983 754 1112 795 fuisse
1151 760 1397 793 mutuatum
1446 751 1694 803 arbitrarer,
1748 765 1903 791 novem
1945 752 2033 803 ejus
2074 763 2152 790 vo-

203 842 394 894 „lumina
431 855 509 895 pro
549 839 711 881 viribus
750 837 1174 878 emendarem.---—
1214 833 1354 887 Supra
1384 833 1470 873 duo
1502 833 1618 874 milia
1651 847 1673 873 a
1702 832 1821 872 nobis
1851 830 1942 871 loca
1974 830 2154 884 reposita

204 932 349 974 „sunt‚
409 935 520 975 quae
562 920 617 960 ita
657 933 745 959 esse
789 916 924 957 multa
963 925 1003 955 et
1045 914 1229 968 diligenti
1271 914 1449 953 lectione
1495 912 1608 968 apud
1653 896 1922 967 grauissimos
1964 919 2153 950 auctores

204 1002 547 1058 „comperiinus3
591 999 759 1054 reliqua
797 998 830 1038 si
861 1012 948 1052 qua
978 1006 1076 1037 sunt
1113 996 1160 1036 iis
1192 995 1446 1050 reliquimus
1478 993 1786 1048 cognoscenda,
1831 993 1988 1046 quibus
2021 990 2155 1044 major

206 1084 275 1134 „in
305 1078 647 1136 Encyclopaedia
686 1077 866 1119 eruditio
901 1076 1129 1131 majusque
1160 1076 1369 1131 supererit
1398 1074 1569 1114 ocium“
1602 1083 1677 1117 etc.
1735 1072 1973 1114 Vulcanius
2011 1081 2155 1113 autem

205 1163 448 1218 BrugensiS‚
486 1161 561 1215 qui
593 1159 854 1199 Martianum
890 1172 989 1198 cum
1029 1157 1191 1198 Isidoro
1227 1154 1465 1211 Hispalensi
1507 1154 1725 1207 conjunxit
1758 1154 1800 1194 in
1832 1153 2010 1193 editione
2038 1153 2156 1193 Basi-

205 1243 336 1286 leensi
361 1240 491 1291 1577,
521 1241 564 1280 in
586 1238 846 1295 praefatione
870 1237 921 1279 ad
948 1237 1192 1278 Gerardum
1225 1251 1249 1277 a
1272 1234 1544 1285 Groesbeck,
1586 1235 1832 1290 episcopum
1864 1234 2158 1284 Leodiensem,

205 1328 264 1367 ita
300 1324 353 1365 de
392 1322 554 1364 ratione
600 1320 739 1376 operis
785 1319 851 1359 sui
891 1317 1094 1374 disputat:
1133 1316 1350 1371 „Arreptis
1398 1316 1441 1356 in
1485 1329 1639 1355 manus
1681 1323 1767 1354 tam
1821 1313 1987 1353 excusis
2026 1326 2159 1366 quam

207 1402 532 1458 „manuscriptis
563 1399 712 1441 Isidori
742 1398 978 1447 codicibus,
1017 1410 1123 1449 quos
1155 1409 1179 1435 a
1211 1396 1346 1436 multo
1380 1405 1572 1450 tempore
1606 1409 1659 1434 ex
1689 1393 1893 1448 Hispania
1927 1402 1968 1433 et
1993 1393 2158 1447 Belgico

207 1483 570 1540 „conquisieraim
614 1479 710 1520 dedi
747 1492 922 1532 operam
966 1485 1011 1516 ut
1052 1488 1153 1514 oum
1189 1474 1244 1514 ab
1283 1473 1518 1513 innumeris
1549 1473 1686 1525 iisque
1715 1472 1964 1512 foedissimis
1996 1473 2160 1513 mendis

208 1577 516 1621 „repurgarem
555 1559 818 1615 pristinoque
864 1570 943 1596 suo
981 1554 1106 1594 nitori
1143 1552 1287 1606 quoad
1328 1553 1419 1605 ejus
1458 1551 1548 1592 fieri
1589 1561 1726 1607 posset
1754 1553 2040 1605 restituerem3
2080 1553 2161 1594 hac

207 1655 382 1700 „autem
419 1644 463 1684 in
503 1649 623 1696 parte
662 1652 757 1679 eam
798 1636 1007 1677 rationem
1047 1633 1184 1683 tenui,
1230 1641 1277 1672 ut
1311 1645 1363 1671 ne
1404 1640 1563 1671 temere
1609 1631 1841 1685 quicquam
1883 1632 2160 1674 immutarem

209 1727 317 1781 „nisi
363 1719 716 1765 consentientibus
760 1717 868 1758 inter
916 1731 960 1756 se
1007 1713 1220 1757 veteribus
1264 1713 1521 1764 ἀντιγράφοις
1568 1722 1607 1753 et
1653 1728 1797 1754 errore
1838 1729 1889 1754 cx
1928 1714 2162 1768 ignorantia

211 1805 478 1860 „scribarum
510 1799 578 1841 vel
604 1811 836 1854 operarum
868 1793 1276 1850 typographicarum
1309 1801 1399 1832 orto
1431 1792 1651 1834 manifesto
1682 1808 1726 1834 se
1756 1793 1970 1849 prodente.
2007 1796 2162 1849 Neque

211 1887 353 1939 „enim
379 1899 448 1924 eos
474 1880 579 1923 mihi
602 1877 828 1920 imitandos
853 1875 1019 1925 censui,
1050 1873 1125 1928 qui
1148 1874 1340 1929 religiosa
1361 1875 1551 1930 quadam
1574 1875 1786 1931 diligentia
1815 1891 1904 1917 sese
1929 1877 2161 1931 jactitantes

213 1971 395 2023 „(qua1n
427 1973 569 2005 tamen
600 1960 739 2016 potius
776 1958 946 1998 inanem
959 1956 1314 2010 ‘superstitionem
1350 1965 1422 1997 aut
1450 1958 1635 2011 ineptam
1665 1957 1983 1999 ostentationem
2019 1958 2164 2014 appel—

214 2047 439 2101 „lav-erim)
471 2042 547 2084 ubi
571 2040 764 2097 plurium
797 2038 992 2079 codicum
1025 2037 1416 2092 manuscriptorum
1448 2049 1655 2076 consensu
1683 2036 1801 2077 locus
1826 2037 1999 2092 aliquis,
2030 2051 2161 2091 quem

214 2139 391 2181 „sensus
422 2124 512 2179 ipse
542 2128 794 2175 corruptum
826 2132 917 2159 esse
942 2116 1119 2169 indicat,
1145 2117 1362 2159 emendari
1382 2115 1547 2172 'potest,
1582 2118 1771 2172 priorem
1801 2128 1943 2160 tamen
1973 2133 2164 2174 eumque

216 2207 444 2260 „vitiosum
485 2211 650 2243 textum
695 2198 876 2240 retinere
919 2197 1107 2247 malunt,
1154 2205 1194 2237 et
1235 2197 1362 2238 variis
1405 2196 1654 2238 lectionibus
1701 2198 1910 2252 margines
1952 2198 2164 2240 librorum

217 2287 402 2345 „pariter
441 2292 482 2324 et
516 2282 692 2323 lectores
734 2287 922 2324 onerant.
987 2279 1077 2333 Ego
1125 2290 1227 2317 vero
1266 2276 1392 2316 hasce
1430 2276 1568 2317 varias
1598 2276 1795 2318 lectiones
1828 2278 1994 2319 nonnisi
2024 2293 2165 2334 quum

219 2377 429 2420 „utraque
465 2362 587 2404 lectio
625 2359 794 2400 tolerari
831 2358 959 2415 possit
994 2357 1390 2413 apposui.-—·—·
1431 2356 1481 2398 In
1518 2357 1727 2399 Martiano
1767 2357 1941 2413 Capella
1979 2359 2165 2401 eundem

221 2445 444 2498 „ordinem
480 2454 579 2482 sum
622 2449 813 2492 secutus;
867 2453 1023 2494 quem,
1062 2452 1201 2493 quum
1238 2452 1324 2479 non
1363 2438 1505 2479 minus
1544 2452 1677 2492 quam
1720 2437 1907 2479 Isidorus
1938 2450 2164 2496 corruptus

223 2533 374 2577 „esset,
416 2521 470 2563 ad
508 2519 891 2562 vetustissimorum
928 2517 1123 2560 codicum
1162 2518 1313 2570 fidem,
1357 2531 1467 2573 quos
1502 2517 1610 2560 mihi
1646 2518 1800 2574 partim
1840 2520 1950 2574 typis
1989 2535 2164 2562 excusos
