2310 2860
735 784 1415 861 INDEX

101 979 433 1023 VERBORUM
467 981 804 1033 RERUMQUE
841 982 1240 1035 NOTABILIUM,
1292 983 1454 1034 QUAE
1485 984 1602 1027 VEL
1640 986 1712 1027 AB
1742 985 1866 1030 IPSO
1898 988 2046 1030 MAR-

271 1097 456 1139 TIANO
488 1099 606 1140 VEL
635 1099 698 1141 IN
729 1099 1178 1142 COMMENTARIIS
1212 1100 1292 1140 AD
1326 1100 1455 1141 EUM
1486 1101 1875 1145 TANGUNTUR.

98 1336 154 1398 A
180 1370 290 1402 literae
323 1371 544 1415 pronunciatio
571 1370 599 1416 ξ.
615 1372 686 1404 261
1100 1365 1207 1410 Abyla
1230 1379 1322 1399 mous
1344 1367 1468 1413 §.624

297 1447 374 1466 usus
392 1436 425 1467 in
438 1436 501 1468 flue
519 1436 746 1468 vocabulorum
767 1436 840 1468 279
855 1447 944 1479 sequ.
966 1435 1048 1468 290.
1100 1429 1282 1462 Acarnania
1303 1433 1387 1464 651.

295 1499 449 1530 transitus
471 1500 503 1531 in
527 1500 605 1531 alias
625 1500 752 1532 vocales
767 1501 850 1532 255,
1101 1500 1250 1526 accentus
1271 1495 1362 1539 quasi
1386 1500 1535 1527 accautus
1561 1496 1634 1528 268
1657 1508 1744 1541 sequ.

295 1561 478 1602 conjunctio
500 1574 571 1593 cum
597 1562 666 1593 aliis
693 1562 856 1593 vocalibus
875 1561 959 1593 254.
1272 1558 1390 1600 figurae
1415 1559 1498 1591 275.

95 1623 211 1655 abacus
228 1621 359 1665 pulvere
381 1623 567 1666 superfusus
592 1624 673 1655 575.
697 1624 779 1654 536.
807 1624 888 1654 723.
1099 1618 1245 1651 accidens
1268 1619 1302 1650 in
1324 1619 1488 1652 dialectica
1512 1621 1596 1652 559.
1622 1622 1705 1654 547.

226 1685 395 1729 pingendis
418 1686 528 1717 formis
557 1692 756 1732 opportunus
779 1687 861 1718 579.
889 1686 970 1717 382.
1272 1684 1305 1715 iu
1324 1685 1481 1717 rhetorica
1498 1686 1582 1717 480.

227 1746 460 1790 Pythagoricus
487 1748 569 1779 729.
1095 1745 1216 1779 Accius
1236 1747 1270 1779 in
1292 1747 1460 1791 Pelopidis
1478 1749 1561 1780 272.

93 1806 275 1839 Abacum-ia
297 1808 401 1840 insula
425 1809 509 1843 644.
1097 1810 1279 1842 acclamatio
1304 1812 1351 1842 94
1374 1817 1438 1842 not.

93 1868 224 1901 Abdera
245 1869 320 1900 urbs
344 1871 428 1901 657.
1322 1874 1356 1905 in
1381 1874 1538 1907 rhetorica
1562 1876 1647 1908 546.

93 1931 269 1964 Abderitae
292 1933 377 1963 senis
401 1932 525 1964 alimma
545 1933 625 1965 110.
1095 1934 1266 1967 acclinatus
1286 1936 1368 1967 804.

94 1995 250 2027 abdicatio
277 1995 334 2026 filii
354 1996 436 2027 470.
1095 1997 1318 2028 accommodus
1334 1997 1417 2028 901.

93 2058 302 2090 abdicativum
319 2058 524 2102 proloquium
545 2058 628 2092 529.
652 2058 734 2090 596.
755 2058 837 2090 401.
1094 2058 1264 2090 accusativi
1285 2058 1445 2102 quantitas
1468 2058 1541 2090 280
1562 2070 1649 2102 sequ.

91 2121 232 2154 Abnoba
254 2133 346 2153 mons
370 2122 454 2154 662.
1288 2120 1483 2151 constructio
1512 2119 1635 2152 Graeca
1660 2119 1706 2153 70
1728 2126 1798 2155 not.

94 2183 219 2215 abollae
240 2183 324 2215 802.
1093 2192 1200 2212 acerra
1225 2181 1305 2212 115.
1327 2182 1408 2212 142.
1432 2182 1513 2213 168.
1536 2182 1619 2213 215.

92 2246 178 2279 absis
202 2246 276 2277 884
302 2257 391 2289 sequ.
1093 2255 1224 2275 acervus
1248 2244 1282 2275 in
1302 2245 1496 2288 syllogismis
1514 2246 1597 2278 527.

92 2309 239 2341 absoluta
263 2308 399 2351 qualitas
420 2309 505 2340 454.
1092 2306 1217 2349 Acbaja
1243 2308 1326 2339 652.

265 2371 389 2414 specics
412 2372 484 2402 515
506 2382 598 2414 sequ,
1091 2367 1244 2400 Acheron
1267 2369 1367 2400 amuis
1391 2370 1474 2400 651.

90 2434 210 2477 absque
229 2445 287 2477 pro
311 2440 438 2478 practer
460 2434 546 2467 255.
569 2433 653 2466 280.
678 2433 761 2464 867.
1090 2431 1289 2464 Acherusius
1312 2444 1427 2475 specus
1445 2434 1530 2465 688.

90 2494 202 2526 abns²0
224 2495 306 2526 512.
1089 2493 1228 2525 Achillis
1251 2493 1356 2524 insula
1380 2494 1464 2526 665.

89 2556 225 2602 Abydos
254 2556 329 2589 urbs
348 2557 430 2589 (358.
1088 2553 1203 2588 Acone
1222 2560 1334 2598 portus
1353 2555 1438 2587 688.
