2310 2860
689 182 888 225 Martiani
928 182 1126 239 Capellae
1164 182 1235 223 lib.
1259 181 1336 224 lV.
1376 183 1408 234 §.
1444 183 1549 225 5715.

2006 185 2094 229 557

138 291 245 331 inter
275 304 319 330 se
351 289 497 332 affecta
528 290 620 331 sint.
658 289 766 331 Hinc
792 289 1060 346 progreditur
1091 289 1144 330 ad
1175 297 1374 344 quartam
1406 298 1586 344 partem,
1616 304 1751 345 quam
1781 305 1870 332 esse
1899 290 2086 334 diximus
2115 293 2209 336 545

138 369 191 411 de
223 370 552 426 proloquiorum
590 384 775 411 summa.
833 369 881 409 In
921 383 970 409 ea
1002 368 1246 423 quaeritur,
1288 368 1393 424 quid
1429 370 1481 410 sit
1513 381 1758 426 sumptum,
1810 372 1914 428 quid
1945 373 2093 427 illatio,

140 452 246 508 quid
268 452 550 507 syllogismus,
587 452 691 508 quid
716 465 1033 506 symperasma3
1065 450 1169 506 quid
1193 450 1504 506 praedicativus
1535 453 1819 509 syllogismus,
1856 456 1961 510 quid
1992 471 2094 498 con-

139 531 360 584 ditionalis,
392 543 431 573 et
462 532 567 588 quid
601 532 777 584 intersit;
812 541 917 586 quot
949 532 1114 572 formae
1144 530 1223 570 sint
1253 532 1526 586 praedicativi
1558 535 1742 588 generis,
1775 545 1814 578 ct
1845 551 1956 591 quae
1988 537 2091 591 sint;

139 621 287 654 utrum
320 623 484 655 certum
516 613 709 655 ordinem
740 622 928 664 teneant,
976 622 1015 653 et
1048 612 1080 652 si
1112 621 1271 663 tonent,
1318 626 1430 666 quae
1460 612 1511 652 sit
1541 613 1735 667 ejusdem
1766 615 1923 656 ordinis
1956 617 2091 669 rati03

141 701 247 748 quot
287 693 436 744 modos
474 692 659 733 habeant
694 692 883 747 singulae
921 702 961 733 et
998 701 1145 733 utrum
1176 691 1222 733 hi
1252 691 1368 733 modi
1401 701 1565 733 certum
1596 694 1788 736 ordinem
1824 705 2009 748 teneant,
2054 705 2093 737 et

140 775 174 816 si
206 775 263 815 ita
295 784 375 827 est,
423 789 534 830 quae
564 775 615 815 sit
645 774 835 827 ejusdem
868 773 1025 814 ordinis
1056 773 1184 825 rati03
1214 771 1365 813 deinde
1401 772 1686 814 conditionalis
1717 775 1951 830 syllogismi
1986 785 2094 831 quot

140 854 266 910 primi
300 853 415 895 modi
448 869 495 895 ac
523 854 746 895 necessarii
776 854 876 905 sint,
927 854 1002 909 qui
1033 854 1160 894 etiam
1191 854 1371 895 istorum
1401 853 1507 895 ordo
1538 855 1610 907 sit,
1659 855 1763 911 quid
1794 856 1900 897 inter
1936 871 1980 897 se
2009 856 2094 898 dif-

140 935 289 977 ferant,

141 1018 258 1068 Quid
289 1033 387 1073 ergo
421 1032 553 1074 genus
592 1018 662 1070 sit,
715 1017 889 1060 exordia
923 1027 1139 1075 repetens,
1199 1032 1286 1074 quo
1326 1018 1528 1061 universa
1571 1018 1835 1070 discurram,

142 1100 358 1141 intimabo.

360 937 478 978 Haec
513 945 612 978 sunt
650 950 761 991 quae
799 935 1007 991 praesenti
1046 935 1228 977 arbitror
1269 935 1491 991 cognitioni
1534 935 1855 992 asserendisque
1885 935 2093 979 sufficere.

1894 1019 2091 1076 primitus

928 1230 1008 1273 DE
1051 1229 1303 1274 GENERE.

311 1337 458 1378 Genus
489 1346 550 1378 est
577 1337 815 1379 multarum
842 1338 1085 1379 formarum
1110 1353 1186 1394 per
1208 1352 1348 1379 unum
1372 1351 1530 1379 nomen
1561 1338 1815 1394 complexio,
1842 1346 1890 1379 ut
1915 1337 2091 1379 animal:

148 1418 313 1459 formae
344 1418 450 1471 ejus,
484 1427 531 1458 ut
556 1418 703 1470 homo,
732 1433 808 1460 seu
839 1433 991 1473 equus,
1026 1429 1065 1459 et
1097 1429 1246 1461 cetera,
1281 1419 1366 1461 Sed
1388 1434 1703 1475 nonnunquam
1736 1421 1905 1476 aliquae
1935 1419 2100 1460 formae

143 1498 198 1540 ita
234 1497 375 1553 generi
405 1497 712 1551 subjiciuntur,
759 1507 807 1538 ut
845 1498 970 1538 etiam
1005 1498 1120 1554 ipsae
1157 1499 1246 1540 aliis
1285 1500 1365 1540 sub
1397 1515 1440 1541 sc
1471 1500 1611 1556 positis
1642 1515 1774 1555 genus
1806 1515 1894 1541 esse
1925 1500 2100 1556 possint,

217 1617 256 1649 «le
281 1618 519 1663 proloquiorum
543 1616 685 1663 summa]
713 1617 807 1660 Quae
832 1630 889 1661 pro
918 1618 1005 1650 hisce
1030 1630 1097 1649 ver-

141 1680 191 1712 bis
224 1680 257 1711 in
288 1680 381 1712 editis
412 1680 601 1722 legebantur
633 1681 891 1725 »proloquiorum
920 1693 1090 1713 summam«

141 1756 179 1776 en
206 1744 330 1776 correxi
353 1750 416 1775 tani
448 1756 464 1775 e
495 1744 659 1776 codicibus
682 1745 932 1776 Monacensibus
960 1744 1017 1788 (C.
1040 1743 1098 1787 F),

143 1808 318 1848 Gmtiano,
339 1808 596 1840 Reiehenauensi
619 1814 651 1840 et
671 1809 936 1848 Darmstattensi‚
963 1820 1057 1851 quam
1082 1820 1098 1839 e

142 1870 301 1903 Martiano
324 1869 394 1914 ipso
414 1869 456 1914 (ἓ.
473 1870 573 1912 558).
599 1870 662 1900 Est
684 1875 790 1900 autem
812 1869 954 1900 doctrina
978 1869 1017 1900 de
1036 1869 1098 1911 syl-

143 1931 303 1974 logisniiS‚
341 1943 436 1975 quam
462 1929 658 1963 Aristoteles
682 1930 716 1961 in
740 1928 985 1973 Analyticorum
1009 1930 1100 1961 libris

143 1992 283 2025 tradidit.

216 2052 339 2099 utrum]
366 2053 472 2096 Lego:
495 2059 620 2085 »utrum
642 2059 763 2087 certum
792 2054 935 2086 ordinem
957 2060 1100 2096 teneant,

143 2123 177 2149 ct
201 2116 228 2149 si
253 2122 384 2155 tenent,
409 2127 490 2159 quac
513 2116 555 2147 sit
577 2115 720 2157 ejusdem
752 2115 872 2147 ordinis
893 2116 1012 2157 ratiou3
1045 2128 1099 2158 ne-

143 2193 206 2225 que
239 2185 396 2224 repugnat
427 2179 501 2211 MS.
554 2179 744 2222 Irruperunt
778 2185 883 2211 autem
914 2181 974 2211 hae
1004 2191 1099 2212 voces

153 2244 368 2289 »hujusmodi«
401 2255 442 2275 ex
466 2254 505 2274 eo
535 2243 622 2286 quod
652 2243 734 2274 infra
761 2243 837 2275 dicit
862 2249 912 2275 »et
937 2249 1043 2276 utrum
1067 2244 1101 2275 hi

146 2305 234 2337 modi
261 2311 399 2337 certum«
428 2305 470 2337 ob
500 2304 739 2337 similitudinem
769 2317 883 2337 vocum
917 2305 1099 2337 vicinarum.

146 2366 250 2399 Gnor.
261 2385 307 2390 -—-
317 2367 489 2398 Habebant
502 2366 586 2398 enim
599 2366 677 2398 editi
692 2373 801 2399 utrum
815 2367 998 2412 hujusmodi
1012 2380 1099 2399 mox-

147 2441 210 2474 que
245 2430 323 2476 qm'd
350 2431 392 2460 sit
422 2430 580 2473 ejusdem,
618 2431 705 2474 quod
739 2431 863 2463 correxi
890 2443 907 2463 e
937 2431 1100 2464 codicibus

146 2490 420 2530 Rciclienaucnsi,
454 2490 717 2534 Darmstattensi‚
754 2498 786 2524 et
814 2493 1003 2527 Monaceusi
1029 2493 1098 2537 (F),

147 2554 232 2586 unde
251 2558 283 2585 ct
304 2552 400 2596 paulo
422 2557 497 2596 post
517 2554 625 2586 modos
646 2556 776 2599 reposui
797 2568 855 2601 pro
879 2558 989 2588 modis.

222 2614 383 2663 sufficere]
408 2608 562 2661 QuIntam
587 2624 772 2665 sextamque
790 2626 913 2666 partem
935 2619 1099 2655 brevitatis

1149 1631 1245 1650 cansa
1268 1620 1388 1660 omisit,
1416 1632 1513 1663 quum
1539 1620 1725 1663 praesertim
1748 1620 1782 1651 in
1808 1619 1982 1653 Rhetorica
2007 1624 2103 1663 atquc

1148 1680 1273 1713 Musica
1295 1681 1408 1712 melius
1431 1686 1618 1714 tractentur.

1223 1756 1327 1787 yemis
1352 1742 1412 1789 est]
1439 1744 1611 1788 Triplicem
1638 1755 1710 1776 esse
1736 1743 1824 1775 vocis
1848 1755 1950 1788 genus
1974 1755 2104 1776 sensum

1148 1807 1349 1851 Porphyrius
1372 1808 1467 1852 (isag.
1491 1820 1517 1840 c.
1536 1808 1578 1852 2)
1603 1808 1716 1848 docet3
1743 1807 2000 1852 philosophicum
2028 1818 2104 1838 vcro

1150 1871 1287 1902 eundem
1323 1883 1418 1915 quem
1448 1877 1560 1903 noster
1592 1872 1751 1916 exposuit.
1791 1871 1881 1903 Idem
1915 1871 1980 1902 fere
2020 1869 2107 1914 apud

1151 1931 1381 1964 cassiodorum
1405 1932 1450 1976 (in
1470 1934 1542 1964 dial.
1568 1946 1598 1977 p.
1616 1935 1687 1965 557
1709 1932 1799 1976 Gar.)
1818 1932 1945 1974 legitur.
1974 1931 2104 1963 Cicero-

1149 1993 1200 2024 nis
1232 1993 1330 2037 (orat.
1353 1992 1421 2036 42)
1447 1994 1525 2025 haec
1560 1992 1702 2024 definitio
1730 1997 1797 2024 cst:
1823 2005 1941 2034 »genus
1973 1999 2023 2024 est
2054 1993 2105 2034 id,

1151 2054 1238 2099 quod
1262 2054 1312 2085 sui
1332 2054 1452 2085 similes
1477 2054 1700 2086 communione
1732 2054 1883 2097 quadam,
1919 2054 2024 2099 specie
2051 2065 2103 2085 au-

1149 2123 1214 2149 tem
1232 2117 1414 2149 differentes
1432 2117 1512 2148 duas
1529 2122 1583 2148 aut
1599 2117 1708 2161 plures
1728 2117 1949 2161 complectitur
1963 2123 2078 2162 partes.
2086 2131 2098 2145 «

1224 2178 1350 2222 formae
1369 2176 1452 2224 ejus]
1479 2178 1537 2211 Sic
1557 2178 1671 2223 scripsi
1692 2190 1709 2210 e
1728 2179 1891 2211 codicibus
1906 2179 2104 2211 Reichenau·

1150 2240 1220 2272 ensi
1237 2246 1270 2272 et
1290 2240 1554 2281 Darmstattensi,
1583 2252 1642 2284 pro
1665 2240 1771 2284 forma
1777 2264 1790 2280 ,
1819 2241 1894 2285 quia
1915 2241 2022 2286 plures
2046 2250 2103 2271 no-

1150 2302 1318 2333 minantur.
1343 2301 1429 2335 Sunt
1449 2306 1554 2333 autem
1570 2313 1651 2345 quac
1671 2301 1805 2334 Graecis
1821 2302 1900 2348 εἴδη
1924 2302 1974 2333 vel
1992 2300 2102 2343 ἰδέαι,

1150 2377 1230 2410 quas
1254 2365 1369 2397 Latine
1394 2365 1582 2410 plerumque
1603 2367 1723 2409 species
1751 2365 1904 2410 appellari
1923 2365 1966 2396 ait
1988 2364 2103 2397 Cicero

1150 2429 1259 2474 (topic.
1276 2429 1323 2472 7),
1351 2429 1421 2473 ipse
1444 2435 1550 2461 tamen
1569 2429 1693 2472 formas
1717 2429 1822 2461 dicere
1847 2427 1981 2468 mavult,
2008 2438 2051 2458 nc
2068 2426 2103 2459 in

1149 2493 1309 2525 mutandis
1341 2493 1468 2525 casibus
1498 2495 1676 2537 specierum
1709 2497 1741 2524 et
1765 2492 1927 2536 speciebus
1961 2489 2024 2522 dici
2047 2501 2102 2523 nc·

1150 2568 1240 2589 cesse
1273 2556 1323 2588 sit.
1379 2556 1555 2601 Utriusque
1587 2555 1733 2588 vocabuli
1766 2554 1900 2587 eandem
1934 2553 1998 2586 vim
2030 2565 2104 2587 esse

1151 2620 1390 2666 Quinctilianus
1415 2631 1544 2667 quoque
1567 2620 1620 2663 (Β,
1647 2619 1709 2658 10,
1735 2618 1800 2661 623
1826 2631 1857 2664 p.
1884 2618 1957 2654 265
1979 2617 2104 2664 Spald.)

1648 2680 1697 2713 45
