2310 2860
679 189 879 232 Martiani
918 189 1118 246 Capellae
1156 190 1227 231 lib.
1245 189 1298 232 II.
1334 193 1366 243 §.
1391 190 1489 233 102.

1985 194 2075 238 145

102 297 364 340 mortalitatis
398 312 584 340 asserere
609 296 797 355 prudens
823 297 992 339 Samius
1024 298 1274 349 aestimavit,
1305 298 1347 339 in
1378 298 1523 339 locum
1552 300 1806 355 proximum
1835 301 1988 353 sumit,
2019 317 2067 343 ac

99 381 158 422 sie
197 381 313 422 mille
357 380 528 422 ducenti
566 380 716 422 decem
757 389 798 421 et
833 388 925 420 octo
962 378 1135 420 numeri
1173 377 1438 419 effulserunt.

100 496 230 528 tandum
258 508 329 528 6556
354 497 465 529 66115111
491 496 538 540 (111
561 497 721 541 palaeogr.
742 495 810 528 crit.
835 494 893 527 III.
912 494 940 540 ἓ.
960 493 1058 538 227),

98 559 254 602 siquidem
275 564 406 604 accepta
429 559 584 604 particula
612 571 649 590 ac
676 569 733 601 pro
758 563 915 605 tanquam
941 568 1057 590 sensus

96 623 211 667 planus
239 628 306 655 est:
339 624 430 656 »cubi
452 623 597 655 soliditas
621 621 700 667 (ara)
725 633 807 666 quac
829 621 861 652 in
886 620 967 653 sanis
989 626 1056 652 tnn—

96 699 192 731 quam
225 687 373 719 dominns
405 687 513 732 (ipse)
547 687 724 719 adoratura«
771 685 940 719 Vitruvius
971 685 1055 716 enim

94 748 147 793 (5,
179 748 213 793 1)
245 762 335 781 »aras
362 750 401 782 ad
430 761 573 782 normam
605 749 722 780 (1611616
756 759 829 780 6556
858 747 1046 792 quadratas«

92 818 209 844 monet.
247 813 400 845 Fortasse
423 814 517 845 etiam
541 814 580 845 de
606 813 707 857 cippis
727 812 869 844 Hermae
889 811 1052 856 quadratis

92 875 268 907 Martianus
305 875 467 918 cogitavit.
511 875 699 907 Lectionem
720 879 862 907 nostram
886 880 1052 919 praeterea

91 938 195 970 firmat
229 938 505 972 Reichenaucnsis
541 939 661 980 codex,
703 938 738 971 in
765 950 829 983 quo
867 939 957 982 »cybi
990 951 1044 971 ac«

90 1001 216 1042 legitur.

163 1063 302 1109 bivium]
330 1064 419 1096 Editi
456 1066 539 1104 vim,-
579 1063 619 1095 ad
645 1063 734 1107 quod
768 1063 923 1096 Grotius:
955 1062 1048 1097 dis.

86 1132 217 1162 vinium.
256 1130 398 1161 Literam
425 1129 459 1161 Y
488 1128 609 1170 innuit,
639 1129 679 1161 de
714 1140 778 1173 qua
803 1129 904 1160 habes
937 1128 969 1159 111
997 1140 1047 1160 611-

87 1192 228 1224 talectis:

139 1254 268 1286 »Litera
289 1254 494 1298 Pythaqorae
517 1253 703 1284 discrimine
720 1257 809 1284 secta
832 1252 955 1284 bicorni

134 1318 308 1348 IIunumae
326 1318 412 1348 vitae
436 1318 572 1360 speeiem
593 1316 759 1359 praeferre
780 1316 939 1348 videtum«

86 1379 201 1409 Exstat
226 1379 287 1410 hoc
312 1378 473 1409 distichon
496 1377 531 1408 in
553 1376 752 1417 Anthologia
775 1375 955 1408 Burmanni
981 1375 1043 1407 La-

84 1442 150 1473 tina
174 1441 228 1485 (11.
255 1453 286 1485 p.
304 1440 401 1484 416).
429 1439 498 1472 Sed
522 1439 602 1471 adde
626 1439 767 1471 Ausonii
786 1439 894 1483 (ldyll.
917 1439 957 1471 dc
974 1450 1041 1470 mo-

83 1502 239 1546 nosyllab.
263 1502 301 1545 9)
327 1503 412 1534 hunc
433 1513 581 1533 versum:

140 1565 361 1608 »Pythagorae
382 1563 503 1594 bivium
522 1563 623 1594 ramis
642 1569 736 1606 paleo
757 1563 915 1607 ambiquz's
947 1559 1013 1605 Y«-¹

81 1629 136 1672 qui
158 1628 259 1670 magis
279 1633 391 1659 nostro
419 1626 606 1670 respondet.
633 1626 756 1658 Confer
777 1630 945 1669 praeterea
965 1625 1045 1656 Pcr-

81 1692 163 1724 sium
184 1693 232 1737 (5,
258 1691 329 1734 56),
350 1690 499 1723 Servium
520 1691 574 1734 (ad
598 1690 682 1721 Aen.
700 1691 735 1722 6.
760 1689 861 1733 153),
887 1694 983 1733 atque
1006 1700 1047 1720 ex

79 1765 118 1785 6ο
143 1754 315 1786 Isidorum·
341 1754 448 1797 (etym.
474 1754 514 1793 1,
545 1753 602 1784 17.
628 1766 658 1795 p.
689 1753 711 1783 :i
750 1750 883 1793 Areva),
920 1749 1046 1794 graphi-

79 1828 211 1861 camque
238 1816 487 1860 descriptionem
513 1814 599 1858 apud
623 1813 829 1845 Athenaeum
861 1814 873 1855 (
888 1813 949 1853 10,
985 1813 1043 1844 20.

77 1890 109 1922 p.
131 1878 215 1910 454.
247 1876 342 1920 Cas.)
373 1882 406 1909 et
432 1876 629 1909 Strabonem
663 1876 741 1919 (15.
774 1887 805 1919 p.
832 1875 904 1906 597
937 1873 1042 1917 Cas).

82 1940 214 1970 Vinium
242 1938 275 1970 in
315 1937 574 1970 Reichenauensi
610 1947 740 1980 quoque
775 1935 885 1968 codice
920 1940 1042 1976 exstat,

77 2009 273 2048 quapropter
303 2004 424 2035 bivium
463 2001 619 2041 scribere,
659 1999 885 2044 orthographia
917 2004 1042 2031 tantum

75 2073 212 2108 mutata,
252 2078 319 2100 non
350 2066 510 2107 dubitavi,
544 2077 619 2098 nam
640 2065 671 2097 B
698 2069 730 2096 et
752 2064 786 2097 V
814 2064 942 2108 saepius
966 2075 1039 2096 con-

73 2131 163 2164 fundi
181 2136 293 2164 notum
311 2136 361 2163 est
379 2132 420 2176 (v.
445 2129 473 2175 ἓ.
488 2131 547 2162 25.
574 2130 656 2162 102.
676 2129 760 2161 582.
777 2128 874 2172 608).
899 2128 1040 2160 Sensum

73 2193 236 2225 illustrant
251 2193 411 2226 Lactantii
427 2193 480 2238 (6,
500 2192 537 2236 5)
555 2192 653 2224 verba
676 2193 772 2223 haee:
795 2191 935 2223 »Dicunt
955 2191 1039 2222 enim

73 2259 228 2289 humanae
250 2257 334 2290 vitae
356 2269 485 2289 cursum
500 2257 533 2288 Y
554 2256 666 2287 literae
691 2267 762 2287 esse
781 2255 928 2295 similem,
952 2255 1040 2299 quod

77 2321 297 2366 unusquisque
317 2321 498 2362 hominum,
529 2332 629 2364 quum
652 2320 773 2365 primae
802 2319 1037 2351 adolescentiae

72 2383 170 2414 limen
201 2383 357 2425 attigerit,
397 2388 430 2415 et
455 2383 489 2415 in
523 2395 596 2415 eum
628 2382 734 2414 locum
759 2381 900 2421 venerit,
929 2387 1037 2425 partes

71 2445 126 2477 ubi
164 2456 198 2476 se
228 2445 280 2477 via
307 2444 400 2476 findit
431 2444 465 2476 in
496 2444 622 2482 amnas,
663 2446 794 2476 haereat
830 2443 1038 2476 nutabundus

72 2522 108 2542 ae
130 2508 263 2548 nesciat,
293 2508 324 2539 in
349 2520 445 2551 quam
466 2519 501 2539 se
522 2514 644 2552 partem
668 2507 777 2552 potius
800 2507 948 2539 inclinet«
975 2512 1034 2539 cet·

147 2568 368 2615 mortalitatis]
394 2568 464 2601 Alii
482 2569 557 2601 libri
581 2570 701 2613 scripti,
727 2582 745 2601 a
765 2570 879 2602 Cortio
901 2569 934 2601 in
949 2568 1033 2600 libro

72 2635 233 2680 Lipsiensi
256 2633 374 2675 notati,
405 2633 815 2677 1111116111’ἰηιηιονί011ἰαίιέ,ι
854 2633 911 2666 sed
940 2631 1032 2666 male.

1110 494 1256 539 Namque
1287 507 1366 527 voce
1399 495 1453 527 illa
1480 497 1652 528 humanum
1685 510 1784 539 genus
1812 501 1915 532 notari
1941 513 1981 532 cx
2005 501 2067 533 alio

1110 557 1182 589 loco
1213 556 1255 602 (§.
1288 558 1372 602 108)
1396 563 1503 603 patet,
1544 571 1608 603 quo
1636 560 1762 592 scribit:
1793 561 1894 594 „intra
1926 562 2066 595 latebras

1109 621 1192 653 uteri
1219 622 1354 666 septimo
1382 634 1493 654 mense
1524 623 1670 655 absoluta
1699 625 1893 657 mortalitas«
1925 626 2015 669 (add.
2040 625 2069 671 §-

1108 685 1191 717 (325.
1220 686 1317 730 899).
1358 685 1482 731 Aperte
1506 687 1601 719 ctiam
1623 687 1790 720 Arnobius
1817 690 1865 733 (1.
1886 703 1917 734 p.
1935 690 1972 733 6)
1999 702 2068 722 ver-

1106 747 1156 779 bis
1185 748 1384 780 »miseranda
1410 749 1605 781 mortalitas«
1635 750 1680 782 nil
1707 750 1769 782 nisi
1791 752 1942 783 miserum
1968 753 2068 784 homi-

1104 823 1180 843 num
1198 824 1300 854 genus
1322 813 1475 845 denotare
1495 813 1607 846 voluit.
1633 813 1744 859 Atque
1762 814 1892 848 Gellius
1911 816 1984 860 (15,
2005 816 2066 859 28)

1099 871 1167 913 jam
1190 876 1377 908 defenderat
1401 879 1486 910 hunc
1508 878 1596 910 vocis
1620 889 1724 910 usum.
1756 878 1852 910 Adde
1876 879 2065 912 Ciceronem

1103 940 1155 984 (N.
1182 941 1223 972 D.
1245 943 1288 982 5,
1316 942 1394 984 56),
1423 942 1546 973 Liviam
1575 942 1628 986 (1,
1655 942 1709 985 2),
1739 941 1898 975 Senecam
1923 943 1976 987 (de
2005 944 2066 975 cle-

1102 1008 1199 1034 ment.
1230 1004 1262 1043 1,
1289 1004 1343 1045 5),
1374 1004 1518 1048 aliosque
1545 1004 1742 1048 permultOS,
1770 1005 1959 1046 Virgilium,
1987 1006 2064 1037 Ovi-

1102 1065 1200 1105 dium,
1230 1065 1410 1105 Lucanum,
1436 1066 1594 1104 Curtium,
1620 1066 1773 1106 Plinium,
1799 1067 2066 1110 Quinctiliamim·

1178 1125 1372 1170 aestimauit]
1400 1127 1449 1158 lta
1472 1127 1552 1158 alios
1577 1128 1704 1159 codices
1726 1128 1844 1160 habere
1872 1129 2006 1161 Grotius
2032 1134 2065 1160 et

1099 1189 1319 1221 &Valthardus
1338 1191 1406 1232 jam
1430 1196 1630 1223 notaverant.
1656 1191 1695 1223 111
1722 1192 1973 1224 Monacensibus
1998 1193 2065 1236 ipse

1097 1251 1181 1289 vidi,
1214 1257 1282 1283 tum
1306 1254 1467 1283 estimavit
1497 1253 1544 1296 (111
1567 1254 1596 1283 Β
1620 1259 1651 1284 et
1677 1253 1739 1296 D),
1772 1254 1859 1298 quod
1884 1254 2060 1285 111111115ῑαί-

1095 1313 1196 1343 tensis
1222 1313 1316 1344 etiam
1342 1314 1488 1354 exhibet,
1518 1319 1584 1345 tum
1606 1316 1787 1346 aestimauit
1817 1315 1867 1359 (in
1894 1316 1931 1347 C.
1950 1321 1979 1346 ct
1996 1316 2063 1363 E),

1096 1375 1184 1417 quod
1206 1381 1334 1418 praeter
1360 1377 1458 1408 hosce
1476 1376 1690 1408 Monacenses
1721 1377 1815 1408 etiam
1841 1378 2039 1409 111151166υεί5-
2054 1401 2062 1411 ,

1094 1435 1389 1477 Reichenauensis,
1422 1437 1648 1477 Britannicus,
1689 1438 1983 1480 Cantabrigiensis,
2025 1453 2060 1472 ae

1098 1498 1299 1540 Bodlejanus
1325 1500 1447 1544 primus
1469 1500 1596 1531 habent.
1631 1500 1883 1541 Verumtamen,
1917 1503 2003 1546 quod
2030 1503 2060 1534 in

1099 1562 1193 1594 editis
1215 1568 1282 1603 est,
1311 1565 1509 1595 existimavit
1530 1563 1626 1595 etiam
1648 1564 1777 1596 defendi
1800 1571 1927 1609 potest,
1954 1578 2059 1609 neque

1096 1625 1243 1666 ignotum
1266 1631 1317 1657 est
1343 1638 1361 1657 a
1388 1626 1599 1670 scriptoribus
1633 1639 1730 1671 saepe
1763 1630 1942 1672 composita
1969 1642 2058 1660 usur-

1096 1689 1166 1735 pari
1189 1700 1249 1733 pro
1275 1689 1473 1733 simplicibus
1499 1688 1541 1734 (§.
1558 1690 1616 1722 68.
1648 1691 1706 1722 75.
1735 1691 1828 1733 loo).

1171 1765 1250 1800 quos
1274 1751 1344 1799 per]
1374 1753 1473 1797 Quod
1505 1753 1583 1785 dicit
1614 1754 1677 1785 tale
1707 1760 1778 1785 cst:
1807 1755 1913 1786 solent
1955 1757 2059 1798 Magi,

1095 1814 1150 1846 ubi
1183 1815 1260 1858 qnid
1291 1826 1331 1846 cx
1363 1815 1550 1847 nominibus
1582 1821 1782 1856 scrutantur,
1825 1817 1991 1849 collectam
2018 1831 2058 1849 cx

1094 1876 1260 1908 nominum
1287 1888 1420 1908 numero
1444 1876 1635 1908 summulam
1657 1889 1715 1921 per
1734 1879 1877 1910 enneada
1906 1879 2058 1915 dividere,

1093 1940 1312 1972 subtrahendo
1346 1952 1416 1972 eam
1445 1941 1573 1984 quoties
1601 1941 1693 1981 licet,
1725 1947 1792 1973 tum
1814 1955 1980 1974 numerum
2002 1944 2058 1987 qni

1093 2004 1154 2035 erit
1185 2005 1367 2048 superfluus
1403 2005 1542 2036 nominis
1574 2005 1675 2049 ipsius
1705 2018 1872 2038 numerum
1900 2009 2054 2038 arbitran-

1092 2071 1154 2097 tur.
1206 2067 1291 2099 Vide
1332 2067 1426 2099 etiam
1464 2067 1491 2098 si
1523 2067 1614 2098 lubet
1647 2066 1824 2112 Agrippam
1859 2070 1897 2100 dc
1932 2071 2056 2101 occulta

1092 2127 1318 2172 Philosophia,
1344 2128 1529 2170 diligentem
1548 2129 1694 2173 profecto
1715 2130 1865 2162 Martiani
1891 2131 2053 2163 lectorem.

1093 2191 1197 2223 Geor.
1220 2211 1267 2216 —
1298 2193 1407 2233 Bene,
1444 2192 1542 2224 modo
1575 2198 1662 2225 recte
1695 2193 1855 2235 intelligas
1892 2194 2052 2237 Grotinm,

1090 2253 1222 2285 Minime
1245 2254 1330 2285 enim
1355 2266 1524 2286 numerum
1550 2254 1655 2286 innuit
1679 2254 1786 2296 illum,
1819 2256 1874 2299 qui
1894 2256 2053 2289 invenitur

1089 2317 1189 2361 priori
1213 2329 1345 2350 numero
1369 2330 1428 2362 per
1452 2330 1568 2350 novem
1598 2318 1720 2359 diviso,
1753 2318 1782 2349 is
1812 2319 1896 2351 enim
1923 2332 1940 2351 6
1967 2320 2050 2351 11161·-

1090 2381 1168 2413 curii
1198 2393 1330 2413 numcro
1363 2388 1450 2413 esset
1486 2380 1585 2428 155}
1616 2387 1648 2413 et
1679 2392 1696 2413 e
1728 2381 1930 2424 philologiae
1958 2380 2049 2428 803:

1089 2444 1145 2475 sed
1178 2456 1249 2475 eum
1280 2445 1367 2484 vult,
1413 2444 1468 2488 qui
1509 2445 1650 2488 peri'ecta
1686 2444 1843 2476 divisione
1876 2445 2049 2476 novenario

1087 2506 1190 2539 minor
1217 2518 1276 2550 pcr
1304 2518 1418 2538 novem
1443 2506 1579 2551 amplius
1609 2506 1707 2538 dividi
1728 2505 1857 2548 nequit,
1888 2517 2048 2550 quemque

1086 2582 1171 2603 nunc
1202 2570 1326 2601 numeri
1358 2569 1452 2602 fracti
1478 2569 1617 2602 indicem
1645 2568 1859 2613 appellamus,
1891 2574 1927 2600 ut
1950 2580 2048 2614 supra

1084 2643 1253 2665 numerum
1277 2633 1301 2666 5
1326 2632 1360 2664 in
1383 2631 1555 2672 Mercurii,
1587 2636 1619 2663 et
1647 2629 1672 2662 4
1702 2628 1735 2661 111
1759 2629 1960 2671 Plzilologiae
1986 2643 2045 2663 no-

1511 379 1632 429 Qnos
1670 396 1747 436 per
1778 383 2059 424 novenariam
2091 388 2156 431 10.
