2310 2860
258 171 288 212 10

873 172 1072 214 Martiani
1111 172 1309 228 Capellae
1347 174 1419 217 lib.
1446 174 1478 216 I.
1518 178 1549 226 §.
1568 176 1605 218 1.

541 277 711 319 Semina
743 278 821 333 qui
852 280 1013 319 arcanis
1040 279 1247 334 'stringens
1277 281 1507 334 pugnantia
1527 282 1696 335 vinclis,

653 358 984 415 Complexuque
1014 375 1134 401 sacro
1165 359 1332 402 dissona
1369 376 1479 402 nexa
1511 361 1648 403 foves:

537 439 742 495 Namque
772 441 980 482 elementa
1009 442 1111 496 ligas
1142 442 1329 493 vicibus,
1360 442 1667 499 mundumque
1698 447 1892 488 maritas:

252 534 284 566 in
310 533 463 566 ICtorum
486 534 575 564 libris
593 534 726 577 copula,
770 547 840 566 cum
854 546 942 566 sacra
960 546 1012 565 res
1028 534 1083 574 sit,
1123 547 1204 578 quae

840 578 844 587 .

252 597 399 629 nimirum
411 598 584 629 inviolabili
598 598 727 629 foedere
744 598 958 641 conjugioque
974 598 1118 629 homines
1128 599 1203 639 jun-

250 665 321 701 gat,
353 672 411 703 pro
445 659 516 703 ipso
543 659 738 700 concubitu,
775 665 1016 691 consummante
1045 659 1203 701 conjugia,

249 721 387 764 ponitur.
421 720 625 752 «lastinianus
648 721 820 765 imperator
842 734 909 765 cap.
929 722 976 753 26
1001 721 1040 752 de
1062 721 1202 765 nuptiis:

253 784 311 817 ·Si
333 785 417 816 enim
443 797 484 816 ex
506 786 620 817 affectu
646 797 757 817 omnes
785 785 1032 817 introducuntur
1055 786 1201 829 nuptiae,

246 853 278 879 et
311 848 389 879 nihil
423 849 574 894 impium,
606 862 665 881 nec
698 849 823 890 legibus
857 850 1050 881 contrarium
1082 850 1116 881 in
1146 849 1201 881 tali

245 912 358 953 copula
387 918 632 956 exspectamus,
660 924 757 955 quare
794 912 972 956 praedictas
997 914 1125 957 nuptias
1152 913 1200 945 in-

244 973 398 1005 hibendas
432 975 648 1007 existimemus
660 976 696 1006 ‘tu
743 976 830 1008 Hinc
868 977 1015 1020 copulare
1044 982 1093 1007 cst
1124 989 1198 1008 eon-

237 1035 373 1077 jungere
397 1037 545 1080 nuptias,
572 1043 705 1080 ratoque
725 1037 853 1068 foedere
879 1050 937 1081 par
956 1038 1118 1069 hominum
1134 1038 1197 1070 col-

241 1096 348 1138 ligare.
387 1098 566 1141 Imperator
598 1098 781 1130 Gordianus
817 1112 843 1130 c.
871 1101 893 1131 8
925 1100 1068 1141 ejusdem
1097 1100 1196 1131 tituli:

246 1159 303 1190 ·1n
326 1161 512 1202 copulandis
539 1160 658 1203 nuptiis
678 1161 850 1203 spectanda
870 1166 919 1191 cst
947 1161 1016 1202 ejus
1034 1162 1195 1202 voluntas,

239 1220 278 1251 de
303 1221 394 1261 eujus
417 1222 643 1262 conjunctione
661 1226 842 1253 tractatura«
875 1222 919 1253 Et
936 1223 1102 1266 copulari,
1130 1235 1194 1256 ma-

239 1283 387 1315 trimonio
405 1285 555 1326 conjungi
571 1297 597 1316 c.
608 1285 655 1316 25
676 1285 829 1326 ejusdem.
851 1285 894 1316 Et
911 1286 950 1316 al)
963 1286 1074 1318 eadem
1087 1292 1193 1319 mente

243 1347 392 1378 ulextras
406 1349 574 1391 copulare«
600 1349 678 1379 dixit
707 1349 738 1380 in
754 1348 923 1380 Aulularia
941 1350 1089 1391 Plautus,
1117 1352 1192 1395 quia

234 1422 363 1443 manum
399 1413 524 1443 tradere
558 1413 693 1455 cuipiam
728 1413 812 1456 apud
833 1418 959 1445 veteres
987 1420 1096 1446 sancta
1125 1420 1193 1447 erat

233 1473 386 1517 firmaque
403 1473 557 1505 amicitiae
581 1473 722 1517 sponsio.
746 1474 873 1505 Beuum.
890 1474 1028 1517 (advers.
1045 1488 1075 1518 p.
1092 1476 1191 1520 594.)

231 1535 322 1567 Hace
348 1537 419 1567 illc:
446 1538 503 1568 scd
533 1537 594 1568 sibi
635 1549 700 1569 non
731 1543 857 1568 constat
892 1538 941 1569 vir
975 1539 1191 1570 doctissimus.

231 1596 362 1629 Oblitus
385 1598 468 1629 enim
484 1599 578 1639 hujus
598 1598 871 1641 interpretationis
891 1599 1026 1630 cundem
1040 1600 1191 1631 Martiani

231 1661 337 1691 locum
362 1661 459 1704 paulo
483 1661 614 1692 inferius
634 1660 678 1705 (p.
700 1661 788 1704 961)
815 1660 859 1693 sie
883 1662 1042 1705 explicare
1066 1663 1189 1694 studet:

236 1722 415 1766 »Copulam
439 1723 533 1754 dcnm
563 1722 658 1762 dicit,
695 1722 786 1763 cujus
813 1723 962 1766 auspiciis
989 1724 1189 1756 eonnectitur

229 1796 342 1827 corpus
371 1784 530 1815 terrestris
560 1784 653 1814 molis
690 1784 822 1815 coelesti
859 1786 979 1823 animo,
1010 1797 1091 1828 qnae
1122 1785 1186 1817 duo

230 1848 323 1878 deum
351 1849 546 1879 constituere
575 1848 736 1892 sapientes
771 1854 913 1880 veterum
943 1849 1067 1893 physici
1092 1850 1185 1881 tradi-

228 1910 318 1940 dere:
335 1910 406 1940 wide
421 1910 570 1941 Occllum
590 1915 621 1940 et
638 1910 779 1940 Plinium
797 1911 877 1941 libro
887 1911 918 1942 2.
927 1925 938 1938 (ι
959 1930 1009 1937 —
1025 1912 1185 1955 Equidem

227 1972 310 2002 hand
329 1984 404 2002 sane
433 1972 592 2016 perspicio
625 1984 681 2002 cur
705 1972 853 2014 mysteria
878 1979 1009 2016 quaerat
1030 1974 1182 2006 Barthius

227 2032 259 2063 in
277 2033 398 2072 verbis,
436 2046 517 2077 quae
544 2033 621 2064 nihil
649 2034 767 2064 habent
797 2033 1014 2067 dubitationis.
1058 2035 1126 2067 Sed
1150 2037 1181 2068 in

227 2107 367 2127 errorem
388 2097 536 2128 inductus
558 2109 630 2128 csse
650 2097 776 2128 videtur
798 2110 894 2141 prava
918 2098 951 2129 in
970 2099 1058 2129 libris
1086 2100 1180 2131 editis

227 2158 398 2202 scriptione
416 2160 504 2191 vocis
533 2161 626 2191 :leiim
654 2173 725 2192 cum
749 2161 961 2193 circumflexo.
995 2163 1070 2194 Non
1095 2164 1179 2196 enim

225 2220 376 2264 1)lura1i5‚
402 2222 458 2253 sed
486 2222 655 2263 singularis
679 2228 746 2261 est,
779 2224 948 2255 accusandi
965 2236 1049 2256 casu.

299 2283 436 2329 semina]
467 2285 645 2317 Elementa.
671 2285 803 2318 Semina
831 2293 906 2319 sunt
931 2288 1082 2320 Lucretio
1109 2301 1177 2321 cor-

226 2346 371 2389 puscula,
398 2346 430 2378 in
445 2359 525 2390 quae
541 2360 674 2390 corpora
691 2349 821 2391 quaevis
836 2349 1046 2382 resolvantur.
1079 2351 1175 2384 Clau-

225 2407 336 2439 dianus
356 2406 430 2451 (48,
453 2406 506 2450 1):
533 2408 708 2452 »Quisquis
731 2410 868 2442 sollicita
884 2412 1037 2443 mundum
1053 2413 1175 2445 ratione

225 2474 352 2499 secutus
378 2468 509 2500 Semina
530 2468 661 2499 rimatur
688 2482 821 2502 rcruma«
851 2472 952 2505 Gonz.
971 2491 1021 2498 —
1051 2473 1174 2506 Distin-

225 2529 289 2569 gnit
310 2536 419 2562 noster
434 2530 517 2562 infra
535 2529 578 2573 (§.
600 2531 658 2573 17)
682 2531 765 2562 inter
785 2533 905 2565 semina
927 2546 1034 2566 rerum
1055 2541 1087 2567 et
1108 2537 1170 2568 ele-

225 2598 339 2632 menta,
365 2594 406 2624 ita
429 2599 463 2624 ut
480 2593 639 2630 clementa
653 2594 719 2636 jam
739 2602 893 2639 separata,
914 2598 1034 2629 semina
1053 2605 1169 2641 autem,

1257 536 1323 568 sive
1340 536 1439 577 initia,
1464 549 1571 569 rerum
1590 537 1693 570 adhue
1719 539 1815 571 mixta
1835 553 1906 572 esse
1925 541 2093 572 videantur
2110 540 2206 584 (cons.

1256 599 1423 632 Claudian.
1452 601 1490 633 dc
1514 607 1593 645 rapt.
1619 601 1712 633 Pros.
1732 603 1764 641 1,
1789 603 1862 635 248
1888 604 1991 648 sequ.)

1325 662 1518 709 pugnantia]
1552 664 1683 697 Semina
1708 666 1882 709 pugnantia
1917 673 1990 698 sunt
2017 667 2143 698 diversa
2172 673 2205 699 et

1254 726 1410 757 contraria
1432 727 1492 757 sibi
1509 727 1677 768 elementa,
1703 740 1784 771 quae
1804 727 1982 759 discordem
2002 729 2204 761 concordiam

1253 786 1363 819 Ovidii
1386 789 1595 831 concinnant,
1622 802 1717 833 quam
1736 789 1864 834 plurimi
1884 796 1998 833 poetae
2018 791 2056 822 ab
2078 803 2116 823 co
2135 803 2201 823 mu-

1252 856 1307 882 tuo
1339 857 1475 884 sumtam
1505 854 1714 885 celebrarunt.
1749 854 1874 885 BAnTn.
1895 854 1978 897 (adv.
1995 867 2026 898 p.
2045 854 2133 899 961)
2152 873 2203 882 -—

1250 913 1415 945 Permulta
1442 914 1481 945 de
1508 915 1648 946 dissonis
1674 915 1724 946 hic
1746 928 1786 946 cx
1812 916 2008 947 arithmetica
2035 922 2066 947 et
2083 917 2202 948 musica

1251 976 1354 1007 afferri
1368 982 1518 1019 possent3
1557 977 1770 1021 sedpracstat,
1797 977 1940 1008 inferiori
1962 977 2034 1009 loco
2053 976 2094 1021 (§.
2114 978 2201 1021 209)

1250 1038 1308 1069 hac
1328 1037 1367 1069 de
1386 1049 1420 1069 re
1440 1038 1570 1069 uberius
1593 1051 1695 1080 agere.
1722 1038 1832 1070 Ovidii
1850 1051 1973 1080 versum,
1999 1051 2081 1084 quos
2099 1039 2202 1071 innuit

1248 1099 1418 1139 Barthiu87
1438 1100 1470 1130 hi
1492 1106 1567 1131 sunt
1590 1100 1678 1144 (met.
1706 1102 1737 1140 1,
1763 1101 1816 1145 8)=

1303 1161 1392 1193 »IVec
1408 1162 1584 1208 quidquam
1610 1164 1676 1194 nisi
1696 1163 1822 1206 pondus
1847 1165 1956 1202 iners,
1982 1169 2199 1211 conqestaque

1447 1226 1555 1256 eodem

1295 1286 1373 1319 Νοη
1392 1287 1469 1319 bene
1482 1288 1673 1331 junctarum
1696 1288 1855 1320 discordia
1871 1287 1991 1319 semina
2008 1299 2144 1319 rei-uma

1243 1346 1290 1379 At
1314 1349 1414 1390 magis
1439 1349 1533 1380 etiam
1548 1350 1610 1382 hue
1629 1350 1749 1381 faciunt
1772 1349 1901 1381 Horatii
1924 1348 1987 1393 (ep.
2007 1350 2039 1389 1,
2059 1349 2117 1389 12,
2136 1349 2198 1393 19)

1243 1412 1275 1443 hi
1299 1424 1428 1443 versus:

1297 1474 1405 1515 »Quid
1417 1475 1493 1505 velit
1508 1480 1539 1506 et
1556 1476 1656 1517 possit
1678 1486 1788 1506 rerum
1807 1472 1976 1506 eoncordia
1994 1473 2134 1505 discors:

1292 1537 1500 1578 Empedocles
1519 1549 1563 1568 (ιη
1580 1537 1772 1568 Stertinium
1790 1536 1903 1568 deliret
1921 1536 2084 1567 acumen?

1316 1595 1443 1641 vinclis]
1480 1597 1619 1628 Vincula
1653 1603 1728 1629 sunt
1753 1597 1882 1642 nuptiae
1920 1597 1972 1628 xel
1998 1597 2190 1641 conjuginm.

1238 1655 1404 1689 «Iuvencus
1427 1658 1510 1689 libro
1525 1648 1567 1690 4·

1296 1722 1425 1764 »IIujus
1442 1734 1595 1765 yet-mano
1616 1734 1731 1754 mersus
1752 1723 1902 1754 sociabile
1921 1723 2061 1755 vinclum

1286 1782 1425 1821 Deberi,
1456 1785 1584 1826 fleam-is·
1607 1789 1718 1826 pereat
1733 1796 1774 1816 ne
1797 1787 1901 1827 portio
1926 1785 2035 1828 lapsis

1236 1842 1362 1876 Bawrn.
1388 1844 1431 1888 (p.
1454 1846 1550 1889 961).

1308 1905 1450 1951 dissona]
1468 1906 1710 1950 Discrepantia3
1750 1912 1785 1938 ut
1806 1906 1886 1938 infra
1901 1905 2036 1951 (§.32)=
2057 1907 2186 1950 «Quae-

1234 1980 1296 2012 que
1322 1970 1478 2001 clemcnta
1508 1970 1585 2012 liget
1614 1970 1744 2002 dissona
1764 1970 1887 2001 nexio.«
1926 1969 2036 2014 Atque
2064 1971 2122 2003 hac
2147 1969 2187 2003 de

1233 2044 1267 2065 re
1291 2035 1437 2066 conseras
1462 2035 1556 2066 velim
1571 2034 1757 2065 Lucretium
1779 2034 1827 2078 (5,
1850 2034 1956 2078 441),
1979 2040 2010 2065 et
2028 2034 2186 2067 Senecam

1231 2095 1378 2139 (natural.
1396 2102 1519 2141 quaest.
1541 2099 1580 2138 7,
1607 2098 1675 2138 27,
1700 2110 1730 2142 p.
1748 2099 1821 2129 808
1838 2097 1960 2142 Lips.)‚
1984 2103 2017 2129 et
2031 2097 2183 2129 Ovidium

1230 2160 1277 2204 (in
1299 2161 1370 2192 fast.
1391 2162 1422 2201 1,
1453 2160 1547 2205 105).

1304 2223 1404 2269 nexa]
1435 2225 1630 2267 Conjngimn
1655 2229 1708 2255 aut
1733 2236 1799 2255 rem
1828 2224 1907 2255 adeo
1932 2225 2050 2256 indicat
2072 2225 2181 2269 potius

1229 2286 1496 2319 concubinariam.
1522 2286 1685 2331 Apulejus
1710 2285 1792 2317 libro
1811 2286 1851 2317 2:
1882 2291 1933 2317 »et
1958 2299 1976 2318 a
1998 2297 2084 2318 nexu
2110 2286 2178 2330 qui-

1845 2350 1970 2381 Bima.
1996 2349 2040 2394 (p.
2058 2350 2178 2394 1242).

1225 2414 1394 2445 —Iterum
1415 2413 1509 2445 altius
1525 2414 1606 2457 petit
1627 2414 1675 2446 wir
1696 2414 1828 2454 doctus,
1870 2413 1957 2457 quod
1983 2425 2023 2444 ex
2052 2419 2177 2445 antece-

1226 2351 1298 2382 dem
1318 2363 1454 2382 venereo
1469 2351 1605 2394 hospitis
1623 2356 1792 2394 temperas

1225 2478 1375 2509 dentibus
1393 2478 1596 2510 manifestum
1625 2483 1675 2509 est
1706 2479 1810 2509 »necti
1831 2477 1869 2508 ab
1896 2478 2071 2520 hymenaeo
2097 2489 2175 2521 pug—

1225 2542 1360 2574 nuntiam

1295 2600 1463 2647 elementa]
1506 2601 1653 2642 Pingitur
1679 2602 1886 2645 Hymenaeus
1923 2600 2080 2633 connubio
2110 2599 2171 2632 ele—
