2310 2860
680 211 878 253 Martiani
912 211 1112 267 Capellae
1142 213 1213 254 lib.
1239 213 1318 254 IX.
1349 216 1378 265 ᾧ.
1405 214 1503 256 918.
1985 216 2070 258 715

503 317 784 371 Roseumque
820 317 1104 358 circumactae

506 399 633 455 Rapit
664 400 858 440 osculum
893 400 1083 455 puellae,

505 480 771 536 Gremioque
805 481 1085 537 complicatus

503 559 691 602 Pretitun
726 563 819 603 tulit
850 562 1038 618 pudoris.

670 643 765 685 Jam
799 660 912 686 nunc
943 644 1100 686 blanda
1131 645 1265 686 melos
1296 659 1424 702 carpe
1454 646 1614 699 Dione,
2095 661 2184 705 919

676 726 826 768 Durus
858 728 1019 783 quippe
1050 729 1165 785 rigor
1196 727 1306 770 cedit
1337 729 1484 770 amori.

563 806 749 848 Carmen
778 808 1095 851 Ladmiadeum

501 888 628 929 Lucis
665 889 766 930 diva
797 890 1010 931 secundae

501 969 638 1010 Sacris
670 971 869 1026 praetulit
900 972 1040 1024 astris;

504 1052 692 1092 Antrum
726 1053 887 1108 quippe
922 1064 1068 1096 secuta

500 1132 723 1187 Linquens
757 1134 945 1175 culmina
976 1133 1081 1174 coeli

500 1213 789 1254 Pastoralibus
824 1213 975 1256 ardens

502 1293 698 1334 Palmam
732 1294 847 1335 dedit
878 1296 1044 1350 cicutis,

499 1375 627 1415 Pulso
659 1385 698 1416 et
727 1375 902 1417 luminis
933 1391 1039 1418 auro

496 1456 646 1497 Paudit
677 1466 793 1512 septa
826 1457 1069 1511 balantum,

500 1537 785 1594 Sordentique
818 1539 1021 1595 adoperta

500 1620 633 1661 Pratis
665 1621 821 1676 gaudet
857 1622 1041 1675 amietu3

495 1699 558 1741 Ac
589 1710 690 1742 tunc
725 1702 892 1743 conseia
922 1711 1052 1744 noctu

495 1783 632 1826 Pascit
664 1795 809 1827 monte
841 1786 1025 1842 capellas
1054 1844 1058 1848 Α

497 1865 699 1920 Spectans
729 1866 867 1907 sidera
895 1865 1069 1918 mundi,

494 1942 621 1999 Mage
651 1954 875 2001 percrepat
905 1945 1093 2002 flagello,

499 2025 591 2067 Nee
623 2041 776 2069 curare
806 2027 992 2070 deorum

170 2133 402 2181 circumactae]
431 2134 693 2179 Circumveutae‚
730 2138 890 2171 seductae.
909 2138 1056 2172 votem.

97 2213 144 2218 —
174 2195 274 2229 Immo
302 2205 386 2241 quae
415 2209 450 2229 se
475 2204 632 2231 averteret
655 2199 866 2244 osculumque
890 2207 1056 2243 renueret,

96 2265 130 2291 ut
154 2259 238 2304 apud
252 2260 395 2293 Plinium
415 2262 489 2306 (ss,
514 2264 591 2307 55)=
607 2276 691 2296 »non
712 2264 883 2298 connivere
904 2266 1054 2307 diximus,

96 2334 178 2366 quae
206 2333 272 2354 nou
302 2322 442 2367 obliquis
477 2325 596 2367 oeulis,
628 2326 686 2358 sed
724 2329 918 2361 circumacto
950 2329 1053 2374 eapite

96 2392 273 2419 cernerent.
282 2400 294 2413 «

167 2448 410 2496 Latmiadeum]
446 2450 646 2486 Latmiadem
679 2461 774 2489 vocat
806 2453 1053 2501 Eudyniionem.

96 2511 259 2544 Guor.—-
287 2511 420 2556 Reliqui
440 2518 556 2557 poetae
580 2526 708 2558 omnes,
737 2517 894 2560 ovidius,
920 2520 1051 2553 Martia-

96 2576 147 2616 lis,
170 2575 322 2608 valerius
344 2576 500 2618 Flaccus,
530 2579 720 2624 Propertius
744 2583 864 2616 rectius
888 2585 1052 2629 appellant

96 2638 273 2678 Lalmium,
303 2650 320 2670 a
339 2638 454 2672 Latmo
476 2639 622 2673 nimirum
645 2642 759 2677 Cariae
779 2651 899 2678 monte.
931 2646 1055 2680 Fabula

1106 2137 1177 2182 ipsa
1195 2144 1272 2172 nota
1294 2139 1348 2173 vel
1368 2151 1410 2172 ex
1432 2138 1636 2185 Apollodoro
1653 2142 1702 2187 (1,
1719 2144 1752 2183 7,
1773 2142 1825 2186 5),
1856 2154 1952 2187 quam
1970 2142 2065 2175 variis

1105 2203 1284 2236 rationibus
1306 2210 1432 2238 veteres
1453 2206 1670 2250 explicarunt3
1697 2207 1809 2239 confer
1827 2207 1994 2240 Davisium
2010 2206 2081 2250 (ad.

1106 2267 1176 2300 Cic.
1201 2267 1336 2303 Tuscul.
1366 2269 1405 2310 1,
1432 2268 1495 2313 58)
1519 2275 1552 2302 et
1570 2270 1775 2303 Harduiuum
1796 2270 1850 2314 (ad
1872 2270 1958 2303 Plin.
1975 2271 2008 2302 h.
2031 2282 2063 2301 n.

1105 2332 1146 2374 2,
1175 2331 1221 2375 9).

1180 2394 1261 2426 lucis
1284 2395 1360 2427 diva
1379 2394 1558 2441 secundae]
1589 2396 1695 2428 Diana
1716 2395 1835 2440 quippe
1854 2395 1967 2427 Lunae
1990 2395 2062 2429 dea,

1176 2459 1279 2503 pulso,
1297 2465 1330 2492 et
1359 2460 1491 2493 luminis
1521 2458 1623 2506 auro]
1664 2459 1813 2504 Expulso
1845 2459 1935 2491 radio
1962 2457 2062 2492 Solis.

1103 2520 1307 2554 vuem—
1340 2522 1461 2563 Recte3
1493 2533 1659 2567 perperam
1692 2521 1746 2553 alii
1778 2526 1861 2553 teste
1889 2521 2005 2554 Grotio
2029 2521 2063 2552 iu

1103 2584 1245 2627 margine
1267 2585 1415 2629 legerunt
1439 2586 1588 2618 culminis
1608 2597 1667 2629 pro
1695 2586 1835 2617 Iwm‘m's.

1181 2659 1241 2681 nec
1266 2646 1392 2694 curare]
1421 2646 1554 2681 Scilicet
1569 2647 1702 2691 probat,
1727 2647 1778 2680 vel
1795 2658 1911 2680 curare
1926 2659 1986 2693 pro
2010 2659 2062 2681 eu-

1617 2710 1666 2744 90
