2310 2860
30 606 120 648 468

151 160 242 202 416
722 157 919 204 Martiani
957 156 1154 212 Capellae
1193 157 1265 198 lib.
1294 155 1348 197 V.
1379 157 1409 207 §.
1431 155 1534 197 467.

152 267 322 307 tentiam
353 264 493 306 dicens
525 262 749 318 prohibeat
772 272 977 318 tanquam
997 261 1149 316 judex,
1181 275 1318 316 quum
1344 261 1433 314 ejus
1459 260 1646 301 officium
1677 260 1758 301 hoc
1782 262 1852 314 sit,
1882 278 1934 303 ne
1965 263 2092 304 faciat

152 344 407 401 persuadere
417 374 429 395 ,
473 341 718 384 inhonestae
748 341 809 383 rei
843 342 912 383 vel
941 340 1098 382 inutilis
1129 340 1289 381 ratione
1319 350 1561 382 monstrata.

659 498 738 539 DE
779 495 1014 537 GENERE
1053 494 1583 537 DEMONSTRATIVO.

314 603 409 644 Jam
450 617 564 644 nunc
611 603 653 643 in
703 600 1032 642 demonstrativo
1071 600 1441 654 quemadmodum
1480 610 1610 642 status
1649 611 1858 656 emergat,
1914 617 2000 643 non
2041 612 2101 642 est

151 685 271 727 facilc
302 694 543 725 memoratu
573 683 748 733 idcireo,
797 682 898 737 quia
933 696 1016 721 non
1047 681 1183 721 statim
1217 681 1389 722 laudem
1424 683 1675 737 vituperatio
1713 693 1996 735 consectatur,
2040 693 2099 735 ut,

152 765 345 820 quisquis
375 763 597 804 laudabilis
628 778 711 803 non
743 771 822 811 cst,
867 761 1157 815 vituperabilis
1188 760 1421 810 habeatur,
1467 762 1534 802 vel
1567 772 1733 813 contra,
1775 763 1851 817 qui
1882 763 2099 818 vitupera-

149 847 261 887 tione
293 844 494 894 caruerit,
533 842 730 884 laudibus
760 841 999 895 fustigetur,
1042 850 1090 881 ut
1128 841 1160 881 si
1192 840 1431 881 laudandus
1462 856 1513 881 ex
1550 856 1598 881 eo
1629 843 1724 895 quis
1762 841 1946 894 dicatur,
2000 844 2103 898 quia

151 925 430 966 homicidium
469 939 553 964 non
585 923 804 963 commisit.
862 922 935 963 Est
967 935 1065 974 ergo
1098 919 1290 959 medium
1321 934 1499 970 nomcn,
1550 921 1666 975 quod
1697 922 1977 976 privationem
2011 924 2104 978 pla-

153 1007 237 1046 cuit
262 1006 509 1055 memorari,
541 1013 762 1060 propterea
794 1003 909 1057 quia,
942 1001 1017 1056 qui
1048 999 1174 1040 laude
1202 999 1410 1054 privatur,
1444 1013 1528 1039 non
1555 1000 1775 1040 confestim
1805 1002 2103 1057 vituperationi

151 1085 428 1138 permittitur,
463 1083 530 1124 vel
553 1093 711 1124 contra.
751 1082 832 1122 Hic
861 1091 1002 1122 tamen
1032 1090 1161 1122 status
1191 1079 1510 1120 demonstrativi
1545 1081 1707 1134 generis
1736 1092 1929 1136 apparet,
1961 1097 2100 1137 quum

152 1164 415 1204 laudatorem
452 1164 871 1217 vituperatoremque
898 1162 1150 1202 constituens
1175 1171 1214 1201 ct
1236 1161 1513 1215 vituperatori
1544 1161 1794 1201 accusatoris
1819 1161 2104 1211 intentionem,

152 1242 361 1283 laudatori
392 1242 621 1282 defensoris
653 1252 790 1297 partes
823 1241 1086 1295 adjunxeris3
1124 1250 1194 1281 aut
1224 1240 1329 1280 illud
1360 1240 1554 1280 subtilius
1586 1241 1898 1291 conformatur,
1946 1250 1992 1280 ut
2024 1255 2102 1280 au-

152 1322 262 1364 ditor
299 1325 404 1364 inter
442 1323 615 1364 laudem
655 1333 694 1364 et
734 1321 1089 1378 vituperationem
1132 1319 1307 1360 libratus
1348 1318 1466 1359 velut
1503 1317 1744 1358 adversanti
1774 1318 1872 1369 *loco
1908 1327 2102 1374 ponatur.

224 1455 267 1476 ne
287 1444 388 1487 faciat
412 1443 624 1490 persuadere]
652 1442 709 1476 Ait
743 1442 937 1474 dissuasoris
967 1441 1103 1473 officium

154 1517 224 1538 esse
247 1509 455 1551 persuadere,
477 1521 517 1540 ne
543 1508 623 1539 alter
650 1509 711 1539 hoc
735 1507 845 1545 faciat,
874 1505 1012 1549 probans
1036 1516 1103 1535 rem

154 1580 224 1599 esse
250 1569 465 1610 inhonestam,
490 1582 525 1600 ae
554 1569 580 1600 si
604 1569 747 1599 inutilem
772 1567 964 1598 ostenderet.
989 1566 1103 1608 Neque

153 1641 229 1661 vero
249 1630 348 1662 nolim
370 1632 422 1662 vel
439 1631 563 1661 inutilis
584 1630 663 1671 legi,
686 1641 758 1661 eum
777 1628 900 1660 videam
919 1627 952 1658 in
973 1625 1045 1658 MS.
1061 1626 1105 1656 ita

152 1696 316 1722 exaratum
341 1692 450 1724 fuisse.
471 1691 632 1722 Gnor.—
659 1689 886 1733 Adstipulatur
909 1687 1011 1720 codex
1034 1687 1104 1719 Mo-

153 1754 300 1784 nacensis
331 1754 401 1797 (C),
431 1755 514 1786 nude
548 1755 600 1785 vel
624 1754 747 1785 inutilis
773 1751 902 1798 reposui
932 1763 991 1796 pro
1018 1750 1104 1783 velut

155 1816 298 1854 inutilis,
330 1817 416 1860 quod
444 1817 477 1848 in
502 1816 595 1848 editis
622 1821 697 1848 erat.

228 1890 412 1935 fustigetur]
440 1890 555 1922 Silius:

209 1982 256 1987 —
275 1982 321 1988 ——
336 1983 382 1988 —-
405 1981 416 1994 υ
424 1967 621 2012 mediamque
642 1976 699 2008 per·
720 1964 828 1996 alvum

207 2024 334 2058 Sensim
357 2027 510 2068 fastigans
534 2038 712 2070 contipressa
734 2025 900 2058 cacumina
921 2024 1047 2056 nectit«

158 2097 215 2130 Sic
239 2110 349 2141 supra:

215 2174 225 2187 n
237 2159 276 2191 Ut
301 2159 466 2200 sastigctur
490 2159 584 2202 lonqa
608 2160 775 2206 brevisque
793 2158 895 2202 suala

158 2233 226 2266 Alii
251 2240 396 2266 auctores
413 2234 581 2278 fasliqi‘a1·e
605 2235 722 2266 dieunt.
738 2235 896 2268 GnoT.--
920 2234 1000 2268 Mox
1021 2239 1107 2266 recte

160 2297 292 2330 Grotius
302 2310 360 2342 pro
375 2299 555 2337 Iumlabz'lis,
574 2299 660 2342 quod
676 2299 708 2330 iu
719 2299 929 2331 anterioribus
946 2304 1025 2339 erat,
1041 2298 1105 2330 cdi-

159 2362 205 2392 dit
225 2363 423 2400 Iamlan‹lns,
444 2363 677 2405 concinuntque
693 2375 777 2395 nunc
791 2363 917 2395 codices
935 2364 1106 2397 Monacen-

160 2423 203 2453 sis
229 2423 287 2466 (C)
303 2430 334 2454 ct
355 2424 631 2456 Dux-nistauensis.

231 2500 307 2543 quia
329 2496 402 2544 qui]
434 2499 521 2540 Lege
550 2497 643 2541 »quia
673 2497 753 2541 qui«
786 2497 886 2530 Error
913 2504 963 2530 est
992 2510 1032 2530 ex
1059 2509 1108 2531 re-

1154 1435 1186 1472 in
1210 1439 1265 1470 illo
1288 1436 1418 1469 Proculi
1444 1438 1638 1479 fragmento,
1666 1439 1752 1482 quod
1778 1440 1891 1471 citatur
1918 1439 1958 1470 D.
1984 1437 2023 1470 de
2042 1439 2106 1470 offi-

1154 1502 1203 1534 cio
1222 1501 1388 1545 praesidis‘,
1410 1501 1496 1544 quod
1514 1502 1558 1532 ita
1577 1507 1684 1533 sonat:
1703 1502 1779 1533 „sed
1796 1502 1872 1534 licet
1894 1502 1933 1542 iS,
1961 1501 2016 1545 qui
2035 1487 2106 1544 pro-

1156 1563 1277 1595 vinciae
1300 1568 1442 1606 praeest,
1470 1562 1610 1594 omnium
1630 1563 1752 1594 Romae
1777 1564 2015 1605 magistratuum
2039 1563 2108 1595 Vlce

1156 1631 1188 1657 et
1212 1626 1314 1656 officio
1331 1626 1419 1666 fungi
1446 1625 1570 1665 debeat,
1595 1638 1660 1658 nou
1682 1632 1788 1659 tamen
1811 1627 2018 1670 spectandum
2042 1631 2107 1665 cst,

1156 1688 1233 1733 quid
1253 1689 1375 1719 Romae
1394 1689 1511 1720 factum
1534 1695 1597 1728 est,
1622 1701 1716 1733 quam
1735 1689 1810 1733 quid
1832 1690 1898 1720 fieri
1926 1689 2053 1720 debeat«
2086 1688 2106 1719 l.

1155 1762 1220 1782 non
1247 1755 1351 1781 tamen
1385 1755 1460 1783 tam.
1503 1748 1570 1781 Sed
1608 1761 1668 1781 nee
1698 1750 1771 1781 illae
1800 1750 2008 1791 negligendae
2036 1761 2110 1781 cen·

1156 1825 1249 1845 surae
1274 1824 1312 1844 eo
1335 1812 1368 1844 in
1388 1812 1460 1844 loco
1483 1812 1645 1854 eleganter
1668 1812 1759 1846 καθ’
1783 1809 1883 1858 &cp-{v
1907 1813 1969 1844 dici
1990 1814 2110 1845 Romae

1155 1878 1402 1920 magistratuum
1419 1887 1477 1918 pro
1504 1877 1751 1919 viiayist2·alztvttrz
1777 1875 2005 1915 Romanorum,
2029 1874 2110 1909 τῶν

1158 1939 1200 1975 ἐν
1230 1937 1350 1986 Ῥωμῇ
1386 1934 1594 1984 ἀρχόντων
1623 1934 1650 1984 ἧ
1683 1935 2021 1984 πρυτανευόντων.
2066 1938 2111 1969 Et

1156 1989 1219 2033 hoe*
1253 2001 1381 2044 quidem
1411 2000 1521 2031 obiter.
1544 2000 1649 2032 Geor.
1669 2018 1716 2023 —
1754 2001 1792 2031 In
1818 2000 1911 2031 editis
1943 2000 2026 2032 enim
2054 2000 2112 2046 qui

1158 2062 1311 2094 omissum
1337 2066 1415 2092 erat.
1440 2061 1490 2091 De
1514 2061 1690 2105 privatione
1717 2061 1788 2092 vide
1811 2073 1906 2104 supra
1927 2060 1969 2105 (ἓ.
1987 2059 2083 2102 586).

1232 2125 1283 2157 liic
1321 2122 1446 2168 tamen]
1486 2124 1525 2154 In
1560 2124 1652 2156 editis
1685 2124 1750 2155 »sic
1782 2130 1923 2162 tamen«;
1957 2123 1996 2153 ad
2028 2133 2109 2166 quae

1159 2189 1308 2223 Grotius:
1326 2188 1380 2219 »In
1398 2199 1468 2219 meo
1485 2188 1558 2220 MS.
1579 2189 1672 2219 aliter
1693 2188 1768 2226 fuit,
1793 2187 1890 2217 refert
1911 2190 2017 2216 autem
2036 2186 2108 2218 doe-

1158 2252 1300 2285 tissimus
1316 2251 1446 2292 juvenis
1465 2251 1501 2282 F.
1519 2251 1703 2291 Tiliobroga
1728 2250 1760 2280 in
1779 2249 1852 2281 MS.
1872 2260 1936 2292 quo
1959 2248 2013 2280 illc
2032 2260 2109 2280 usus

1159 2318 1224 2352 est,
1249 2311 1303 2356 qui
1333 2311 1450 2354 ubique
1475 2323 1576 2353 paene
1604 2322 1675 2341 cum
1699 2321 1769 2341 meo
1794 2309 1981 2350 concordat,
2011 2310 2110 2340 fuisse

1158 2378 1236 2409 hit-,u
1254 2374 1358 2406 Gnor.
1373 2392 1420 2397 -—
1442 2373 1481 2404 In
1499 2373 1746 2403 Darnistattensi
1765 2384 1892 2416 quoque
1911 2372 2027 2414 legitur
2048 2373 2111 2411 lu‘c,

1160 2436 1246 2483 quod
1270 2434 1387 2478 recepi.
1411 2433 1489 2466 Mox
1508 2445 1567 2477 pro
1591 2435 1786 2465 constituens
1807 2433 1986 2465 necessario
2005 2433 2111 2475 legeu-

1164 2499 1240 2530 dum
1262 2496 1483 2533 constitueris,
1508 2494 1569 2526 nisi
1590 2501 1620 2529 ee
1639 2495 1752 2528 tollere
1769 2495 1935 2536 maltieris3
1962 2495 2018 2528 scd
2035 2506 2109 2528 neu·

161 2559 312 2602 petitione
331 2561 491 2593 literarum
506 2561 581 2594 lieet
597 2560 762 2602 interjecta
777 2561 884 2593 litera:
901 2561 1012 2594 similis
1027 2572 1115 2594 error
1165 2565 1248 2592 trum
1274 2557 1307 2591 in
1333 2556 1441 2589 codice
1465 2555 1538 2588 vidi·
