2310 2860
57 435 145 477 {³96

64 774 151 815 997

177 172 263 214 768

745 169 944 210 Martiani
975 167 1175 224 Capellae
1204 168 1278 211 lib.
1302 167 1382 209 IX.
1412 170 1443 220 ᾗ.
1465 169 1564 210 995.

181 287 394 329 censetur,
439 276 670 331 rhythmus
717 284 860 316 autem
905 288 1035 330 opere
1080 272 1269 328 quodam
1315 274 1446 315 virilis
1487 284 1602 315 actus
1641 282 1727 316 tam
1776 274 1961 317 formam
1999 278 2130 328 sonis,

178 373 312 414 quam
345 358 483 399 varios
516 366 698 412 praestat
728 355 913 397 effectus.

347 439 471 489 Quae
504 453 641 494 quum
668 438 904 480 Harmonia
934 437 1097 478 intentis
1123 446 1209 478 tam
1240 436 1348 478 divis
1380 450 1513 491 quam
1541 436 1726 477 heroum
1757 435 1926 490 populis
1956 445 2132 490 augusta

178 518 365 575 quadam
409 519 615 560 suavitate
656 528 945 575 percurreret,
985 518 1040 559 ad
1085 529 1228 560 cantus
1273 519 1605 573 carminumque
1648 518 1892 559 dulcedines
1936 517 2133 559 decenter

178 616 365 657 regressa
407 601 616 642 conticuit.

691 600 907 655 Tuncque
951 600 1056 640 Jove
1109 609 1351 654 assurgente
1391 599 1587 654 divisque
1632 599 1920 655 praeambulis
1961 603 2137 650 κοίμηόιν

178 683 397 725 modulata
428 683 471 724 iu
513 682 752 723 thalamum
799 695 976 735 quoque
1007 681 1178 736 virginis
1209 696 1364 736 magna
1396 690 1650 722 cunctorum
1681 680 1900 737 voluptate
1931 680 2134 737 pervenit.

613 765 755 806 Habes
787 764 983 814 senilem,
1026 763 1253 814 Martiano,
1298 761 1514 811 fabulam,

608 846 788 887 Miseillo
818 845 917 886 lusit
946 858 1080 900 quam
1112 843 1296 885 lucernis
1327 840 1500 882 flamine

254 976 392 1022 populis]
420 977 555 1011 Temere
583 976 734 1008 Bartbius
758 976 803 1020 (in
830 975 952 1007 advers.
979 988 1009 1019 p.
1029 973 1138 1017 1507)

182 1054 199 1073 e
228 1040 311 1072 libro
343 1053 401 1072 suo
430 1041 568 1084 praefert
599 1041 738 1083 pupulis.
781 1039 879 1082 Quod
902 1051 967 1070 non
999 1038 1138 1077 fecisset,

182 1105 210 1135 si
238 1110 339 1135 totum
359 1104 492 1146 legisset
509 1104 710 1135 martianum.
746 1102 813 1145 Qui
838 1103 921 1134 enim
946 1102 1060 1134 intenti
1085 1102 1138 1134 lte-

181 1179 274 1198 ronm
298 1167 407 1210 populi
434 1166 485 1198 hic
513 1166 661 1198 dicuntur
691 1165 861 1197 auscultati
884 1176 972 1203 esse,
1008 1164 1139 1195 eosdem

182 1240 279 1272 snpra
312 1227 359 1272 (§.
383 1227 475 1271 904)
510 1240 580 1259 eum
616 1227 792 1259 Harmonia
831 1226 998 1257 advenisse
1029 1230 1140 1255 noster

184 1291 303 1323 retulit.

259 1349 449 1396 κοίμηόιν]
476 1350 565 1382 Εᾶἰῑὶ
590 1350 785 1394 praebebant
806 1348 966 1387 Cinesim3
993 1348 1032 1379 ad
1051 1348 1140 1391 quod

184 1414 335 1448 Grotius:
356 1414 461 1455 »Lege
482 1425 553 1445 cum
578 1413 696 1445 clariss.
714 1412 874 1444 Vulcania
892 1409 1080 1457 κοίμηόιν,
1101 1411 1140 1443 (le

184 1490 247 1522 qua
269 1488 348 1509 voce
371 1489 483 1520 supra,
512 1476 565 1508 uhi
594 1477 632 1508 dc
659 1474 902 1522 {yepot'nocgm
936 1474 1141 1507 Monacensis

184 1540 285 1573 codex
301 1538 357 1583 (C)
374 1539 427 1569 dat
445 1540 611 1581 cymesim,
637 1538 750 1569 melius
769 1538 862 1569 etiam
876 1537 1141 1569 Darmstattensis

184 1602 332 1644 cymesin.
363 1601 501 1631 Pravam
529 1612 641 1643 nempe
663 1600 695 1631 in
721 1599 815 1630 editis
837 1599 1005 1630 lectionem
1033 1610 1050 1629 e
1072 1610 1140 1630 eor-

184 1670 276 1707 rupta
292 1669 392 1694 ortam
408 1675 478 1695 esse
497 1663 773 1707 pronunciatione,
795 1662 871 1693 satis
889 1674 1048 1704 superque
1066 1661 1141 1692 aiibi

185 1726 231 1769 (in
250 1725 409 1769 palaeogr.
432 1725 499 1757 erit.
518 1725 555 1756 T.
574 1725 607 1756 4.
627 1723 656 1767 §.
670 1723 757 1766 854)
776 1722 1044 1755 demonstravisse
1066 1722 1142 1753 mihi

185 1787 304 1818 videor.

261 1845 372 1891 habes]
399 1845 546 1889 Reposni
571 1846 631 1877 hoc
656 1856 713 1888 pro
740 1846 869 1876 landem
891 1845 924 1876 in
946 1845 1057 1885 editis,
1079 1850 1143 1876 tam

188 1923 205 1943 e
236 1910 376 1942 variante
401 1909 539 1941 lectione
567 1921 584 1939 a
613 1908 726 1940 Grotio
756 1908 796 1938 ad
819 1908 990 1949 marginem
1016 1908 1144 1949 rejecta,

188 1986 283 2018 quam
304 1985 320 2004 e
339 1972 501 2004 codicibus
527 1971 791 2011 Darmstattensi,
816 1971 1002 2003 Monacensi
1020 1971 1086 2015 (C),
1114 1976 1145 2002 et

630 2033 784 2066 Probavit
816 2035 908 2066 etiam
939 2035 1144 2066 Burmannus

190 2100 243 2144 (ad
268 2099 402 2131 Sueton-
421 2099 458 2129 T.
478 2098 510 2137 Ι,
536 2110 564 2141 p.
580 2097 657 2141 85).
686 2097 873 2140 Alloquitur
897 2098 1045 2130 nimirum
1061 2099 1144 2131 Mar-

190 2161 295 2192 tianus
310 2160 409 2191 lilium
424 2158 656 2200 cognominem,
678 2158 762 2200 quod
775 2170 813 2188 ex
825 2158 912 2191 initio
931 2160 1025 2191 etiam
1041 2159 1146 2203 operis

189 2043 325 2080 utroque
350 2035 574 2067 Meibomiauo.

191 2227 339 2266 apparet,
362 2232 466 2263 neque
494 2225 600 2250 tamen
622 2219 819 2250 intellexisse
848 2220 972 2252 videtur
991 2221 1146 2262 Scaliger,

193 2286 247 2331 qui
273 2284 389 2318 Grotio
420 2289 502 2315 teste
525 2282 590 2324 legi
615 2282 730 2314 voluit:
755 2282 899 2315 »tandem
925 2285 1036 2316 senilis
1058 2285 1147 2317 Mar-

192 2352 279 2382 tiane
303 2348 469 2379 fabulam«

267 2407 419 2453 senilem]
448 2408 504 2440 Sic
531 2406 722 2449 Fulgentius
747 2406 848 2437 nostri
870 2407 981 2439 simius
1000 2407 1148 2453 (mythol.

1192 973 1251 1016 10)
1274 972 1405 1005 rescribi
1424 973 1541 1003 anilem
1548 985 1561 1011 ,-
1587 970 1659 1004 vide
1680 971 1785 1016 ipsum
1800 970 1861 1003 alio
1880 969 1953 1003 loco
1972 968 2026 1010 (ad
2043 967 2139 1002 ovid.

1189 1039 1230 1072 T.
1248 1037 1274 1078 I,
1304 1050 1335 1081 p.
1349 1038 1392 1068 91
1415 1035 1548 1079 But-nn).

1262 1097 1408 1143 miscillo]
1436 1099 1493 1131 Sic
1517 1109 1630 1142 supra:

1247 1162 1409 1195 »Misi-illa„
1425 1172 1537 1191 sacrae
1560 1160 1635 1190 dum
1655 1158 1809 1201 feruntur
1828 1159 1968 1189 can-{aem

1189 1222 1430 1254 Illustrissimus
1446 1221 1593 1262 Scaliger
1611 1221 1744 1252 miscillo
1759 1219 1845 1260 legit.
1858 1218 1961 1250 Gnor.
1972 1235 2019 1241 —
2038 1216 2139 1260 Equi-

1191 1286 1262 1317 dem
1292 1286 1416 1316 sublata
1448 1283 1703 1327 interpunctione
1735 1281 1923 1313 seutentiam
1957 1280 2003 1312 sic
2034 1280 2140 1324 expla-

1191 1349 1327 1381 nandam
1353 1361 1424 1379 esse
1450 1359 1580 1379 censeo:
1604 1346 1776 1386 nfabuhun,
1808 1357 1902 1389 quam
1926 1344 2061 1377 miscillo
2088 1344 2142 1375 ssa—

1192 1411 1276 1443 mine
1302 1411 1340 1442 ad
1368 1411 1530 1441 lucernam
1552 1409 1657 1441 lusit«
1699 1408 1775 1441 Vox
1801 1414 1892 1447 nota,
1922 1420 2017 1452 quam
2039 1413 2145 1438 tamen

1192 1473 1263 1513 alii,
1289 1473 1413 1512 Varro,
1441 1472 1541 1510 Cato,
1574 1470 1716 1509 Plinius,
1747 1469 1923 1502 Suetonius
1945 1475 2007 1502 cet.
2024 1469 2143 1501 miscel-

1193 1536 1258 1566 lam
1274 1534 1425 1566 scribunt.
1453 1533 1579 1566 Gellius
1601 1533 1654 1577 (ab
1676 1532 1772 1575 init.):
1796 1532 1989 1564 »miscellam
2006 1537 2038 1563 et
2054 1531 2146 1575 quasi

1192 1597 1448 1641 cousicsatzenm.«
1482 1594 1665 1639 Appuiejus
1683 1595 1823 1638 (metam.
1842 1594 1881 1633 2,
1900 1606 1932 1637 p.
1954 1594 2024 1625 100
2044 1592 2144 1637 Oud.)

1197 1659 1331 1690 ”sabulis
1358 1659 1506 1690 miscellis
1528 1657 1657 1701 explere
1682 1662 1812 1700 peetus«
1835 1656 2023 1700 scripserat,
2048 1655 2143 1688 modo

1193 1720 1364 1752 editionem
1388 1719 1562 1762 principem
1582 1724 1615 1749 et
1634 1719 1771 1762 optimos
1791 1718 1991 1750 consulueris
2006 1717 2144 1750 codices.

1194 1781 1334 1816 Sensum
1365 1781 1483 1812 nullam
1516 1781 1632 1812 babere
1661 1780 1891 1811 dubitationem
1921 1780 2052 1812 verbum
2089 1782 2144 1812 im-

1193 1845 1320 1874 miscuit
1343 1843 1437 1886 paulo
1468 1847 1540 1885 post
1563 1841 1604 1885 (§.
1623 1841 1710 1883 998)
1735 1841 1909 1872 adhibitum
1935 1842 2029 1874 docet
2049 1843 2145 1885 (cour.

1194 1910 1260 1937 not.
1287 1904 1327 1934 ad
1351 1903 1491 1947 §.9152
1531 1903 1670 1934 Metrum
1695 1903 1824 1945 quidem
1849 1903 1969 1944 flagitat
1993 1905 2147 1944 vitiscilla3

1197 1968 1253 2000 sed
1283 1979 1358 1998 saue
1390 1978 1516 1998 carmen
1540 1967 1601 1997 boc
1621 1966 1766 2009 pluribus
1785 1966 1866 1998 locis
1887 1973 1987 1999 metro
2012 1968 2146 2009 laborat,

1197 2031 1313 2075 quibus
1336 2029 1482 2060 onmibus
1507 2034 1590 2059 certe
1614 2040 1707 2059 nemo
1734 2028 1921 2060 medicinam
1953 2031 2064 2062 afferre
2089 2042 2146 2075 po·

1196 2092 1288 2132 terit,
1313 2092 1356 2122 ita
1378 2097 1413 2122 ut
1434 2091 1612 2123 Martianus
1631 2090 1830 2132 negligenter
1851 2091 2018 2135 scripsisse
2037 2091 2145 2136 potius

1197 2155 1376 2189 censendus
1403 2154 1454 2185 sit.

1270 2215 1370 2262 lusit]
1397 2216 1524 2248 Ludere
1543 2214 1698 2257 significat
1723 2216 1866 2247 carmina
1881 2227 2067 2259 componere
2072 2240 2085 2256 ,
2111 2223 2146 2249 ut

1199 2282 1284 2327 apud
1305 2281 1474 2321 Virgilium
1493 2280 1565 2322 (ecl.
1595 2281 1631 2318 l,
1663 2278 1736 2321 10)=

1255 2343 1400 2374 »Ludere
1425 2354 1506 2388 quae
1526 2341 1638 2371 vellem
1661 2340 1781 2371 calamo
1804 2341 1948 2382 permisit
1968 2344 2114 2385 aqresti.«

1272 2401 1434 2446 lucernis]
1460 2402 1550 2434 Idem
1575 2401 1661 2444 quod
1683 2400 1722 2431 ad
1743 2401 1900 2442 lucernas,
1925 2403 1990 2434 sive
2009 2404 2146 2436 lucernis

197 2476 234 2514 1,
264 2486 295 2517 p.
317 2474 339 2504 5
373 2471 540 2513 Munck.):
579 2481 764 2514 »parumper
798 2482 872 2512 ergo
907 2471 1050 2502 ausculta
1077 2471 1151 2502 dum
1203 2467 1397 2505 ardentibus,
1419 2465 1522 2496 lucem
1539 2465 1776 2508 praebentibus.
1801 2464 1849 2496 Ita
1865 2471 1895 2495 ct
1912 2465 2148 2510 Cicero(Attie.

197 2534 252 2566 tibi
273 2545 423 2577 rnqosam
440 2533 537 2564 sulcis
555 2533 694 2563 anilibus
717 2532 818 2562 resero
848 2532 1022 2572 fabulam«,
1048 2543 1152 2575 neque
1203 2531 1243 2570 8,
1273 2529 1297 2560 2
1323 2528 1373 2572 s.):
1400 2528 1527 2558 »endem
1553 2527 1684 2557 lucerna
1708 2525 1873 2568 epistolam
1892 2526 2031 2570 scripsi«
2066 2528 2148 2562 Vide

198 2605 301 2630 tamen
318 2608 448 2629 necesse
470 2602 519 2629 est
541 2609 611 2629 eum
630 2596 766 2629 Heinsio
785 2595 837 2640 (ad
856 2595 993 2628 phaedr.
1010 2596 1047 2637 5,
1070 2595 1150 2641 prol.
1203 2592 1349 2638 superins
1380 2591 1438 2635 (ad
1466 2589 1493 2635 ἓ.
1511 2589 1556 2633 2).
1600 2590 1806 2634 Quapropter
1837 2601 1887 2622 me
1917 2601 1983 2623 non
2008 2599 2147 2633 movent,
