2310 2860
818 135 1017 177 Martiani
1055 135 1254 192 Capellae
1291 135 1363 178 lib.
1387 136 1419 178 I.
1458 139 1490 189 ᾗ.
1514 139 1584 179 14.
2114 145 2174 186 47

221 240 375 283 electro
405 242 556 298 purior
592 241 889 297 resplendebat
916 242 1076 295 amnis,
1115 258 1247 300 quem
1279 254 1446 301 praeter
1478 254 1636 287 ceteros
1668 247 1940 290 fortunarum
1971 250 2041 291 ille
2071 265 2173 293 con-

219 322 364 362 sistens
400 322 585 378 populus
625 323 866 378 appetebat:
898 337 1090 379 quarum
1128 324 1229 365 alias
1269 324 1358 379 ejus
1397 325 1502 367 odor
1541 335 1580 368 et
1618 326 1784 371 halatus
1815 330 2027 383 illexerat,
2072 333 2173 374 alias

218 403 322 444 lenis
354 403 495 445 undae
526 405 670 446 canori
701 405 968 462 permulsere
999 405 1257 447 modulatus.
1320 405 1507 446 Gustum
1540 416 1684 450 autem
1713 408 2007 467 haustumque
2038 427 2172 468 quam

218 484 363 540 plures
393 501 446 527 ex
473 485 625 527 eodem
655 485 902 528 dulcissimo
933 487 1095 543 gurgite
1125 485 1330 527 sitiebant.
1389 486 1479 527 Nee
1510 487 1704 539 deerant,
1751 491 1826 546 qui
1855 492 2004 533 eadem
2035 492 2172 534 foveri

219 564 424 621 abluique
454 566 636 622 lympha
668 581 715 609 ac
745 582 789 608 se
818 568 860 608 in
892 567 1009 608 illam
1039 569 1179 622 jacere
1211 569 1451 624 cupiebant.

1529 572 1751 613 Praeterea
1781 572 1867 614 duo
1899 574 2172 616 restrictiores

215 646 308 686 sinu
333 647 586 703 ambituque
606 663 740 704 parvo
761 649 1042 706 raptabantur
1071 651 1270 692 interius:
1289 666 1481 707 quorum
1509 662 1691 709 uterque
1712 671 1790 710 pro
1817 656 1998 698 aliorum
2020 658 2172 699 vicinia

215 742 330 786 pienda
352 749 440 774 sunt:
464 743 550 786 »Qui
577 744 786 788 sequebatur,
818 747 947 776 auratus
967 758 1003 777 ae
1027 745 1168 787 fulgidus

213 809 281 835 erat
299 808 331 835 et
352 804 487 836 flammis
506 805 748 837 eoruscantibus
767 806 933 838 rutilabat:
955 807 1012 838 sed
1037 807 1167 838 ‹liversi-

213 872 276 898 tate
305 867 486 908 fluminum,
527 869 644 913 quibus
679 870 828 914 utrinque
861 871 1050 912 conjunctus
1081 876 1165 911 erat,

212 930 402 973 quibusdam
434 931 545 963 rivulis
577 932 785 973 intermixtis,
829 933 997 978 (quantum
1032 946 1164 966 neeesse

211 993 301 1036 erat),
319 996 581 1038 tempembaturu«
616 997 802 1029 Posteriora
820 997 945 1037 facilia,
971 997 1060 1029 Solis
1080 998 1164 1029 enim

209 1057 257 1088 vis
280 1057 314 1089 iu
342 1059 551 1102 temperantia
573 1060 713 1091 cernitur
734 1059 774 1104 (ᾗ.
798 1060 874 1103 18),
914 1061 998 1092 unde
1026 1067 1058 1092 ct
1084 1061 1165 1092 infra

208 1119 249 1165 (ξ.
269 1120 353 1164 186)
382 1127 493 1153 noster
523 1134 595 1154 eum
623 1123 814 1167 alloquitur:
846 1124 942 1155 »ulans
972 1124 1060 1155 solus
1089 1124 1163 1156 ami-

208 1196 276 1216 ram
290 1185 491 1229 Temperiem
505 1186 667 1230 superis«,
691 1193 724 1218 et
742 1186 854 1231 (§.2.'=4)
876 1188 1044 1219 Phoebum
1065 1189 1164 1231 plari-

208 1248 339 1280 ditatem
357 1250 469 1280 afferre
492 1249 640 1282 solitum«
655 1250 732 1283 dicit
748 1252 844 1294 (conf.
858 1251 985 1284 Auson.
1003 1252 1061 1284 ecl.
1079 1253 1162 1285 589.

206 1323 237 1354 p.
259 1311 333 1343 404
364 1312 511 1356 Delpl1.).
559 1312 629 1346 Sed
657 1313 692 1346 in
722 1314 883 1358 prioribus
917 1315 994 1359 quid
1026 1316 1163 1348 voluerit

215 1374 342 1406 »rivulis
365 1374 428 1406 illis
452 1375 681 1416 intermixtis«,
707 1388 800 1409 nemo
822 1377 1030 1421 interpretum
1055 1379 1162 1422 expla-

205 1435 301 1467 navit.
338 1436 498 1478 Equidem
519 1437 656 1480 primum
675 1437 883 1479 conjiciebam
911 1439 1013 1470 nubes
1039 1440 1098 1470 sub
1125 1440 1162 1470 iis

203 1496 312 1529 latere.
360 1497 478 1528 Nubila
506 1498 590 1529 enim
617 1497 765 1529 minuunt
796 1505 919 1529 aestum
946 1505 977 1530 et
1001 1500 1162 1532 interdum

204 1561 277 1594 Soli
297 1566 511 1604 opponuntur.
549 1561 598 1592 Ita
620 1560 758 1592 Ovidius
781 1561 874 1605 (trist.
892 1563 925 1599 5,
955 1563 988 1601 S,
1020 1562 1099 1605 5l):

249 1622 288 1655 Si
311 1634 458 1654 numeres
484 1634 572 1653 anno
593 1623 676 1654 soles
693 1628 724 1654 et
748 1623 858 1654 nubila
884 1628 987 1661 toto«,

203 1692 234 1718 et
253 1687 362 1718 tritum
380 1686 459 1718 illud
481 1692 569 1730 »post
593 1687 703 1718 nubila
722 1686 897 1718 Phoebus.«
942 1686 989 1717 At
1011 1697 1087 1717 vero
1110 1697 1159 1716 se-

202 1748 315 1781 cundis
339 1747 424 1781 euris
453 1747 603 1779 adhibitis
628 1752 661 1779 et
689 1747 789 1779 totius
817 1747 882 1779 loci
911 1752 1065 1779 contextu
1087 1759 1157 1791 pei*

201 1823 304 1855 penso
323 1824 408 1844 nune
428 1810 562 1843 Zodiaei
585 1810 692 1852 signa,
726 1811 862 1842 maxime
891 1811 930 1842 ad
951 1816 1071 1842 sortem
1094 1810 1157 1841 sor-

201 1880 297 1906 tunae
320 1874 478 1914 facientia,
498 1873 644 1915 intelligo
666 1873 789 1917 (Manil.
810 1875 846 1914 5,
870 1874 918 1905 87
944 1873 1056 1917 seqq.).
1073 1873 1155 1905 Ver-

201 1937 253 1970 bis
275 1937 413 1982 denique
436 1937 638 1969 »diversitate
653 1937 828 1981 fluminum
854 1936 1004 1980 utrinque
1023 1936 1155 1978 conjun-

201 2007 290 2034 ctus«
323 2001 372 2033 illi
403 2012 533 2042 eursuS,
568 2000 624 2046 qui
653 2000 725 2034 Soli
755 2006 831 2033 sunt
858 2000 972 2041 vicini,
1005 2000 1082 2032 mihi
1111 2000 1155 2032 vi-

200 2063 316 2095 dentur
341 2062 496 2094 denotari.

272 2125 421 2172 interior]
442 2125 581 2159 Veneris
596 2125 734 2170 planeta.
745 2126 862 2159 Gnoss.
877 2146 924 2151 —
955 2126 1154 2159 Confirmant

199 2200 281 2233 quae
302 2189 342 2221 de
364 2188 435 2231 ejus
457 2189 556 2220 odore
577 2194 609 2219 et
629 2188 668 2220 de
690 2188 800 2220 halatu
816 2194 1005 2232 sequuntur,
1022 2188 1152 2232 quihus-

199 2262 271 2283 eum
288 2250 499 2291 conferenda,
533 2262 616 2294 quae
640 2261 737 2294 supra
758 2248 798 2295 (ξ.
820 2250 854 2293 7)
880 2251 1128 2282 observavimus.

273 2316 390 2347 electro
409 2313 534 2360 purior]
568 2314 714 2346 Imitatur
743 2314 915 2356 Virgilium
941 2315 998 2359 qui
1027 2320 1059 2346 et
1082 2314 1152 2359 ipse

200 2375 318 2419 (georg.
341 2378 376 2418 5,
403 2376 505 2420 522):
533 2377 649 2409 electro
662 2378 775 2420 purior
794 2378 908 2408 amnis.

271 2437 492 2483 fortunarum]
519 2437 648 2479 Omnia,
671 2450 752 2482 quae
771 2443 959 2482 sequuntur,
986 2437 1063 2469 mihi
1079 2449 1148 2481 per-

201 2500 346 2541 suadent,
370 2502 410 2534 ad
432 2501 637 2543 astrologiam
654 2502 751 2534 verba
774 2502 830 2534 illa
846 2502 1014 2534 referenda
1030 2507 1063 2534 et
1081 2514 1152 2533 eum

199 2562 368 2609 Propertio
386 2563 440 2608 (4,
466 2565 483 2597 1
497 2587 508 2604 ,
532 2565 604 2598 104
624 2566 726 2609 seqq.)
749 2571 850 2598 artem
869 2565 1060 2611 descriptam
1080 2576 1152 2597 csse

1220 759 1237 778 e
1255 748 1453 791 planetarum
1480 760 1639 782 concursu
1664 755 1696 780 et
1726 750 1887 792 signorum
1918 752 2170 787 constellatione.

1219 815 1254 841 ut
1274 817 1405 850 vocant,
1426 811 1528 842 varias
1553 817 1585 843 et
1619 812 1782 844 hominum
1813 818 1845 843 et
1865 813 2028 845 nationum
2051 813 2092 858 (ξ).
2114 815 2171 858 11)

1218 875 1280 906 sata
1310 876 1523 919 praedicendi.
1576 875 1645 908 Sed
1669 877 1867 908 fortunarum
1896 878 2023 910 nomine
2057 878 2171 911 melius

1218 943 1328 969 noster
1349 937 1448 969 utitur
1465 950 1560 982 quam
1584 938 1728 970 latorum.
1778 939 1930 970 Manilius
1951 945 2036 971 certe
2053 947 2171 972 sortem

1213 999 1366 1042 [br-tunae
1385 1012 1511 1044 semper
1530 1001 1614 1033 dicit.
1643 1002 1892 1034 Confirmabitur
1907 1004 2044 1048 denique
2062 1012 2171 1037 nostra

1215 1061 1436 1105 interpretatio
1462 1063 1543 1094 infra
1568 1062 1704 1108 (§.15).

1292 1123 1438 1169 deerant]
1467 1124 1524 1157 Sic
1545 1125 1759 1158 Ilionaeenses
1777 1127 1828 1171 (B.
1847 1126 1885 1160 C.
1906 1127 1948 1159 D.
1968 1128 2031 1169 E.),
2056 1128 2169 1160 Darni-

1216 1187 1400 1227 stattensis,
1427 1187 1646 1228 Basileensis,
1681 1188 1974 1229 Reiclienauensis,
2008 1190 2169 1222 Dresdcn-

1216 1249 1271 1287 sis,
1297 1249 1520 1290 Britannicus,
1547 1250 1748 1292 Bodlejanns
1769 1251 1901 1294 primus,
1928 1251 2170 1294 Cantabrigien—

1216 1311 1277 1351 sis,
1307 1317 1337 1342 et
1361 1317 1442 1344 teste
1463 1310 1643 1344 Arntzenio
1665 1312 1707 1357 (p.
1727 1313 1813 1356 201)
1828 1313 2020 1345 Vossianus.
2045 1314 2171 1346 Pariter

1213 1375 1310 1417 paulo
1342 1375 1475 1406 inferius
1505 1381 1629 1407 veteres
1660 1377 1727 1418 jam
1750 1377 1908 1408 editiones
1946 1378 2170 1421 praeferebant

1215 1437 1392 1478 cupiebant.
1415 1437 1595 1481 Utrumque
1614 1443 1645 1469 et
1668 1439 1700 1469 in
1725 1439 1866 1480 margine
1885 1438 2060 1471 Grotianae
2083 1440 2167 1471 side-

1213 1509 1284 1529 mus
1315 1498 1520 1541 adscriptum.

1287 1561 1500 1591 restrictiores
1521 1562 1597 1591 sinn
1619 1559 1817 1607 ambituque]
1845 1561 1894 1592 Ita
1910 1561 2093 1594 Vossianus
2115 1573 2167 1594 eo-

1214 1622 1275 1652 dex
1303 1621 1479 1665 (Arntzen.
1514 1636 1545 1666 p.
1570 1623 1664 1666 201)
1700 1630 1732 1654 et
1764 1624 2042 1666 Norimbergensis
2076 1626 2166 1658 liber.

1210 1683 1362 1715 Mercurii
1385 1684 1471 1716 enim
1492 1690 1523 1715 et
1552 1685 1664 1716 Lunae
1689 1697 1801 1717 em·sus
1825 1685 2008 1726 breviores,
2038 1692 2070 1718 et
2094 1688 2166 1719 ideo

1211 1746 1337 1786 eii-culi,
1377 1758 1458 1789 quos
1483 1746 1621 1786 faciunt,
1655 1747 1793 1778 minores
1814 1752 1896 1781 ,sunt
1923 1759 2018 1791 quam
2046 1761 2165 1789 eorum,

1210 1819 1292 1851 quos
1316 1810 1471 1840 haetenus
1489 1808 1670 1849 recensuit,
1702 1809 1786 1840 unde
1811 1814 1844 1840 et
1866 1811 2033 1842 interiores
2056 1811 2164 1843 dieun-

1208 1878 1269 1903 tur.
1294 1872 1380 1904 Illud
1403 1884 1454 1911 ae,
1480 1872 1568 1916 quod
1595 1872 1679 1916 apud
1699 1872 1849 1905 Grotium
1877 1879 1949 1905 ante
1967 1876 2044 1905 sinn
2064 1874 2164 1906 inser-

1207 1940 1291 1976 tmn,
1317 1935 1351 1968 in
1370 1936 1621 1968 Darmstattensi
1640 1936 1749 1969 codice
1764 1949 1782 1968 a
1797 1937 1899 1980 prima
1915 1949 2011 1969 manu
2036 1938 2165 1982 quidem

1207 1997 1361 2042 seriptum
1383 1999 1441 2031 sed
1467 2004 1581 2042 postea
1604 1998 1746 2030 deletum
1768 2005 1827 2030 est.

1278 2074 1337 2105 pro
1352 2061 1502 2107 aliorum]
1530 2063 1580 2094 De
1601 2062 1712 2103 Luna,
1741 2074 1825 2106 quae
1840 2062 1945 2095 lucem
1973 2075 1990 2094 a
2009 2062 2088 2095 Sole
2112 2075 2161 2095 ae-

1205 2123 1297 2167 cipit,
1330 2124 1426 2156 verba
1452 2124 1544 2156 facile
1566 2124 1805 2166 intelliguntur,
1835 2124 1993 2157 difficilius
2017 2125 2058 2156 de
2077 2125 2161 2157 Mer-

1205 2187 1308 2219 curio:
1337 2188 1395 2219 sed
1418 2188 1490 2220 vide
1516 2194 1645 2229 notam,
1680 2199 1762 2232 quae
1786 2188 1947 2231 sequitur,
1975 2193 2008 2219 et
2029 2187 2160 2220 consule

1203 2249 1363 2290 Plinium,
1391 2249 1446 2294 qui
1470 2249 1528 2294 (2,
1563 2249 1650 2293 18):
1669 2250 1832 2281 »colores«
1863 2250 1967 2294 inquit
1991 2243 2087 2280 »ratio
2115 2248 2157 2279 ab

1203 2312 1374 2344 titudinum
1396 2318 1570 2357 temperat,
1604 2313 1762 2357 siquidem
1785 2325 1894 2345 earum
1921 2311 2157 2344 similitudinem

1203 2376 1342 2415 trahunt,
1364 2374 1398 2406 in
1421 2386 1555 2419 quarum
1573 2379 1646 2406 aera
1667 2386 1783 2406 venere
1806 2375 1983 2413 subeundo,
2003 2373 2158 2417 tingitque

1203 2438 1496 2482 appropinquantes
1533 2438 1684 2470 utralibet
1712 2437 1807 2469 alieni
1835 2442 1956 2469 meatus
1984 2436 2149 2468 circulus.»

1203 2501 1313 2546 Atque
1341 2502 1456 2563 cire*
1482 2503 1579 2534 iidem
1609 2502 1717 2534 Plinio
1750 2507 1842 2541 sunt,
1877 2499 1931 2545 qui
1965 2505 2095 2541 nostro,
2120 2506 2155 2532 ut

1205 2578 1302 2611 supra
1326 2565 1367 2611 (§.
1392 2565 1451 2609 14)
1475 2566 1643 2606 affirmavi,
1673 2576 1792 2596 amnes.
