2310 2860
752 134 952 176 Martiani
993 135 1192 191 Capellae
1235 135 1306 176 lib.
1330 134 1361 177 I.
1402 138 1433 187 ᾗ.
1459 136 1500 177 2.
2071 140 2100 180 9

139 243 254 286 venit
293 242 454 284 dicens:
492 241 610 294 Quid
656 241 769 283 istud
811 243 871 283 mi
909 252 1052 299 pater,
1104 241 1221 297 quod
1260 242 1452 283 noudum
1494 243 1666 298 vulgata
1710 244 1886 285 materie
1931 254 2099 286 camare

137 322 418 380 deproperas,
460 333 498 365 ct
538 324 624 365 ritu
667 324 857 366 nictantis
896 325 1105 376 antistitis,

138 431 316 476 composito
333 432 394 464 hoe
412 431 510 463 verbo
529 444 607 463 usus
624 433 720 464 suerit
740 433 965 466 dubitaveram.
986 435 1098 478 Quum

137 506 213 527 vero
236 495 364 527 serioris
385 496 454 527 aevi
469 496 676 539 scriptoribus
695 498 858 541 proprium
875 499 982 538 suerit,
1006 509 1096 542 prae-

138 558 351 603 positionibus
370 570 486 600 augere
505 560 601 591 verba
629 559 735 604 (§.!15
754 558 853 606 not),
890 562 994 606 ipsum
1017 561 1097 593 illud

138 619 262 664 repperi
288 620 321 651 in
340 620 496 661 glossario
517 621 790 654 Latino-Gallico
813 621 875 669 (ap.
894 622 1048 665 Adelung
1065 624 1097 654 in

138 684 271 726 glossar.
285 696 366 715 man.
386 684 410 716 1.
430 697 459 728 p.
472 682 554 729 152)
577 686 768 730 explicatum
785 686 974 728 »jainglcru,
999 687 1097 731 quod,

138 748 200 779 nisi
216 760 234 779 a
250 748 366 779 Latino
391 750 517 793 quivit-e
533 748 638 782 lucem
655 751 835 794 acciperet,
862 762 957 783 nemo
968 774 977 792 ,
1006 757 1096 795 puto,

138 809 340 851 intelligeret.

213 873 400 920 interuenit]
438 874 635 909 Intervenire
656 877 850 910 Martianum
871 890 937 909 non
953 890 1097 922 corpore.

138 935 196 967 sed
213 947 358 968 sermone
385 943 535 969 autumat.
579 938 704 982 Estque
737 941 928 972 intervenire
956 941 1097 972 medinm

138 1010 174 1031 se
199 1000 275 1032 dare
294 1000 390 1032 rebus
409 1001 548 1033 dissonis
575 1009 629 1033 aut
656 1003 775 1047 alioqui
800 1005 943 1045 nondum
969 1016 1097 1047 compo-

138 1060 216 1093 sitis.
245 1062 465 1094 Tertullianus
490 1063 572 1094 libro
596 1064 635 1095 de
654 1065 806 1108 patientia
822 1078 888 1108 cap.
908 1067 971 1097 11:
1006 1066 1098 1108 »qnia

137 1134 200 1166 qua
225 1134 265 1155 ex
284 1128 374 1168 parte
398 1130 453 1155 aut
466 1125 627 1156 erroribus
651 1126 781 1166 nostris,
801 1133 855 1158 aut
866 1127 945 1158 Mali
962 1127 1097 1166 insidiis,

137 1192 193 1219 aut
211 1186 481 1219 admonitionibus
494 1189 615 1219 domini
634 1191 883 1231 intervenimus,
915 1190 986 1231 ejus
1002 1190 1098 1221 oflicii

138 1260 252 1291 magna
271 1260 412 1289 merces,
445 1249 579 1281 felicitas
597 1251 747 1282 seilicet-u
780 1251 993 1295 Symmachus
1014 1251 1096 1282 libi-o

140 1312 172 1342 7.
193 1311 284 1354 epist,
305 1313 370 1343 56:
397 1312 461 1343 »Ut
478 1313 635 1356 quidquid
652 1314 764 1358 culpae
781 1321 835 1346 aut
853 1315 970 1346 erroris
990 1315 1095 1346 iucur-

139 1374 198 1414 rit,
231 1379 342 1406 contra
365 1374 451 1406 illius
469 1375 617 1407 meritum
634 1389 706 1408 meo
737 1378 877 1419 digneris
900 1380 1098 1410 inteiventui

140 1436 312 1467 relaxarem
347 1435 473 1466 BAnTu.
495 1434 630 1480 (advers.
651 1449 682 1480 p.
704 1438 804 1480 374).

216 1499 298 1546 quid
327 1496 428 1542 istud]
468 1498 596 1530 Pariter
616 1498 800 1542 Appulejus
834 1500 927 1546 (met.
947 1502 977 1532 1.
1004 1513 1034 1543 p.
1052 1501 1100 1531 29

141 1556 260 1605 Oud.>=
294 1576 304 1588 n
314 1560 403 1603 Quid
420 1559 508 1591 istud
535 1560 578 1591 mi
602 1559 754 1592 Socrates
764 1561 798 1591 ‘?«

215 1622 321 1668 pater]
349 1623 527 1655 Martianus
549 1624 635 1656 filius
659 1625 754 1665 enim,
780 1631 927 1669 utsupra
951 1625 1099 1656 observa-

141 1686 264 1726 vimus,
304 1685 497 1717 Martianum
524 1692 647 1729 patrem
675 1686 877 1731 interpellat,
911 1687 963 1718 cui
985 1686 1100 1718 deinde

140 1753 232 1793 pater
250 1748 441 1791 respondet,
464 1747 629 1792 filiumque
652 1749 827 1792 praemissa
845 1749 953 1780 fabula
977 1749 1017 1781 de
1042 1760 1099 1779 nu-

141 1802 216 1855 pffis
238 1810 440 1852 Philologiae
465 1815 499 1841 et
519 1811 672 1843 Mercurii
694 1811 788 1843 bonis
810 1811 948 1842 instituit
970 1811 1099 1842 artibus.

142 1871 300 1904 Similiter
315 1872 431 1904 Cicero
450 1871 568 1903 librum
583 1872 622 1904 de
644 1873 769 1913 officiis,
794 1873 938 1916 quamvis
953 1873 1101 1904 omnibus

144 1934 272 1974 utilem,
298 1934 364 1965 filio
385 1933 446 1965 soli
462 1945 497 1964 se
517 1933 685 1966 tradidisse
698 1934 841 1966 finxerat-
866 1934 1003 1967 Accedit
1014 1935 1101 1978 quod

143 1996 319 2028 Martianus
342 1996 374 2026 in
392 2001 535 2027 extremo
554 1996 653 2027 totius
678 1997 783 2041 operis
809 1995 850 2042 (ξ.
871 1993 981 2042 1οθ0)
1001 1997 1101 2029 filium

143 2058 258 2091 iterum
282 2057 457 2100 alloquitur
472 2058 534 2089 hoc
553 2069 665 2089 versu:

201 2120 335 2154 „secute
357 2123 453 2165 imglis
477 2126 551 2153 nate
572 2123 700 2166 iqnosce
722 2122 898 2154 lectitans.«

144 2183 229 2217 Vide
249 2183 363 2225 igitur,
388 2195 484 2227 quam
497 2183 635 2216 absurda
653 2185 693 2216 ad
710 2184 805 2216 finem
822 2183 955 2216 secundi
976 2183 1049 2215 libri
1066 2183 1100 2214 in

145 2247 394 2280 Darmstattensi
415 2248 525 2280 codice
548 2249 627 2281 haec
643 2248 685 2279 sit
703 2248 809 2289 glossa
828 2248 950 2279 addita:
974 2247 1100 2280 »Satira

147 2310 283 2341 narrauit
317 2310 445 2342 cuidam
474 2310 557 2353 patri
586 2311 667 2342 hanc
695 2310 862 2350 fabellam,
900 2322 996 2353 qnam
1014 2309 1100 2341 idem

149 2376 237 2414 pater
252 2372 409 2403 Martiano
432 2372 635 2404 renam-avit«

222 2433 389 2481 nic-tantis]
414 2435 616 2477 Evigilantis.
643 2435 761 2468 Gnoss.
781 2454 828 2462 —
855 2435 1031 2475 Nictantis,
1064 2440 1100 2465 ut

149 2507 241 2528 nemo
259 2496 394 2538 ignorat,
417 2509 482 2528 non
498 2494 577 2533 ἀπὸ
592 2497 664 2532 τοῦ
676 2495 831 2541 νυκτὸς,
851 2503 887 2529 ut
903 2497 1028 2539 glossae
1045 2508 1099 2528 vo-

148 2559 236 2601 lunt,
275 2559 332 2592 sed
358 2572 375 2592 a
403 2560 558 2602 nivendo,
589 2562 675 2594 unde
704 2561 889 2595 connivere:
915 2573 979 2605 quo
1002 2561 1100 2594 verbo

1147 324 1402 381 priusquam
1435 324 1546 365 sores
1587 324 1839 382 aditumque
1877 327 2099 377 reseraris,

1148 434 1229 466 infra
1238 434 1354 465 utitur:
1372 449 1382 462 n
1390 434 1555 477 quiescere
1571 434 1749 478 cupientem
1765 435 1934 467 connivere
1950 448 2015 467 non
2031 447 2099 479 per-

1147 496 1255 527 sei-ah«
1276 495 1438 527 Gn0T.—
1458 496 1591 527 Nictans
1616 497 1747 528 antistes
1766 503 1815 528 est
1835 497 1996 528 matutinis
2015 498 2101 528 horis

1150 561 1188 592 ad
1205 559 1375 603 aperienda
1392 560 1512 602 populo
1529 560 1599 591 sana
1620 561 1720 592 oculis
1743 562 1986 592 semisonulibus
2009 561 2103 592 ctiam

1148 622 1309 667 prodiens.
1339 622 1464 652 B.mrn.
1491 620 1624 668 (advers.
1647 635 1676 666 p.
1694 621 1791 668 974).
1813 641 1860 648 --
1880 623 2041 667 Populum
2064 621 2103 654 ad

1150 696 1239 715 saera
1260 683 1408 714 obeunda
1427 683 1598 714 invitantis.
1640 683 1832 715 Sacerdotes
1854 685 1937 716 enim
1959 684 2103 717 homines

1150 749 1190 779 ad
1217 748 1433 779 caeremonias
1469 747 1675 778 celebrandas
1713 748 1903 779 carminibus
1933 754 1964 780 et
1991 747 2104 791 quovis

1150 812 1244 843 modo
1263 811 1390 844 allicere
1410 811 1564 842 solebant.
1598 811 1722 842 Nonius
1741 812 1930 842 Marcellus:
1958 812 2104 843 „Nictarc

1151 876 1316 906 oculorum
1361 874 1602 922 significantiam
1636 887 1707 905 esse
1748 875 1939 905 denotarunt
1971 880 2104 906 veteres.

1149 940 1286 970 Plautus
1306 937 1472 969 Asinaria:
1496 937 1610 980 Neque
1635 937 1690 968 illa
1715 937 1771 967 ulli
1793 937 1912 967 homini
1935 942 2035 976 nutet,
2060 937 2105 966 ni-

1151 1007 1232 1040 ctet,
1268 1000 1414 1031 adnuat«
1459 999 1559 1030 Gotz.
1585 1017 1634 1023 —
1675 998 1802 1041 Quodsi
1826 998 1946 1029 fontem
1968 997 2104 1028 animad-

1149 1062 1321 1093 vertissent
1339 1061 1397 1091 viri
1415 1060 1511 1100 (loeti,
1536 1072 1552 1090 e
1572 1071 1635 1102 quo
1661 1065 1770 1090 noster
1791 1059 1896 1090 hausit
1922 1058 1964 1104 (v.
1984 1064 2049 1090 not.
2067 1059 2106 1089 ad

1149 1136 1261 1155 vocem
1282 1120 1418 1167 adilum)
1435 1145 1444 1155 ,
1482 1121 1596 1151 melius
1625 1133 1698 1151 euin
1728 1121 1970 1152 intellexissent.
2009 1120 2106 1152 Certe

1150 1189 1204 1231 qui
1231 1189 1405 1219 nictantem
1430 1186 1622 1217 Martianum
1650 1187 1787 1228 sopitum
1813 1183 2001 1227 explicaturi
2022 1189 2106 1223 sunt,

1148 1250 1277 1290 longius
1294 1261 1311 1279 a
1328 1260 1404 1279 xero
1422 1248 1577 1278 aberrant,
1615 1246 1761 1289 Namque
1782 1247 1837 1289 qni
1852 1246 1964 1289 spiritu
1980 1245 2106 1289 poetico

1149 1312 1275 1343 afflatus
1293 1322 1405 1341 versus
1422 1310 1594 1347 declamat,
1626 1309 1749 1352 sopitus
1776 1308 1838 1340 dici
1862 1308 1980 1351 nequit.
2007 1307 2106 1339 Evol-

1147 1376 1270 1406 vendus
1289 1374 1396 1417 potius
1412 1374 1530 1404 Festus
1549 1379 1633 1407 erat,
1666 1372 1720 1416 qui
1751 1373 1906 1403 »nictare«
1936 1372 1978 1402 ait
2013 1383 2106 1403 »oeu-

1150 1437 1254 1466 lorum
1283 1436 1480 1476 aliorumque
1512 1434 1726 1464 membrorum
1758 1434 1829 1464 nisu
1863 1445 1956 1476 saepe
1989 1433 2108 1475 aliquid

1152 1495 1268 1527 conari.
1278 1510 1288 1521 υ
1312 1494 1422 1537 Atque
1441 1496 1502 1525 hoc
1521 1494 1615 1524 etiam
1632 1494 1704 1524 loco
1720 1493 1903 1524 varietatem
1921 1505 1986 1524 non
2004 1494 2108 1524 solum

1152 1564 1300 1599 gestuum
1318 1557 1375 1588 sed
1393 1557 1601 1587 mutationem
1619 1569 1747 1600 quoqne
1766 1557 1874 1588 vultus
1893 1557 2039 1596 denotat,
2066 1556 2105 1587 si-

1152 1620 1280 1663 quidem
1300 1619 1338 1649 ah
1358 1618 1498 1649 antistite
1512 1617 1623 1648 oculos
1641 1617 1736 1648 modo
1755 1618 1887 1658 demitti,
1906 1618 2001 1649 modo
2021 1629 2105 1661 spar-

1151 1681 1200 1723 gi,
1235 1680 1413 1712 Martianus
1440 1679 1545 1710 dicere
1562 1678 1684 1719 voluit,
1718 1678 1752 1711 id
1770 1680 1857 1722 quod
1881 1679 1921 1710 ad
1939 1691 1992 1719 ea,
2026 1691 2107 1722 quae

1152 1748 1340 1787 sequuntur,
1365 1742 1475 1773 doceo.
1503 1741 1603 1784 Quod
1628 1740 1788 1784 reliquum
1811 1747 1871 1781 est,
1896 1753 1939 1773 ex
1954 1741 2106 1783 Hugiano

1151 1807 1261 1839 codice
1279 1806 1404 1838 varians
1421 1805 1518 1838 lectio
1536 1804 1702 1837 „instantis
1711 1819 1721 1831 υ
1738 1805 1878 1837 notanda
1895 1805 2024 1850 quidem
2041 1810 2106 1845 est3

1153 1871 1210 1903 Sed
1226 1870 1367 1911 vulgaris
1386 1869 1550 1901 servanda,

1226 1930 1394 1976 antistitis]
1423 1930 1510 1963 Sane
1529 1930 1730 1962 aedituorum
1745 1936 1812 1971 est,
1837 1941 1903 1962 non
1920 1930 2105 1971 antistitum,

1153 1996 1257 2027 aditus
1275 2007 1417 2027 reserare
1435 1994 1636 2038 templorum.
1671 1994 1715 2025 Et
1732 1994 1802 2037 quis
1823 1994 2008 2035 affirmabit,
2042 2006 2107 2026 non

1153 2059 1318 2103 scripsisse
1344 2060 1539 2090 aedituentis
1560 2057 1737 2098 hominem,
1774 2057 1829 2100 qui
1847 2058 1972 2101 quidvis
1997 2057 2105 2088 admit·

1150 2127 1213 2161 tat,
1244 2121 1339 2152 modo
1357 2132 1398 2151 ne
1416 2119 1576 2152 communi
1600 2131 1698 2150 sensu
1724 2119 1893 2150 verborum
1916 2119 2011 2163 plane
2029 2118 2103 2150 luci-

1151 2183 1255 2226 deque
1273 2182 1447 2226 loquatur‘?
1479 2180 1651 2214 Lucretius
1669 2180 1722 2212 lib.
1741 2181 1781 2214 G:

1208 2245 1355 2276 »Cuncta
1379 2244 1592 2277 cadaveribus
1611 2242 1784 2274 coelestum
1796 2242 1912 2285 templa
1932 2240 2104 2272 manebant

1200 2308 1392 2351 Hospitibns
1425 2308 1494 2339 loca
1525 2318 1608 2353 quae
1641 2306 1838 2348 complerant
1860 2304 2096 2336 aeditzaenteiw

1150 2370 1276 2403 ΒΑΜ-ιι.
1311 2370 1393 2416 (adv.
1411 2382 1442 2414 p.
1455 2366 1614 2414 409).·—-
1631 2369 1783 2400 Barthius
1802 2367 1922 2399 mavult
1940 2367 2102 2397 aedituen-

1150 2436 1192 2466 tis
1213 2446 1264 2466 me
1287 2434 1397 2465 invito.
1422 2432 1586 2464 Amz'rzm.
1619 2431 1718 2477 (misc.
1738 2444 1769 2475 p.
1782 2429 1865 2474 197)
1884 2449 1928 2454 -
1951 2429 2102 2461 Profecto

1152 2503 1218 2528 ata-o
1242 2497 1378 2529 carbone
1399 2496 1540 2527 notanda
1559 2501 1609 2526 est
1629 2506 1725 2526 eausa
1746 2494 1840 2524 etiam
1859 2496 1990 2535 propter
2008 2503 2103 2536 qnam

1151 2558 1304 2591 Barthius
1333 2558 1440 2590 locum
1468 2556 1700 2590 emendandum
1724 2565 1794 2585 esse
1817 2553 1949 2585 censuit.

1682 2617 1706 2648 2
