2310 2860
771 141 970 183 Martiani
1002 140 1201 197 Capellae
1230 140 1313 182 lib:
1327 140 1406 182 IX.
1436 144 1468 193 ᾗ.
1497 142 1596 183 999.

2074 146 2153 186 771

598 247 772 289 Indocta
801 247 1000 288 rabidum
1033 262 1166 302 quem
1201 248 1347 288 videre
1377 248 1520 289 secula

594 327 735 382 Jurgis
766 327 935 367 caninos
966 326 1196 366 blateratus
1227 327 1434 381 pendere,

593 407 891 448 Proconsulari
924 422 1025 448 vcro
1056 406 1226 446 dantem
1259 407 1456 458 culmini,

593 487 778 542 Ipsoque
808 486 976 527 dudum
1007 486 1302 527 bombinatore
1332 486 1508 527 flosculo

589 567 852 623 Decerptum
884 566 991 607 falce
1020 567 1107 622 jam
1141 570 1374 608 canescenti
1404 577 1518 620 rota,

176 693 288 734 icitur,
322 694 527 728 similitudine
560 709 577 728 a
610 697 714 728 ventis
747 696 897 740 repetita⁷
932 701 968 727 ut
995 696 1141 740 superins

171 754 230 801 (ἓ.
247 756 343 799 997).
370 757 521 789 Ceterum
543 758 576 789 in
599 758 834 789 constructione
856 757 1057 789 anacolutbia
1080 763 1139 798 est,

188 829 284 861 quum
299 818 433 862 flamine
458 819 535 850 nihil
557 820 671 851 habeat
697 831 760 863 quo
783 820 952 859 reseratur,
979 820 1036 850 sed
1059 819 1139 851 infra

174 880 312 913 ¹demum
327 882 360 913 in
377 883 482 914 verbis
501 883 560 915 »ob
582 885 642 915 hoc
661 889 819 915 ereatumn
839 883 940 915 oratio
956 895 974 915 a
989 882 1139 916 Martiani

171 943 312 985 ffortuua
341 944 379 975 ad
406 956 472 976 rem
498 945 598 988 ipsam
621 945 738 976 redeat.

161 987 176 996 ἰ
258 1005 422 1051 rabidum]
452 1007 730 1049 Quemadmodum
760 1006 891 1038 rabulas
919 1006 1068 1046 dicimus,
1105 1012 1138 1038 et

183 1066 313 1110 linquae
333 1069 453 1099 rabiem
469 1067 664 1111 Appulejus.
681 1067 785 1099 GuoT.
804 1086 852 1091 ·-—·
871 1067 955 1100 Vide
975 1079 1055 1111 quae
1082 1079 1132 1098 su-

180 1128 289 1173 perius
317 1129 370 1172 (ad
397 1129 425 1173 ξ.
448 1130 531 1172 122)
556 1130 789 1162 annotavimus.

248 1189 370 1235 jurqis]
400 1190 457 1222 Sic
481 1191 683 1222 scribendum
705 1195 791 1222 recte
813 1190 947 1222 Grotius
965 1190 1133 1222 intellexit.

177 1252 334 1285 Heinsius
362 1254 419 1297 (ad
438 1253 534 1286 Ovid.
553 1254 626 1285 Ibin
652 1255 714 1293 143
753 1255 791 1285 T.
808 1253 868 1294 IV,
896 1266 926 1297 p.
943 1254 988 1284 21
1010 1253 1134 1297 Burm.)

183 1314 362 1346 incredibili
377 1315 553 1346 temeritate
571 1315 653 1357 foris
673 1314 853 1354 substituit,
873 1314 964 1358 quasi
982 1326 1046 1345 non
1065 1315 1133 1358 ipsa

174 1378 287 1420 juryia
311 1376 504 1408 causidicum
533 1376 610 1406 satis
632 1375 840 1407 declararent.
865 1375 991 1406 Pariter
1007 1375 1133 1407 Seneca

179 1440 324 1482 (Hercul.
347 1440 407 1471 fur.
427 1440 511 1483 172)
533 1441 676 1471 »rabiosa
696 1439 754 1470 sori
769 1441 898 1483 juryia«
927 1439 1014 1470 dixit.
1048 1439 1132 1471 »Cu-

177 1515 245 1535 ram
261 1504 485 1536 districtiorem
506 1505 665 1535 sorcnscm
683 1502 890 1534 rabulationis
908 1502 1052 1546 partibus
1069 1502 1130 1533 illi·

177 1571 298 1608 gatam«
321 1566 389 1608 jam
415 1566 561 1610 superius
587 1565 628 1612 (ἓ.
647 1565 733 1609 577)
756 1564 873 1597 Satura
895 1564 1053 1597 Martiano
1076 1575 1130 1596 ex-

175 1630 392 1675 prohraverat.

198 1722 202 1725 .
250 1689 397 1736 caninos]
426 1690 580 1723 Ovidius:

231 1754 364 1786 »Latrat
387 1759 418 1785 et
443 1755 478 1784 in
502 1757 567 1784 toto
591 1752 689 1783 verba
713 1749 825 1782 canina
845 1750 948 1794 soron·

175 1815 339 1849 GnoT.—
357 1817 432 1848 Non
451 1816 594 1847 absimile
612 1815 678 1846 veri
698 1819 762 1854 cst,
788 1819 890 1844 totum
914 1813 1005 1843 illum
1021 1811 1130 1843 Ovidii

173 1880 280 1912 locum
301 1878 362 1923 (lb.
382 1878 469 1921 254)
494 1883 606 1908 nostro
631 1877 833 1907 obversatum
856 1887 938 1907 csse.
977 1875 1128 1907 Ceterum

174 1943 286 1975 eadem
310 1943 493 1985 metaphora
519 1940 694 1972 Sallustius
720 1940 818 1983 (apud
835 1940 980 1971 Lactant.
1002 1940 1042 1979 G,
1069 1939 1127 1979 18,

175 2006 235 2050 io)
250 2008 400 2038 caninam
419 2005 607 2048 facundiam
627 2003 750 2034 dixerat
765 2003 834 2047 (cfr.
853 2002 943 2034 Cort.
960 2002 999 2033 ad
1016 2002 1127 2043 fragm.

172 2069 216 2114 (p.
233 2068 329 2100 1004
354 2072 386 2098 et
406 2065 574 2107 Cujacium
597 2065 664 2096 obS.
693 2064 748 2096 lib.
766 2064 826 2104 IV,
856 2076 923 2108 cap.
944 2063 1030 2106 ult),
1052 2075 1124 2108 pro-

170 2132 307 2177 piusque
333 2131 374 2162 ad
400 2135 545 2161 nostrum
565 2128 739 2160 Petronius
767 2128 942 2161 Cerberum
963 2128 1126 2160 forensem

171 2193 365 2226 causidicum
394 2191 543 2235 appellat.

244 2253 478 2299 proconsulari]
506 2254 643 2295 Magnus
666 2252 826 2294 Scaliger:

225 2316 478 2348 „Proconsulari
494 2315 568 2356 jura
590 2315 720 2345 dantem
740 2314 898 2345 culminia

170 2379 333 2413 Gnor.—
372 2379 486 2421 Inepta
520 2377 714 2409 emendatio:
740 2376 868 2420 quinam
898 2380 1006 2420 potest
1037 2375 1122 2408 euim

165 2441 238 2484 jura
269 2441 344 2472 dare
370 2438 578 2483 proconsuli?
613 2438 806 2481 Quanquam
835 2443 1014 2482 corruptam
1048 2449 1121 2469 esse

168 2504 338 2537 lectionem
363 2503 448 2534 haud
468 2513 570 2544 nego3
597 2512 711 2533 sensus
732 2507 838 2534 tamen
861 2506 965 2546 patet,
991 2501 1119 2535 Martia-

168 2580 246 2602 num
263 2567 347 2614 apud
359 2566 593 2602 Proconsulem
606 2563 735 2600 Africae
752 2577 865 2599 causas
879 2566 994 2609 egisse.
1020 2565 1120 2609 Quod

1192 696 1218 727 si
1236 703 1370 728 metrum
1388 702 1564 741 pateretur,
1586 708 1797 741 proponerem
1812 705 2030 742 perorantem5
2055 712 2139 734 nunc

1192 757 1351 790 doctiores
1374 759 1520 790 viderint.

1264 821 1498 867 bombinatore]
1522 822 1751 854 Bombinatore
1774 823 1908 856 flosculo
1933 825 1952 856 i.
1977 837 2003 857 e.
2024 826 2136 858 clama-

1189 888 1258 914 tore
1277 886 1447 928 superfluo.
1456 875 1602 918 vomu.
1613 904 1660 909 ——-
1684 886 1720 918 M
1729 885 1780 918 S.:

1247 949 1338 990 »Ipso
1358 949 1478 979 dudum
1502 949 1748 981 bombinatorem
1764 950 1963 994 flosculum.«

1188 1011 1362 1056 Comparat
1385 1023 1419 1043 se
1446 1012 1513 1055 api,
1539 1012 1584 1044 sie
1613 1013 1764 1044 Flaccus:

1337 1091 1384 1097 —-
1404 1092 1450 1097 —
1469 1086 1547 1117 “⁰51⁰
1575 1076 1643 1116 apis
1668 1074 1816 1107 fflffatinae

1465 1135 1558 1166 fflore
1579 1136 1735 1181 modoque

1237 1195 1342 1226 Grata
1363 1197 1523 1237 carpentis
1552 1197 1659 1237 thyma
1681 1208 1739 1238 per
1762 1196 1899 1228 laborem

1234 1257 1415 1288 Plurimum
1442 1257 1527 1287 circa
1548 1268 1660 1288 nemus
1694 1257 1846 1304 uvidique

1239 1318 1366 1348 Tiburis
1388 1319 1476 1360 ripas
1500 1330 1631 1360 operosa
1647 1329 1770 1361 paruus

1465 1381 1619 1412 Carmina
1640 1381 1753 1425 ᾔκασα

1182 1442 1445 1474 Bembinatorem
1456 1443 1534 1474 dixit
1546 1444 1618 1488 quia
1629 1444 1763 1475 bombus
1774 1456 1867 1487 apum
1880 1455 1978 1476 sonus
1990 1444 2134 1488 proprie3

1181 1506 1254 1538 hinc
1271 1506 1343 1538 illae
1362 1506 1495 1539 Graccis
1519 1508 1667 1539 dicuntur
1688 1503 1899 1550 βομβεύειν.
1929 1507 2133 1539 Theocritusz

1327 1586 1376 1591 —-
1392 1587 1439 1591 -
1455 1569 1534 1603 εἴθε
1557 1568 1743 1614 γενοίμαν

1227 1624 1261 1663 Ἀ
1278 1628 1474 1673 βομβεῦσα
1501 1629 1661 1674 μέλισσα
1687 1628 1751 1664 καὶ
1787 1629 1827 1670 ἐς
1871 1626 1959 1664 τεὸν
1990 1626 2133 1676 ἄντρον

1584 1690 1747 1734 ἱκοίμαν.

1180 1753 1291 1785 Malim
1315 1760 1420 1786 autem
1438 1755 1489 1786 hie
1511 1755 1747 1786 bombilatorem
1769 1754 1849 1796 legi,
1872 1766 1944 1786 nam
1967 1761 1999 1786 et
2023 1760 2132 1798 auctor

1180 1815 1378 1846 Philomelae
1403 1815 1503 1847 cauit:

1237 1876 1418 1908 »Bombilat
1442 1888 1495 1908 ore
1517 1877 1624 1919 Ieyens
1645 1888 1780 1909 munera
1801 1877 1902 1909 mellis
1920 1888 2023 1920 apes-u

1178 1939 1223 1970 Et
1247 1940 1365 1971 Festus
1395 1941 1648 1972 bombilationem
1672 1953 1766 1984 apum
1791 1941 1957 1984 strepitum
1984 1951 2055 1972 esse
2082 1945 2128 1971 te-

1178 2006 1288 2033 statur.
1299 2001 1462 2034 Gnor.—
1490 2002 1562 2044 Ego
1585 2014 1661 2034 vero
1683 2014 1750 2034 non
1771 2002 1863 2034 video
1882 2002 2042 2045 quomodo
2064 2006 2127 2033 tor·

1177 2076 1275 2108 quere
1307 2076 1341 2095 se
1372 2064 1536 2108 potuerint
1561 2063 1620 2096 viri
1648 2064 1733 2096 docti
1762 2063 1797 2095 in
1822 2064 2010 2107 explicando
2035 2074 2126 2095 voea-

1174 2126 1269 2166 bulo,
1303 2125 1390 2169 qnod
1421 2130 1453 2157 ct
1481 2131 1582 2157 metro
1607 2131 1640 2157 et
1663 2125 1892 2157 constructioni
1914 2136 2045 2168 prorsus
2075 2135 2124 2155 re-

1173 2193 1310 2231 pugnet,
1342 2192 1437 2231 atque
1469 2187 1598 2220 omniuo
1620 2187 1742 2219 nullum
1767 2199 1837 2218 csse
1865 2186 2018 2218 videatur.
2042 2183 2123 2218 Mihi

1172 2251 1253 2284 nihil
1277 2251 1394 2282 certius
1422 2256 1472 2282 cst
1493 2264 1587 2296 quam
1609 2251 1799 2284 Martianum
1823 2249 2004 2293 scripsisse:

1230 2313 1388 2360 »Ipsoque
1408 2313 1483 2344 dum
1497 2313 1662 2346 bombinat
1679 2324 1734 2344 ore
1750 2311 1900 2355 flosculo«
1909 2323 1922 2351 5

1172 2376 1230 2409 sed
1257 2377 1402 2409 codicum
1429 2378 1646 2409 auctoritatem
1668 2375 1823 2407 desidero.

1247 2439 1427 2482 decerptum
1444 2438 1541 2484 falce]
1567 2437 1652 2477 Alii,
1681 2442 1763 2468 teste
1779 2434 1893 2467 Grotio
1912 2434 1946 2466 in
1967 2433 2117 2475 margine,

1171 2502 1331 2535 decertum
1344 2501 1474 2546 falcem,
1497 2503 1565 2535 sine
1586 2512 1693 2533 sensu.
1719 2500 1849 2532 Faleem
1863 2497 1938 2530 dicit
1954 2497 2117 2542 temporis,

1170 2579 1232 2612 qua
1247 2566 1314 2610 jam
1338 2567 1524 2612 decerptus,
1562 2567 1622 2598 hoc
1640 2569 1689 2596 est
1708 2563 1907 2604 imminutus,
1935 2561 2117 2594 debilitatus

1633 2627 1680 2658 97
1703 2622 1726 2650 ²³<
