2310 2860
678 97 878 140 Martiani
916 96 1114 153 Capellae
1151 96 1221 139 lib.
1250 95 1324 138 ΙΙΙ.
1363 98 1395 149 §.
1419 96 1522 139 294.
2002 101 2087 143 501

134 208 353 264 exemp10,
395 207 513 263 quod
553 206 660 249 haec
693 207 868 248 nomina
909 213 1085 262 possunt
1121 203 1255 245 verba
1296 219 1349 244 ex
1380 218 1423 245 se
1463 203 1623 257 facere,
1661 215 1709 247 ut
1742 220 1947 262 procuro,
1988 223 2087 263 pro-

133 306 274 348 pugno
292 308 305 345 3

132 374 267 415 faciat.

364 304 467 331 nam
510 288 763 346 praepositio
811 288 938 345 perit,
1003 287 1257 343 proconsulo
1302 295 1445 328 autem
1491 302 1575 328 non
1610 286 1730 340 facit,
1782 289 1877 331 licet
1914 290 2087 331 consulo

342 373 511 414 Tamen
546 372 579 412 si
623 369 879 426 proconsule
919 368 1108 420 dicatur,
1163 370 1205 410 in
1244 383 1344 410 casu
1383 369 1645 411 nominativo
1684 381 1957 426 monoptoton
1989 372 2089 424 erit3

131 454 206 495 sed
241 463 414 510 propter
455 451 807 494 consuetudinem
854 450 1085 507 proconsul
1124 450 1310 500 dicatur,
1355 458 1403 490 ut
1442 449 1647 491 declinari
1688 450 1837 504 possit,
1877 450 2088 504 quemad-

131 534 312 576 modum
347 534 438 585 illa,
479 547 590 588 quae
625 532 745 573 litera
769 532 804 572 L
836 531 1140 582 terminantur,
1180 541 1226 572 ut
1259 531 1379 587 vigil,
1420 531 1560 587 pugil,
1602 531 1762 585 mugil,
1801 532 2004 586 quoniam
2044 532 2087 572 in

120 616 288 671 -plurali
318 615 500 670 genitivo
539 614 751 668 mugilum
782 611 985 663 dicimus,
1017 622 1057 653 et
1084 611 1302 668 pugiluln3
1352 626 1453 652 nam
1482 612 1516 652 si
1552 612 1720 666 mugilis
1752 622 1856 653 esset
1892 613 2088 653 nomina-

130 697 256 747 tivus,
286 705 334 736 ut
355 695 484 750 agilis,
510 693 736 749 mugilium
760 691 929 742 faceret,
960 700 1006 732 ut
1030 692 1217 746 agilium.
1250 693 1296 734 M
1319 694 1439 734 litera
1469 693 1594 733 etiam
1618 702 1769 734 neutra
1790 692 2010 744 liniuntur,
2039 701 2087 733 ut

130 778 286 828 telum,
322 791 561 818 scamnum.
605 773 688 815 Sed
714 773 796 814 hoc
822 771 1237 825 animadvertamus,
1269 774 1473 829 quoniam
1499 788 1610 829 quae
1634 774 1842 814 nominaI
1869 784 1963 814 autc
1988 774 2086 815 ulti-

130 874 249 900 mam
266 859 476 914 syllabam
494 857 665 907 habent,
688 865 735 896 ut
753 855 905 906 lilium,
928 854 1094 906 folium,
1120 855 1303 910 genitivo
1322 855 1538 910 singulari,
1561 855 1659 895 item
1682 854 1822 895 dativo
1844 864 1884 895 et
1903 855 2085 897 ablativo

130 941 389 997 pluralibus,
423 938 603 979 eandem
636 937 854 992 geminare
887 935 1065 987 debent,
1100 944 1148 976 ut
1178 935 1251 975 lilii
1291 944 1330 976 et
1365 935 1480 987 liliis3
1541 934 1746 990 quoniam
1777 935 1984 990 genitivus
2016 946 2090 976 aut

130 1035 254 1076 pares
272 1019 455 1074 syllabas
472 1017 734 1058 nominativo
752 1015 894 1067 habet,
921 1025 968 1056 ut
991 1030 1215 1057 scamnum
1237 1016 1413 1066 scamni,
1439 1025 1511 1056 aut
1532 1016 1688 1071 plures,
1709 1025 1757 1056 ut
1779 1026 1907 1071 caput
1931 1017 2088 1072 capitiS,

130 1100 350 1155 pauciores
375 1111 624 1152 nunquam3
655 1104 874 1151 praeterea
890 1093 1059 1135 dativus
1080 1096 1118 1136 O
1139 1096 1259 1137 litera
1278 1095 1433 1147 finitus,
1457 1097 1499 1137 in
1518 1096 1538 1137 I
1558 1111 1652 1138 eam
1677 1098 1893 1147 convertit,
1923 1107 1970 1137 ut
1996 1112 2088 1138 sea—

129 1193 231 1220 mno
249 1177 453 1229 scainnis3
484 1175 557 1217 sed
576 1173 837 1216 consuetudo
855 1183 894 1214 et
913 1175 1137 1216 auctoritas
1155 1185 1349 1217 veterum
1371 1176 1525 1231 ingeni,
1549 1176 1708 1226 consili,
1731 1177 1884 1231 imperi
1910 1192 1983 1231 per
2008 1187 2089 1218 tres

131 1256 315 1311 syllabas
339 1255 490 1295 maluit
515 1254 669 1295 dicere.
697 1254 866 1295 Vasum
889 1268 942 1295 an
967 1269 1042 1295 vas
1065 1255 1147 1296 dici
1171 1255 1334 1308 debeat,
1367 1256 1603 1310 quaeritur,
1636 1256 1842 1310 quoniam
1868 1270 2088 1311 quaeeun-

132 1350 217 1390 que
234 1343 385 1375 neutra
404 1348 487 1374 non
506 1333 554 1372 M
575 1333 696 1374 litera
716 1333 980 1374 nominativo
999 1334 1220 1385 finiuntur,
1251 1336 1285 1375 si
1309 1335 1519 1390 pluralem
1541 1336 1759 1391 recipiant,
1786 1336 1927 1378 datiVo
1955 1346 1994 1378 et
2013 1338 2088 1378 ab·

130 1416 258 1457 lativo
275 1416 316 1456 in
337 1414 417 1454 bus
436 1413 606 1462 cadunt,
627 1413 771 1467 itaque
791 1413 948 1452 monile
975 1413 1218 1463 monilibus,
1245 1427 1357 1467 genu
1374 1413 1565 1467 genibus,
1596 1429 1725 1467 pecus
1748 1416 1988 1469 pecoribus,
2009 1432 2087 1457 no-

130 1513 230 1540 men
246 1495 504 1546 nominibus,
528 1508 721 1534 marmor
742 1491 1031 1534 marmoribus
1040 1507 1051 1543 3
1086 1491 1324 1532 secundum
1343 1507 1454 1547 quae
1475 1507 1548 1533 vas
1572 1494 1743 1533 vasibus
1764 1494 1903 1535 facere
1921 1495 2085 1546 debuit,

131 1587 171 1619 et
200 1577 242 1617 in
273 1575 455 1631 genitivo
487 1574 648 1616 horum
683 1588 859 1626 vasum,
895 1572 1101 1628 quoniam
1136 1586 1423 1626 quaecunque
1455 1581 1606 1612 neutra
1639 1572 1867 1627 singularia
1901 1575 2086 1616 ablativo

131 1658 167 1700 E
192 1658 313 1698 litera
349 1657 577 1709 finiuntur,
617 1656 853 1712 genitivum
889 1654 1101 1711 pluralem
1138 1651 1312 1692 totidem
1349 1651 1615 1705 syllabarum
1650 1651 1832 1701 habent,
1877 1663 1982 1708 quot
2011 1654 2087 1693 ab-

131 1738 312 1780 lativum
342 1738 624 1794 singularem,
658 1747 700 1778 ut
724 1752 746 1778 a
779 1751 955 1777 nemore
981 1749 1235 1785 nemorum,
1274 1733 1408 1788 capite
1441 1733 1652 1788 capitum;
1707 1733 1780 1774 sed
1817 1732 1898 1774 hoc
1931 1749 2088 1774 nomon

205 1844 282 1864 nam
301 1831 489 1877 respiciunt]
508 1831 558 1864 Ita
574 1832 706 1865 Grotius
722 1832 755 1862 in
769 1831 909 1873 margine
930 1842 987 1874 pro
1006 1843 1080 1862 non.

204 1898 240 1924 ut
261 1891 374 1937 lilium]
401 1893 457 1926 Sic
479 1893 580 1924 codex
600 1893 804 1926 Monacensis
828 1892 900 1937 (C),
937 1892 1020 1923 unde
1050 1897 1082 1923 et

131 1957 213 1988 infra
236 1957 296 1988 lilii
312 1961 344 1987 et
362 1957 436 1988 liliis
454 1956 575 2000 scripsi.
604 1956 737 1988 Grotius
758 1955 904 1999 exempla
920 1955 971 1988 hie
992 1967 1080 1999 pror-

133 2032 187 2053 sus
214 2019 336 2060 omisit,
364 2020 445 2051 infra
469 2025 572 2051 autem
593 2019 626 2051 in
648 2019 842 2051 nominativo
863 2031 940 2050 casu
963 2019 1081 2062 posuit.

131 2080 300 2126 Impugnat
323 2087 428 2113 autem
450 2081 626 2113 Martianus
650 2092 724 2121 eos,
759 2081 815 2124 qui
838 2082 897 2112 hos
924 2081 1081 2122 genitivos

133 2143 262 2187 antiquo
289 2155 377 2175 more
399 2155 458 2186 per
485 2142 621 2186 simplex
637 2142 654 2174 I
679 2142 884 2186 proferebant
915 2143 978 2183 lili,
1004 2142 1082 2186 fols,-

133 2216 196 2248 qua
217 2204 256 2236 de
278 2205 463 2249 quaestione
486 2205 570 2236 inter
587 2204 782 2236 recentiores
799 2215 927 2248 quoque
949 2216 1081 2246 magnae

132 2265 206 2296 lites
223 2265 425 2307 exstiterunt,
443 2272 614 2310 postquam
629 2265 800 2307 Bentlejus
820 2265 874 2309 (ad
888 2265 960 2297 Ter.
977 2265 1081 2299 Andr.

134 2326 176 2367 2,
200 2328 239 2367 1,
274 2326 342 2370 20)
369 2328 591 2368 contenderat,
625 2328 685 2359 sub
714 2326 856 2369 Augusti
885 2328 1081 2361 senescentis

134 2392 237 2420 aetate
260 2387 386 2420 demum
408 2388 612 2421 mutationem
633 2389 721 2421 illam
745 2389 862 2422 factam
884 2400 972 2430 esse,
1004 2396 1039 2421 ut
1064 2390 1081 2422 1

134 2448 338 2491 geminarent.
377 2449 470 2481 Conf.
495 2449 529 2481 in
549 2449 657 2493 primis
677 2450 834 2494 Forhiger
861 2451 915 2496 (de
938 2451 1082 2484 Lucretii

134 2512 272 2547 carmine
299 2524 331 2558 p.
349 2511 397 2545 74
416 2511 534 2557 sequ.),
564 2512 717 2548 Huschke
743 2514 797 2559 (de
819 2513 930 2549 Annio
948 2515 1080 2548 Cimbro

1131 1842 1163 1873 p.
1181 1829 1229 1861 42
1259 1828 1377 1871 sequ.),
1406 1833 1438 1858 ct
1465 1828 1505 1858 ab
1533 1828 1631 1859 altera
1646 1832 1736 1871 parte
1762 1827 1950 1869 Svcrdsjoei
1972 1828 2086 1860 Vindi-

1131 1891 1197 1923 ciae
1221 1889 1383 1933 praecepti
1408 1888 1591 1930 Bentlcjani
1615 1889 1729 1932 (Rigae
1755 1890 1862 1923 1852.
1885 1889 1932 1932 8).

1207 1962 1354 1989 scamno,
1380 1948 1532 1994 scamnis]
1569 1950 1657 1991 Lege
1689 1962 1837 1989 scanmo,
1868 1953 2000 1983 scamni.
2036 1951 2087 1983 De

1133 2013 1271 2056 genitivo
1307 2014 1459 2056 singulari
1486 2026 1600 2047 sermo.
1628 2013 1733 2046 Gnor.
1755 2033 1802 2037 —
1845 2014 1983 2048 Codices
2008 2009 2087 2048 nihil

1132 2077 1263 2109 variant.

1206 2141 1381 2173 secundum
1416 2139 1521 2187 quae]
1561 2141 1666 2182 Lege:
1710 2141 1971 2188 »secundumque
2010 2143 2088 2173 haec

1132 2214 1188 2235 vas
1220 2204 1349 2236 vasibus
1377 2205 1480 2236 facere
1514 2204 1638 2245 debuit,
1684 2209 1716 2236 et
1739 2205 1772 2236 in
1805 2204 1943 2246 genitivo
1974 2206 2086 2236 horum

1131 2279 1271 2299 vasum.«
1296 2266 1400 2299 Gnor.
1416 2285 1464 2291 -—
1485 2267 1583 2299 Haud
1607 2267 1784 2312 perspicio,
1813 2280 1870 2299 eur
1896 2279 1977 2311 quae
2001 2267 2085 2297 bona

1132 2335 1222 2362 erant
1246 2330 1429 2363 correxerit.
1466 2331 1502 2362 V
1500 2343 1591 2362 asum
1614 2337 1719 2363 tamen
1743 2330 1909 2374 rescripsi,
1937 2329 2010 2373 quia
2034 2340 2084 2360 se-

1132 2392 1260 2438 quentia
1282 2393 1489 2437 postulabant
1512 2393 1619 2439 itaque
1647 2395 1680 2426 in
1707 2395 1816 2427 codice
1837 2391 2084 2424 Darmstattensi

1131 2467 1149 2486 a
1169 2454 1269 2498 prima
1294 2466 1388 2486 manu
1419 2455 1571 2500 scriptum
1596 2456 1746 2488 videram.
1778 2456 1827 2485 Dc
1850 2465 1883 2484 rc
1909 2452 1977 2495 ipsa
2000 2452 2083 2485 cons.

1130 2515 1388 2549 Rudtlimanuum
1411 2516 1498 2561 (inst.
1523 2529 1569 2560 gr.
1592 2516 1663 2550 Lat.
1686 2516 1718 2556 Ι,
1743 2528 1774 2559 p.
1800 2515 1863 2545 111
1890 2512 2030 2556 Saum).

2115 691 2146 732 to

2145 692 2206 733 a
