2310 2860
683 135 879 178 Martiani
917 135 1114 192 Capellae
1152 137 1223 178 lib.
1248 136 1322 177 III.
1361 140 1391 189 ᾗ.
1416 138 1515 179 515.
2003 145 2089 186 515

137 243 373 298 conjugatio
395 240 545 283 eodem
573 241 701 283 modo
731 242 881 284 eodem
902 251 1095 298 tempore
1121 243 1258 299 specie
1288 244 1553 287 recordativa
1586 247 1753 301 adjectis
1785 248 1839 290 ad
1868 249 2088 306 imperati-

137 337 243 365 vum
275 323 455 364 modum
484 339 537 365 ve
563 333 602 364 et
634 338 729 365 ram
753 324 925 379 syllabis
949 324 995 364 M
1019 325 1216 366 terminat
1239 335 1401 381 partes,
1435 336 1481 368 ut
1503 342 1698 369 commea
1722 344 2087 382 commeaveram,

134 406 247 447 lania
274 406 558 456 laniaveram,
589 415 735 446 aestua
769 415 1077 446 aestuaveram.
1131 406 1273 447 Prima
1303 407 1540 461 conjugatio
1567 407 1716 449 eodem
1741 409 1869 450 modo
1895 418 2088 465 tempore

134 486 280 528 futuro
307 486 466 541 adjecta
490 485 543 527 ad
566 485 870 541 imperativum
894 485 1070 526 modum
1104 484 1158 526 bo
1179 487 1344 540 syllaba
1370 488 1644 540 terminatur,
1676 499 1723 530 ut
1744 505 1939 531 commea
1965 505 2085 532 com-

133 568 309 619 meabo,
353 568 466 609 lania
492 567 684 618 laniabo,
725 575 872 607 aestua
900 566 1114 606 aestuabo.
1164 566 1289 616 Quae
1325 581 1428 612 vero
1460 566 1685 609 indicativo
1727 569 1853 610 modo
1890 580 2081 626 tempore

133 650 344 705 praesenti
373 648 425 690 ad
453 649 639 705 primam
682 663 908 704 personam
941 648 979 688 O
1010 648 1130 689 litera
1153 647 1272 690 nulla
1306 644 1583 704 praecedente
1617 650 1754 690 vocali
1788 652 2084 704 terminantur,

133 743 182 770 ea
217 730 445 773 indicativo
476 729 605 772 modo
632 740 825 785 tempore
852 729 1076 785 praeterito
1101 730 1242 784 specie
1267 730 1460 771 absoluta
1491 739 1531 771 et
1563 740 1708 772 exacta
1735 742 1920 786 quatuor
1943 734 2083 776 modis

133 811 425 865 proferuntur.
494 812 549 852 Et
587 821 646 853 est
684 812 849 867 primus
890 811 1066 862 modus,
1107 812 1182 866 qui
1221 811 1403 852 similem
1443 810 1507 852 his
1545 811 1739 866 regulam
1779 813 1927 865 habet,
1974 830 2085 870 quae

132 892 359 935 indicativo
387 892 516 934 modo
544 902 736 948 tempore
760 892 967 948 praesenti
1001 892 1140 947 prima
1167 906 1346 947 persona
1376 892 1658 947 penultimam
1692 894 1885 936 vocalem
1916 896 2086 948 liabent,

132 984 178 1015 ut
210 989 306 1015 amo
339 989 435 1016 ama
468 974 611 1015 amavi
647 974 845 1014 amabam
884 987 1130 1015 amaveram
1166 974 1319 1014 amabo
1349 989 1505 1015 amare.
1568 975 1789 1016 Secundus
1820 986 1900 1028 est,
1941 978 2016 1033 qui
2047 979 2085 1020 Ο

131 1057 173 1096 in
206 1055 225 1096 I
256 1055 482 1105 convertit,
531 1064 570 1095 et
606 1054 888 1110 penultimam
925 1054 969 1094 in
1008 1055 1233 1111 praeterito
1267 1055 1474 1109 perfecto,
1513 1064 1552 1095 et
1584 1056 1748 1097 tertiam
1780 1057 1833 1097 ab
1864 1058 2012 1100 ultima
2045 1059 2086 1099 in

131 1134 554 1191 plusquamperfecto
605 1133 822 1189 producit,
884 1144 931 1175 ut
983 1134 1140 1188 adjuvo
1203 1135 1352 1189 adjuvi
1415 1135 1684 1189 adjuveram.
1769 1138 1964 1189 Tertius,
2012 1139 2088 1193 qui

129 1217 313 1257 similem
352 1215 528 1270 quidem
567 1215 762 1269 regulam
806 1223 918 1255 tenet
961 1216 1089 1270 primi
1133 1216 1271 1268 modi,
1313 1216 1387 1258 sed
1427 1216 1613 1258 detracta
1642 1218 1680 1258 A
1709 1218 1831 1260 litera
1868 1219 2088 1275 disjungit,

131 1305 178 1336 ut
215 1311 309 1336 seeo
352 1296 467 1336 secui
508 1296 707 1336 secabam
753 1296 905 1336 secabo
944 1311 1100 1338 secare.
1169 1300 1288 1341 Facit
1326 1299 1440 1340 enim
1481 1301 1619 1355 specie
1666 1300 1857 1341 absoluta
1894 1302 2011 1342 secui
2051 1312 2090 1342 ct

134 1385 278 1417 exacta
310 1391 545 1416 secueram.
606 1376 772 1424 Quarta
802 1385 881 1425 cst,
927 1391 1038 1430 quae
1069 1393 1145 1432 per
1175 1380 1504 1433 geminationem
1535 1382 1726 1435 syllabae
1769 1382 2006 1436 profertur,
2044 1391 2091 1422 ut

135 1466 195 1497 sto
227 1465 286 1496 sta
319 1455 408 1496 steti
440 1455 604 1495 stabam
644 1464 841 1495 steteram
877 1456 995 1496 stabo
1033 1465 1156 1497 stare.
1217 1458 1329 1497 Huic
1358 1458 1494 1497 simile
1525 1458 1579 1498 do
1611 1459 1666 1499 da
1697 1459 1794 1499 dedi
1824 1459 1983 1501 dabam
2013 1460 2089 1501 de-

134 1536 282 1577 deram
329 1535 439 1575 dabo
479 1533 581 1575 dare
626 1544 820 1590 correpta
856 1535 975 1577 litera
1020 1536 1056 1575 A
1099 1545 1241 1577 contra
1280 1537 1475 1592 regulam
1514 1538 1555 1579 in
1596 1554 1644 1580 eo
1686 1539 1804 1595 quod
1843 1549 1902 1582 est
1931 1539 2088 1582 dabam

131 1616 182 1656 da
190 1616 242 1656 bo
275 1615 378 1656 dare
410 1615 638 1670 profertur.

657 1733 736 1774 DE
782 1732 1057 1774 SECUNDA
1088 1732 1560 1778 CONJUGATIONE.

300 1839 520 1881 Secundae
551 1839 857 1894 conjugationis
882 1839 1016 1879 verba
1047 1838 1273 1883 indicativo
1299 1843 1431 1891 modo,
1451 1853 1643 1899 tempore
1675 1846 1882 1900 praesenti
1906 1861 2089 1902 persona
2117 1881 2127 1894 .

132 1921 270 1976 prima
309 1935 357 1961 eo
395 1921 524 1962 literis
562 1920 865 1970 terminantur,
909 1929 957 1960 ut
986 1919 1110 1961 video
1142 1923 1281 1974 vides,
1324 1939 1477 1965 moneo
1509 1941 1671 1967 mones.
1735 1926 1954 1968 Secundae
1987 1942 2086 1967 con-

130 2002 353 2057 jugationis
398 2001 531 2043 verba
580 2000 833 2055 imperativo
882 1998 1010 2040 modo
1063 2007 1256 2055 tempore
1312 2005 1520 2058 praesenti
1564 2005 1617 2046 ad
1662 2006 1894 2048 secundam
1940 2022 2086 2062 perso-

131 2124 236 2149 tamen
258 2117 418 2149 varietatis
446 2117 567 2157 inveni,
592 2116 653 2148 nisi
677 2117 763 2160 quod
784 2130 801 2149 a
823 2117 985 2149 codicibus
1006 2114 1082 2147 Rei·
1135 2116 1212 2147 tium
1234 2129 1427 2151 secaveram.
1465 2120 1618 2152 Ceterum
1643 2127 1679 2152 ut
1701 2122 1893 2154 Martianum
1915 2123 2084 2163 intelligas,

131 2179 323 2211 chenauensi
351 2185 383 2211 et
410 2179 657 2211 Darmstattensi
682 2180 773 2211 abest
796 2181 888 2220 item,
918 2179 951 2212 in
971 2180 1082 2212 Mona·
1135 2180 1346 2223 reputandum
1365 2186 1429 2221 est,
1455 2181 1580 2214 literam
1597 2183 1630 2216 V
1648 2189 1679 2214 et
1694 2184 1899 2216 consonantis
1915 2190 1947 2216 et
1967 2183 2085 2216 vocalis

133 2243 219 2274 censi
247 2243 312 2286 (C)
343 2249 447 2275 autem
478 2255 537 2288 pro
575 2245 757 2288 eonjuyatio
787 2243 904 2286 legitur
935 2244 1084 2288 conj-uqa-
1136 2244 1198 2275 vim
1219 2244 1352 2284 hahere,
1379 2249 1413 2275 ut
1435 2257 1475 2276 ex
1498 2247 1554 2277 (ιυί
1572 2246 1674 2288 ejecta
1694 2246 1727 2279 Α
1750 2254 1911 2280 remaneat
1938 2249 1981 2279 ui.

133 2305 225 2335 tione.
1211 2304 1338 2351 dabam]
1367 2305 1523 2350 Supplevi
1544 2309 1606 2341 hoc
1628 2321 1646 2341 e
1671 2309 1833 2342 codicibus
1854 2310 2083 2341 Darmstatten-

208 2364 308 2409 tenet]
330 2365 379 2396 lta
395 2365 600 2398 Monacensis
620 2368 722 2400 codex
744 2367 832 2399 dedit
854 2379 911 2412 pro
928 2366 1084 2401 Grotiaua
1136 2367 1163 2398 si
1191 2372 1223 2398 et
1243 2368 1431 2400 Monacensi
1455 2368 1531 2413 (C),
1558 2376 1594 2402 ut
1613 2371 1775 2403 conforme
1797 2370 1975 2414 exemplum
1997 2373 2083 2399 esset

135 2427 271 2459 lectione
302 2429 412 2466 habet,
439 2428 530 2470 cujus
554 2435 617 2462 tam
643 2432 771 2468 crebrae
798 2432 996 2475 repetitionis
1019 2437 1084 2463 tae-
1135 2430 1344 2463 antecedenti.

134 2489 239 2521 debat.
1209 2499 1246 2525 ut
1273 2491 1380 2538 video]
1408 2492 1566 2539 Supplevi
1589 2501 1625 2528 ut
1647 2495 1731 2539 apud
1759 2493 1906 2527 Grotium
1931 2492 2082 2524 omissum

207 2550 365 2597 secatam]
392 2551 441 2585 Ita
457 2553 630 2587 anteriores
648 2568 706 2600 pro
726 2564 875 2602 corrupto
895 2557 979 2602 apud
1000 2556 1082 2590 Gro-
1135 2563 1199 2589 tam
1233 2569 1273 2590 ex
1312 2558 1522 2591 anterioribus
1560 2558 1770 2597 editionibus,
1821 2567 1915 2601 quam
1945 2568 1962 2588 0
1997 2555 2082 2589 codi-

1608 2616 1686 2653 40*

2112 577 2143 618 01

2149 577 2178 616 ’τ’

2178 576 2201 616 μὴ
