2310 2860
190 160 251 202 26

796 150 996 193 Martiani
1026 147 1228 205 Capellae
1257 146 1330 190 lib.
1358 145 1390 189 Ι.
1429 148 1461 199 §.
1482 147 1522 188 7.

193 267 265 308 bat
285 265 515 320 ingenium.
547 261 630 303 Sed
654 261 753 316 ipsis
777 259 928 301 diebus
951 259 1058 300 forte
1080 255 1280 298 immensi
1311 255 1468 295 amoris
1491 254 1775 311 impatientia,
1807 253 1920 296 ultro
1940 254 2147 310 juvenem

135 344 162 383 7
193 356 358 397 secuta,
387 343 573 400 Apollini
603 342 744 383 fuerat
775 341 982 398 copulata.
1027 336 1178 380 Voluit
1207 335 1356 377 saltem
1387 334 1660 377 Entelechiae
1691 350 1739 377 ao
1768 334 1875 377 Solis
1904 333 2040 378 filiam
2068 350 2147 392 po-

197 454 281 486 891.
297 451 370 484 919
386 450 422 495 s.)
436 454 469 481 et
485 449 523 482 cf.
537 448 705 481 Davisium
721 447 774 492 (ad
784 447 853 480 Cic.
867 447 906 478 de
922 446 982 478 div.
1000 447 1032 486 1,
1052 446 1098 478 51
1117 457 1148 476 ιι.

195 517 226 548 6.
248 527 278 558 p.
300 512 369 557 71).
394 512 551 554 Enallage
573 511 626 544 vel
649 510 854 543 Graecismus
875 514 925 541 est
948 508 1095 553 (WVurm.
1114 507 1148 538 in

193 576 343 608 Dinarch.
354 587 383 618 p.
396 573 492 617 142),
511 585 575 618 quo
592 577 704 605 noster
718 584 784 604 non
798 571 902 603 solum
913 570 994 602 iun-a
1007 568 1048 614 (ξ.
1063 567 1147 611 121)

192 637 298 670 verbis
323 635 570 679 »decentiorque
599 634 768 667 coelitum«
799 633 917 673 utitur,
961 632 1019 663 sed
1050 642 1146 674 saepe

191 700 367 733 Martianus
384 699 559 744 positivum
585 698 680 730 etiam
704 710 776 730 cum
810 696 952 729 secundo
975 707 1052 727 casu
1072 694 1148 736 jun-

192 770 277 795 ctum
298 775 357 807 pro
381 763 575 807 superlativo
592 762 684 806 ponit
698 760 739 806 (ἓ.
753 761 810 793 54.
832 762 890 792 88.
916 758 1022 802 639),
1051 769 1147 802 quem

191 827 386 869 grammatici
402 826 648 871 »superlativum
661 824 924 869 comparationis«
941 828 1064 856 vocant.
1082 822 1146 854 Co-

191 891 315 922 dicibus
344 903 440 934 snpra
471 889 608 921 laudatis
645 890 725 920 addc
747 889 984 927 Dresdensem,
1024 887 1059 918 in
1082 897 1146 930 quo

192 954 370 984 »Pronoee's
381 953 532 996 majorem
542 951 684 994 filiarum
693 965 703 977 κ
713 949 860 991 legimus.
876 949 976 992 Quod
986 948 1146 992 reliquum

190 1020 256 1054 est,
278 1013 514 1054 Zinzerlingius
536 1013 707 1056 nmnjorem
719 1012 878 1054 filiarum«
903 1022 968 1042 non
990 1022 1048 1054 pro
1070 1015 1147 1040 natu

188 1077 342 1117 maxima,
383 1077 440 1107 sed
471 1076 579 1120 potius
613 1087 673 1119 pro
706 1075 981 1119 praestantissima
1012 1074 1144 1117 accepit.

258 1139 427 1182 providam
454 1135 709 1181 perspicacioris]
746 1136 955 1167 »Praevidum
984 1135 1145 1179 perspica-

186 1201 296 1232 tir-ris«
327 1201 373 1232 ita
398 1213 457 1232 ms.
474 1200 564 1231 Leid.
585 1199 686 1231 Gonz.
706 1217 755 1222 —-
781 1199 879 1230 Haud
906 1199 972 1230 scio
1002 1211 1059 1229 cur
1085 1210 1144 1242 pro

187 1265 273 1296 bona
298 1265 413 1295 malam
439 1263 632 1294 substituere
662 1263 800 1294 voluerit
825 1262 1005 1294 lectionem.
1042 1263 1143 1294 Prae-

186 1327 297 1358 vidum
314 1325 399 1357 enim
420 1337 483 1357 vox
499 1324 640 1355 inaudita
663 1329 728 1363 est,
752 1325 922 1367 providum
945 1324 1064 1355 nemini
1078 1336 1144 1355 non

187 1393 281 1428 nota,
308 1392 341 1419 ct
358 1392 432 1431 apta
454 1398 530 1417 sane
551 1386 624 1417 huic
644 1385 717 1416 loco
739 1385 821 1429 (Cic.
838 1385 899 1416 div.
926 1386 967 1424 2,
996 1386 1053 1417 57.
1071 1385 1142 1416 Liv.

186 1452 254 1491 25,
283 1450 354 1494 56).
389 1450 457 1482 Sed
473 1450 715 1492 perspicacioris
733 1460 750 1479 c
769 1448 950 1488 Bongarsio
974 1459 1013 1478 eo
1039 1448 1140 1489 magis

185 1513 309 1556 recepi,
343 1513 430 1555 quod
452 1512 485 1542 in
506 1511 659 1552 IIugiano
682 1510 791 1541 codice
814 1515 964 1554 corrupta
985 1522 1048 1542 vox
1070 1523 1141 1554 pro-

185 1578 320 1621 spiearis
343 1575 430 1606 illius
453 1575 548 1606 etiam
570 1573 705 1615 vestigia
722 1574 839 1617 prodit.

260 1634 474 1680 impatientia]
492 1635 619 1667 Eodem
639 1646 737 1665 sensu
749 1633 933 1677 Appulcjus
951 1632 1089 1676 (metam.
1104 1633 1141 1672 2,

185 1713 215 1745 p.
236 1699 337 1742 106)=
360 1698 510 1729 »Lacinia
531 1702 653 1729 remota
673 1698 906 1741 impatientiam
925 1697 1062 1728 Veneris
1078 1697 1105 1728 F
1107 1708 1140 1728 o-

184 1763 243 1795 tidi
269 1773 358 1794 meae
381 1766 581 1792 monstrans«
603 1765 662 1793 cet.

263 1830 311 1855 est
332 1821 456 1867 secuta]
487 1822 584 1854 Certe
611 1821 725 1853 melius
748 1822 809 1853 hoc
833 1833 927 1865 quam
950 1821 1141 1854 Grotianum

187 1891 358 1919 consecula
376 1883 584 1915 eBasilccnsi
604 1883 714 1914 codice
731 1883 858 1926 recepi,
883 1884 940 1915 sed
957 1883 1053 1927 paulo
1067 1887 1143 1926 post

188 1947 402 1991 copulativum
417 1951 448 1977 et
470 1957 487 1976 e
511 1944 706 1975 variantibus
729 1943 763 1976 in
783 1944 866 1976 libro
879 1944 1143 1986 Norimbergensi

186 2010 391 2042 inserendum
417 2021 482 2040 non
507 2008 593 2039 duxi.

262 2071 481 2117 Entelechiae]
507 2071 649 2113 Attingit
672 2071 722 2103 hic
748 2071 893 2115 Psyches
915 2072 1072 2112 fabulam,
1103 2072 1142 2104 de

187 2145 251 2178 qua
287 2132 462 2177 Apulejum
496 2133 632 2174 legimus
667 2138 700 2164 ct
724 2133 751 2164 F
755 2133 939 2175 ulgentium.
996 2133 1142 2178 Scripse-

188 2201 264 2228 runt
297 2197 336 2227 dc
369 2208 405 2227 ea
438 2201 469 2226 et
489 2195 693 2227 Saturantius
726 2202 759 2228 ct
783 2195 1042 2240 AristophanteS.
1083 2196 1142 2228 Al-

188 2260 272 2292 ludit
287 2264 393 2290 autem
408 2259 458 2290 hie
475 2259 514 2289 ad
535 2259 752 2291 definitionem
761 2259 1001 2291 Aristotelieam
1019 2261 1140 2306 ψυχή

191 2322 295 2358 ε’ὔτιν
318 2320 540 2365 ἐντελέχεια
559 2319 583 2366 ἡ
614 2319 749 2368 πρώτη
772 2319 952 2366 σώματος
975 2327 1144 2371 φυσικοῦ

190 2384 299 2432 ζωὴν
321 2386 489 2430 ἔχοντος
510 2380 681 2428 δυνάμει.
724 2385 780 2418 Sic
804 2386 903 2418 iufra:
929 2386 1142 2420 »Aristotcles

189 2460 248 2492 per
274 2447 356 2479 coeli
378 2457 507 2489 quoquc
536 2445 568 2489 (l.
587 2446 689 2477 obiter
710 2459 856 2494 quaeque
878 2460 918 2480 ex
937 2448 1046 2480 codice
1065 2449 1141 2481 Vei-

191 2508 308 2551 eetino)
337 2507 474 2540 culmina
500 2506 721 2538 Entelechiam
752 2509 971 2552 scrupulosius
1000 2510 1141 2554 require·

192 2571 272 2603 bata·
302 2569 464 2603 Gnor.--
510 2569 624 2602 Utrum
642 2570 857 2613 Endelechia,
889 2585 928 2604 an
953 2573 1141 2606 Entelechia

1199 444 1296 476 scribi
1310 444 1441 485 debeat,
1459 443 1569 476 multis
1589 443 1658 486 jam
1677 444 1874 490 disputatum
1892 449 1951 476 est.
1977 442 2050 486 Ego
2074 455 2151 475 sane

1197 504 1244 541 τὸ
1264 507 1464 541 Endelechia
1479 508 1662 552 amplector.
1689 508 1745 541 Sic
1767 509 1872 553 ipsum
1893 508 2034 540 animum
2052 507 2150 542 ἑνδε-

1199 569 1363 616 λέχειαν
1393 573 1534 618 appellat
1563 584 1648 605 novo
1676 572 1824 613 nomine,
1867 571 1960 616 quasi
1994 569 2152 614 quandam

1199 634 1415 666 continuatam
1441 635 1616 667 motionem
1640 640 1673 667 et
1697 645 1880 678 perennem.
1898 633 1966 666 Cic.
1988 632 2098 664 Davis.
2119 631 2152 663 in

1198 697 1300 738 ejusd.
1332 699 1467 742 Quaest.
1497 698 1630 731 Tuscul.
1657 711 1689 742 p.
1714 697 1781 738 25,
1819 697 1853 728 4.
1880 695 1981 729 Gonz.
1999 713 2049 720 --
2085 694 2152 728 vix

1197 762 1294 793 credo
1315 763 1376 794 hoe
1400 762 1568 795 Ciceronis
1593 763 1704 808 (Tusc.
1725 762 1757 802 1,
1787 759 1846 804 10)
1863 760 1937 792 loeo
1958 760 2045 792 illius
2063 759 2152 792 vocis

1199 824 1456 867 orthographiam
1475 823 1605 868 probari
1627 835 1734 869 posse.
1760 822 1836 855 Non
1854 821 1939 854 enim
1956 827 2042 854 certa
2055 820 2152 854 lectio

1197 892 1266 926 est,
1303 887 1462 931 siquidem
1480 887 1614 919 Ernesti
1637 886 1684 931 (in
1705 886 1783 918 clav.
1801 886 1870 919 Cic.
1894 883 2023 929 Graec.)
2045 884 2152 929 potius

1195 944 1439 993 Ἐντελὲχεια
1468 948 1546 990 legit
1565 949 1735 993 ipsumque
1756 947 1922 979 Davisium
1946 947 2153 990 interpretem

1196 1010 1410 1054 reprehendit.
1439 1009 1508 1042 Sed
1522 1016 1592 1042 utro
1612 1010 1708 1042 modo
1726 1021 1842 1044 vocem
1858 1008 2043 1054 scripseris,
2066 1013 2152 1039 reete

1196 1071 1319 1103 seceris.
1369 1072 1525 1115 Quamvis
1558 1072 1642 1104 enim
1667 1071 1831 1104 Lucianus
1858 1071 1936 1115 (jud.
1959 1070 2061 1103 vocal.
2093 1068 2152 1113 10)

1197 1133 1386 1173 contendat,
1413 1134 1618 1165 scribendum
1646 1143 1719 1165 esse
1741 1131 2009 1177 ἐνδελέχειαν,
2037 1131 2153 1164 Corin-

1196 1195 1282 1226 thius
1315 1200 1421 1227 tamen
1454 1195 1564 1227 docuit
1591 1195 1685 1227 attice
1723 1193 1974 1238 ἐντελέχειαν
2004 1192 2153 1237 usurpari

1195 1256 1309 1300 (Maia.
1336 1256 1408 1288 dial.
1439 1257 1478 1288 ab
1511 1256 1579 1288 init.
1613 1256 1659 1288 lit.
1683 1256 1734 1300 T).

1192 1318 1302 1350 Naelae
1318 1318 1371 1362 (ad
1387 1319 1512 1360 Fragm.
1523 1318 1668 1350 Choerili
1683 1330 1714 1362 p.
1728 1316 1813 1360 173)
1827 1317 1867 1348 ad
1884 1317 2046 1348 diversum
2063 1315 2153 1347 vocis

1195 1391 1325 1410 sensum
1343 1380 1518 1423 respiciens
1537 1380 1688 1424 disputat.
1728 1379 1805 1421 Quo
1830 1383 1936 1409 autem
1958 1377 2054 1409 modo
2077 1376 2152 1408 Axi-

1782 1256 1878 1288 Adde
1911 1256 2043 1299 insuper
2071 1266 2152 1298 qnae

1195 1443 1344 1474 stotelem
1372 1443 1552 1475 Martianus
1581 1442 1797 1482 intellexerit,
1841 1453 1883 1474 ex
1906 1440 2052 1473 inferiori
2079 1440 2152 1473 loco

1193 1504 1234 1550 (ξ.
1255 1505 1340 1550 755)
1359 1511 1465 1549 patet,
1492 1507 1546 1537 ubi
1569 1506 1666 1537 tradit
1695 1510 1852 1548 »quatuor
1874 1504 2042 1536 elementis
2059 1504 2150 1548 quiu-

2080 1580 2152 1599 uam

1194 1628 1323 1672 quidem
1336 1628 1526 1660 sententiam
1540 1628 1706 1672 popularis
1721 1628 1791 1670 ejus
1803 1627 1969 1660 Arnobius
1985 1628 2031 1672 (2.
2044 1568 2150 1674 ἓ48)

1194 1574 1261 1599 tum
1282 1579 1354 1600 csse
1379 1568 1579 1608 addendum,
1620 1568 1770 1599 videlicet
1800 1568 1980 1599 mundaum«

1193 1690 1365 1722 Aristoteli
1391 1691 1554 1734 expressis
1577 1691 1684 1723 verbis
1708 1691 1903 1723 attribuerat.
1941 1692 2028 1724 Male
2055 1692 2150 1725 etiam

1195 1753 1338 1786 Goezius
1362 1755 1402 1786 ad
1424 1756 1510 1787 hunc
1529 1755 1637 1788 locum
1667 1757 1757 1787 affert
1776 1756 1987 1796 Ciceronem,
2020 1756 2076 1800 qui
2109 1768 2149 1789 ex

1193 1816 1372 1849 Aristotele
1399 1817 1623 1849 Entelechiam
1652 1818 1798 1861 quintum
1829 1818 2057 1862 interpretatur
2084 1818 2147 1850 ele—

1194 1885 1346 1920 mentum,
1374 1879 1509 1911 auimam
1529 1879 1626 1921 igitur
1648 1879 1758 1910 mundi
1776 1879 1897 1923 ipsam3
1924 1891 2023 1923 quum
2039 1880 2148 1924 potius

1194 1947 1305 1974 noster
1333 1941 1470 1973 hominis
1495 1941 1632 1973 animam
1654 1941 1755 1984 filiam
1784 1953 1856 1973 esse
1887 1941 1929 1986 (v.
1946 1943 2082 1986 Pythag.
2097 1954 2146 1987 ap.

1195 2003 1264 2036 Cic.
1298 2003 1332 2035 in
1357 2003 1398 2036 N.
1420 2003 1461 2034 D.
1493 2004 1533 2044 1,
1566 2004 1621 2034 11.
1653 2008 1687 2034 ct
1715 2003 1843 2035 Platon.
1874 2003 1909 2035 in
1931 2004 2016 2036 Phil.
2040 2016 2072 2048 p.
2096 2005 2146 2036 50

1195 2066 1322 2112 Steph.)
1364 2067 1592 2108 Entelcehiae‚
1618 2067 1685 2100 sive
1715 2069 1837 2100 animae
1860 2069 1987 2108 mimdi,
2023 2069 2145 2101 doceat.

1194 2130 1222 2162 E
1247 2142 1305 2161 sua
1329 2130 1413 2161 enim
1439 2130 1598 2161 sententia
1618 2129 1679 2162 Sol
1702 2136 1794 2174 pater
1816 2136 1880 2170 est,
1920 2136 2021 2161 mater
2041 2131 2144 2164 anima

1195 2192 1323 2232 mundi,
1366 2192 1417 2223 eui
1457 2192 1662 2224 continuatus
1699 2204 1736 2224 ae
1769 2192 1921 2236 perennis
1954 2192 2144 2225 adscribitur

1194 2260 1309 2287 motus.
1335 2255 1462 2287 Pariter
1479 2256 1593 2287 horum
1617 2254 1717 2294 filiae,
1743 2252 1816 2299 τῆς
1837 2253 2002 2301 Ψυχῆς,
2029 2256 2141 2288 motio-

1195 2331 1268 2351 nem
1289 2319 1474 2351 eireularem
1492 2331 1564 2351 esse
1581 2319 1842 2351 Neo-Platonici
1863 2319 2021 2352 docebant
2052 2320 2140 2365 (Plu-

1195 2386 1291 2416 tarch.
1309 2384 1348 2416 de
1367 2384 1460 2416 anim.
1476 2391 1631 2428 procreat.
1646 2396 1678 2428 p.
1691 2384 1798 2415 1015.
1824 2383 1994 2417 JamineI1.
2012 2392 2140 2430 myster.

1191 2447 1273 2488 Aeg.
1293 2448 1325 2485 7,
1350 2447 1383 2478 2.
1421 2447 1560 2478 Hermes
1589 2459 1638 2492 ap.
1660 2444 1837 2478 Stobaeum
1859 2447 1917 2480 ecl.
1937 2449 1976 2488 1,
2009 2449 2075 2489 52,
2108 2451 2139 2481 5.

1192 2522 1223 2554 p.
1240 2510 1312 2541 807
1331 2508 1461 2553 Hecu),
1488 2509 1576 2553 qnod
1596 2509 1702 2553 ipsum
1718 2508 1912 2550 Alcmaeon,
1937 2511 2139 2555 Pythagorae

1192 2573 1318 2606 auditor
1344 2573 1450 2618 (mog.
1470 2574 1576 2606 Laert.
1595 2574 1630 2615 8,
1663 2574 1721 2607 85.
1748 2586 1779 2620 p.
1796 2575 1869 2608 542
1888 2574 2052 2620 Meibom.)
2071 2575 2138 2618 jam
