2310 2860
728 149 927 192 M-artiani
967 149 1166 207 Capellae
1207 150 1278 192 lib.
1302 149 1334 192 I.
1365 152 1396 203 ᾗ.
1420 150 1494 192 94.

2037 155 2093 168 'U

2011 156 2095 196 100

532 259 586 300 Et
615 258 764 300 nostris
795 258 1017 300 cumulent
1048 268 1160 300 astra
1189 258 1425 314 nepotibus.

303 338 385 380 Sed
417 348 643 395 postquam
675 340 839 397 Jupiter
878 339 1008 381 finem
1047 340 1253 396 loquendi
1294 340 1408 391 fecit,
1453 341 1590 382 omnis
1630 341 1812 384 deorum
1844 353 2011 384 senatus
2043 344 2086 385 in
2116 342 2176 384 94

134 418 386 476 suffragium
413 421 668 473 concitatur,
699 422 1024 477 acelamantque
1046 422 1185 463 cuncti
1216 421 1306 463 lieri
1339 421 1530 477 protinus
1556 433 1772 478 oportere,
1805 424 2097 481 adjiciuntque

133 501 363 542 sententiae
384 502 558 554 Joviali,
590 512 637 544 ut
658 503 856 559 deinceps
884 504 1104 555 mortales,
1136 518 1243 559 quos
1277 503 1386 545 vitae
1417 504 1586 559 insignis
1626 505 1746 546 elatio
1780 515 1819 546 et
1852 507 2096 547 maximum

135 582 308 624 culmen
338 585 593 626 meritorum
625 586 933 641 ingeniumque
971 587 1013 626 in
1047 586 1281 640 appetitum
1307 584 1499 625 coelitem
1524 586 1878 642 propositumque
1904 588 2094 629 sidereae

136 665 373 722 cupiditatis
398 668 615 719 extulerit,
644 668 686 709 in
711 668 893 710 deorum
917 682 1153 709 numerum
1176 676 1449 722 cooptentur,·
1482 681 1529 708 ac
1561 683 1661 708 mox
1693 668 1800 710 inter
1833 669 1955 720 alios,
1988 685 2095 725 quos
2125 668 2184 710 95

133 761 233 804 lejum
261 764 346 808 apud
372 776 467 808 quem
495 764 582 808 (met.
605 765 640 796 G.
670 777 701 808 p.
718 765 792 797 426
822 764 924 809 01111.)
963 764 1093 809 Jupiter

134 823 296 857 Venerem
313 826 487 859 allocutus:
502 811 580 858 nnec
598 832 662 866 tu«,
680 827 795 871 inquit,
818 827 898 858 »filia
918 827 1092 871 quidquam

135 889 342 930 contristare,
369 903 430 923 nec
449 891 619 935 prosapiae
640 897 747 923 tantae
768 897 841 923 tuae
865 891 1026 935 statuique
1052 891 1091 922 de

134 951 335 984 matrimonio
357 953 484 984 mortali
510 958 642 985 metuas.
668 953 744 985 Jam
766 954 841 985 saxo
867 954 996 997 nuptias
1026 966 1092 984 non

133 1012 290 1057 impares«
317 1020 377 1046 cet.
425 1015 476 1045 De
507 1015 640 1046 deorum
675 1015 825 1057 conjugio
857 1015 970 1059 impari
1000 1016 1091 1059 plura

134 1075 206 1107 vide
222 1076 307 1119 apud
323 1075 477 1107 Nonnum
492 1076 564 1120 (10.
588 1089 619 1121 p.
638 1077 711 1108 276
724 1076 847 1120 Fabn).
862 1077 971 1109 Verba
985 1082 1091 1108 autem

133 1141 246 1169 noster
267 1137 382 1169 sumsit
405 1149 424 1169 0
455 1138 593 1183 Virgilio
621 1137 721 1182 (Aen.
740 1139 781 1179 4,
814 1139 899 1183 105)
922 1139 978 1170 ubi
1001 1139 1090 1170 «Iuno

133 1198 257 1232 Veneri
276 1200 366 1232 dicit:
387 1216 399 1229 n
404 1201 537 1244 paribus
557 1212 706 1242 regamus
724 1203 913 1244 anspieiisu,
939 1201 1000 1232 alio
1016 1201 1093 1233 lieet

137 1275 246 1296 sensu.
267 1264 424 1307 Auspicia
446 1263 531 1296 enim
550 1265 611 1296 1100
634 1265 707 1296 1000
731 1267 824 1296 inilia
847 1265 915 1297 sive
936 1267 1092 1309 originem

137 1324 314 1366 significare
342 1325 496 1366 arbitror,
533 1326 611 1358 lieet
647 1327 742 1358 etiam
771 1327 811 1358 ad
844 1328 1033 1371 myniadem
1060 1333 1093 1359 ct

135 1395 325 1432 potestatem
346 1389 459 1421 referri
491 1389 640 1433 possint,
675 1402 759 1434 quae
787 1390 823 1421 in
854 1391 1095 1432 magistratibus

136 1454 357 1485 Romanorum
375 1453 591 1497 auspiciorum
606 1453 682 1495 jure
703 1454 905 1486 cernebatur.

209 1515 314 1562 astra]
341 1517 381 1548 In
402 1517 497 1548 astris
519 1516 605 1548 enim
630 1517 708 1548 deos
734 1518 895 1558 habitare,
923 1518 1000 1562 quin
1024 1518 1095 1562 ipsa

137 1579 233 1612 etiam
263 1580 342 1611 deos
377 1591 450 1610 esse
481 1591 553 1610 cum
576 1579 760 1621 Pythagora
789 1580 897 1622 (mog.
924 1580 1031 1610 Lat-rt.
1058 1582 1093 1620 8,

135 1642 194 1674 27.
207 1655 239 1686 p.
255 1643 327 1674 509
344 1640 456 1683 Meib.)
473 1640 566 1672 finxit
582 1640 763 1672 Martianus
782 1639 826 1684 (ξ
842 1642 900 1672 91.
917 1641 964 1672 97
984 1641 1094 1685 ibique

136 1705 227 1750 not.).
257 1705 486 1737 Extremorum
513 1715 574 1736 sex
600 1715 753 1736 versuum
776 1703 873 1745 igitur
898 1715 1014 1736 sensus
1042 1704 1096 1736 hie

137 1779 211 1800 esse
233 1767 378 1800 videtur·-
400 1766 497 1810 nQuo
520 1765 600 1797 nihil
631 1766 709 1810 (quo
735 1765 854 1810 minus)
884 1778 961 1808 ergo
993 1778 1096 1798 cunae

139 1831 259 1876 (ortus,
284 1829 419 1873 natales)
439 1830 543 1861 editae
563 1829 729 1874 (genitae,
742 1841 856 1873 nempe
879 1829 1093 1873 Philologiae)

139 1893 294 1934 officiant,
319 1892 515 1925 censendum
532 1890 650 1935 (vohis)
669 1891 793 1934 superi,
818 1891 937 1935 quique
960 1891 1005 1935 (et
1026 1891 1093 1935 qui)

138 1956 283 1989 recolitis
309 1953 557 2000 (recordamini)
587 1954 761 1998 crepundia
791 1960 897 1986 vestra
921 1954 1094 1999 (natalitio-

137 2030 211 2051 rum
230 2017 393 2062 mysteria)
417 2028 506 2049 saera
527 2011 634 2062 (ἱερὰ)
657 2015 762 2059 adytis
785 2015 959 2048 latentibus
988 2016 1097 2049 occul—

138 2088 218 2115 tare.
245 2081 432 2123 Jungantur
450 2079 563 2125 (igitur
585 2078 751 2123 uterque),
774 2092 850 2111 nam
871 2079 979 2120 decet,
1011 2080 1098 2124 pari-

90 2157 94 2160 ·
138 2147 200 2180 bus
231 2145 397 2190 auspiciis,
437 2149 471 2176 et
502 2143 666 2176 cumulent
701 2148 786 2175 astra
820 2144 940 2176 nostris
974 2143 1094 2188 (Jovis)

138 2208 310 2254 nepotibus
338 2206 434 2251 (conf.
459 2204 487 2250 ξ.
511 2206 571 2238 95.
599 2206 659 2237 97.
691 2205 776 2238 125.
807 2207 888 2238 155.
915 2211 983 2238 not.
1010 2208 1098 2239 811.

141 2274 214 2305 815
239 2273 262 2305 s.
284 2278 317 2304 et
339 2271 467 2303 Platon.
495 2270 535 2302 de
558 2269 620 2311 leg.
649 2270 704 2301 10.
735 2282 768 2313 p.
790 2270 864 2301 899
890 2269 1004 2314 Steph.
1027 2270 1097 2303 Cic.

142 2336 181 2368 de
204 2335 300 2368 divin.
317 2337 353 2376 1,
376 2336 432 2367 10.
449 2333 558 2366 Davis.
578 2333 618 2365 ad
635 2333 723 2365 Max.
741 2333 820 2377 Tyr.
838 2335 895 2374 17,
920 2335 951 2367 5.
972 2347 1004 2379 p.
1021 2335 1095 2367 517

142 2403 176 2431 et
205 2399 270 2439 17,
303 2397 360 2430 12.
385 2407 456 2440 pag.
486 2395 589 2440 577).
617 2394 802 2427 Macrobius
833 2395 917 2440 (Sat.
947 2397 986 2436 1,
1019 2395 1096 2440 25):

149 2457 290 2500 ,θεούς
313 2459 424 2492 dieunt
451 2458 557 2491 sidera
581 2463 614 2490 et
639 2459 750 2490 stellas
778 2454 858 2493 ἀπὸ
882 2457 954 2493 τοῦ
975 2457 1096 2500 θέειν,

142 2523 176 2556 id
204 2527 255 2556 est
277 2520 446 2569 τρέχειν,
475 2523 562 2565 quod
583 2534 711 2568 semper
733 2523 768 2555 iu
792 2535 890 2556 cursu
916 2522 1005 2555 siah«

216 2587 274 2620 sed
283 2583 467 2634 postquam]
481 2585 657 2619 Sallustius
671 2586 781 2632 (Catil.
799 2586 875 2631 55)=
897 2587 1098 2632 »Postquam

1144 762 1227 795 Cato
1251 763 1377 795 adsedit
1397 782 1444 786 —
1462 784 1508 788 -—
1528 765 1631 796 senati
1663 765 1827 797 decretum
1849 765 1900 807 fit,
1925 766 2017 798 sicuti
2046 767 2099 798 ille

1143 833 1340 859 censuerat«

1218 887 1475 936 acclmmmtqrw]
1502 889 1735 934 Imperatorum
1760 890 1886 922 demum
1911 898 2028 932 aetate,
2065 898 2100 923 nt

1142 952 1288 993 vitletur,
1319 965 1377 997 per
1403 953 1663 985 acclamationem
1693 960 1824 985 senatus
1852 956 1999 987 consulta
2018 957 2100 988 sacta

1143 1021 1218 1046 sunt
1244 1014 1343 1059 (Plin.
1368 1015 1460 1058 epist.
1476 1015 1512 1055 4,
1537 1016 1570 1046 9.
1597 1015 1770 1059 Capitolin.
1792 1016 1823 1047 in
1844 1017 1929 1048 Max.
1953 1023 1985 1049 et
2007 1018 2099 1049 Balb-

1143 1079 1179 1111 2.
1198 1079 1347 1110 Brisson.
1366 1080 1406 1111 110
1430 1079 1558 1111 formul.
1576 1079 1618 1119 2,
1644 1082 1702 1111 66.
1730 1094 1761 1124 p.
1782 1081 1877 1124 175).

1219 1141 1452 1190 azijieitmlqne]
1489 1144 1605 1175 Cicero
1643 1144 1804 1188 (Philipp.
1838 1146 1899 1184 15,
1940 1145 2009 1189 21)
2042 1145 2100 1177 ita:

1149 1203 1308 1237 »Servilio
1335 1205 1496 1236 assentior
1513 1211 1543 1236 et
1565 1206 1622 1237 hoc
1646 1207 1782 1248 arteplins
1811 1217 1957 1237 censeo«

1218 1267 1374 1314 coelitem]
1400 1269 1441 1301 Iu
1464 1269 1713 1301 Monacensibus
1742 1269 1794 1314 (B.
1814 1271 1854 1301 D.
1871 1270 1924 1313 E.)
1951 1276 1983 1302 et
2008 1270 2100 1302 Basi-

1142 1331 1247 1362 leensi
1274 1331 1393 1372 legitur
1420 1332 1579 1363 coelitum.
1608 1332 1787 1375 Utrumque
1810 1337 1932 1363 rectum
1953 1332 2100 1376 quidem,

1144 1394 1201 1426 sed
1221 1400 1361 1437 praestat
1380 1394 1510 1435 vulgata
1527 1394 1642 1435 lectio,
1666 1395 1925 1440 quandoquidem
1946 1395 2102 1428 difficilior

1144 1457 1211 1488 sive
1245 1457 1399 1489 audacior
1429 1457 1537 1500 potius
1569 1462 1601 1489 et
1631 1458 1782 1489 Martiani
1814 1459 1943 1500 ingenio
1978 1460 2099 1503 aptior,

1144 1518 1333 1562 praesertim
1368 1531 1467 1563 quum
1501 1518 1610 1550 statim
1644 1519 1757 1550 eadem
1788 1520 1891 1562 figura
1926 1521 2100 1553 »sideream

1143 1581 1369 1624 cupiditatem«
1400 1580 1573 1622 subjungat
1607 1592 1666 1624 pro
1697 1581 1856 1614 »siderum
1891 1583 2101 1627 cupiditate«,

1144 1653 1234 1673 more
1261 1642 1392 1685 antiqno
1423 1642 1509 1682 sere,
1542 1642 1626 1674 sieut
1655 1641 1776 1675 Accius
1810 1644 1876 1688 (ap.
1900 1645 1969 1677 Cic.
1994 1645 2035 1677 N.
2057 1646 2102 1679 D.

1144 1705 1184 1744 5,
1211 1703 1273 1747 26)
1298 1703 1473 1735 »familiare
1494 1704 1716 1747 parriciditnn«
1740 1705 1819 1736 dixit
1839 1717 1897 1749 pro
1922 1707 2101 1738 »familiaris

1145 1765 1280 1808 alicujus
1304 1765 1488 1810 panticidio.«
1532 1765 1651 1798 Sidera
1672 1772 1780 1798 autem
1804 1767 1904 1799 vitam
1929 1769 2102 1801 coelestem

1145 1830 1342 1872 significant,
1372 1835 1407 1861 ut
1433 1830 1525 1861 Pedo
1552 1829 1777 1862 Albinovanus
1802 1831 1896 1876 (eleg.
1920 1834 1954 1865 5.
1979 1834 2058 1877 27):

1202 1893 1308 1923 »Γὶυο
1332 1892 1413 1931 dia,
1438 1893 1484 1922 mi
1516 1904 1592 1924 care
1613 1904 1714 1924 senex
1724 1917 1738 1932 ,
1769 1900 1845 1938 pete
1869 1895 1974 1927 sidera
1996 1908 2097 1928 seron·

1224 1956 1259 1985 ιή
1280 1952 1424 1999 deorum]
1451 1955 1500 1986 Ita
1520 1954 1555 1986 in
1574 1955 1682 1999 lapide
1702 1957 1842 2000 quodam
1864 1958 2035 2001 sepulcrali
2057 1958 2104 2002 (in

1145 2016 1277 2049 Velseri
1298 2028 1350 2061 op.
1373 2030 1407 2061 p.
1426 2017 1514 2060 418)
1541 2017 1697 2059 legimusx
1717 2018 1877 2051 »animula
1903 2021 1938 2051 in
1971 2021 2104 2052 deorum

1146 2093 1317 2112 ’timuerunt
1351 2087 1508 2125 receptam
1555 2081 1633 2112 Alia
1666 2083 1813 2127 exempla
1841 2083 1984 2116 invenies
2019 2085 2103 2129 apud

1145 2143 1327 2174 Diodorum
1348 2143 1401 2187 (5,
1426 2144 1486 2175 36.
1509 2143 1545 2182 4,
1570 2142 1649 2186 24),
1674 2143 1930 2187 Quinctilianum
1952 2147 2005 2191 (5,
2025 2148 2058 2187 7,
2080 2148 2103 2178 :5

1147 2210 1179 2237 ct
1199 2206 1237 2237 9.
1259 2217 1290 2248 p.
1316 2205 1388 2236 349
1410 2204 1534 2249 Spald.)
1557 2210 1620 2236 cet.

1222 2265 1425 2313 coaptentur]
1457 2265 1555 2298 Adeo
1585 2271 1625 2298 ut
1651 2279 1729 2299 vere
1756 2268 1938 2308 Persaeus,
1959 2268 2101 2300 Zenonis

1148 2331 1290 2370 auditor,
1324 2331 1411 2375 apud
1434 2331 1628 2363 Ciceronem
1648 2330 1703 2363 lib.
1727 2333 1746 2364 1
1771 2332 1813 2364 de
1832 2338 1945 2364 natura
1969 2333 2102 2363 deorum

1148 2395 1233 2427 dieat
1255 2393 1329 2427 1005
1351 2406 1425 2427 0550
1443 2395 1571 2426 habitos
1592 2395 1690 2436 deos,
1722 2407 1740 2427 a
1763 2395 1881 2440 quibus
1902 2407 2015 2437 magna
2038 2395 2101 2426 uti--

1146 2457 1222 2489 litas
1251 2457 1291 2489 ad
1320 2457 1403 2489 vitae
1432 2457 1557 2490 cultum
1583 2462 1671 2489 esset
1695 2456 1841 2495 inventa,
1868 2456 2022 2501 ipsasque
2047 2468 2101 2488 res

1147 2519 1245 2551 utiles
1271 2524 1303 2551 et
1328 2519 1488 2551 salutares.
1517 2519 1653 2550 deorum
1686 2530 1757 2550 esse
1789 2518 1950 2549 vocabulis
1978 2531 2103 2551 nuncu>

1144 2589 1273 2629 patas«,
1290 2588 1323 2616 et
1339 2583 1502 2618 Minucius
1520 2582 1632 2615 Felix:
1645 2581 1780 2623 alicujus
1799 2581 1938 2612 muneris
1956 2582 2005 2613 vel
2023 2583 2101 2613 artisv
