2310 2860
728 189 925 230 Martiani
964 187 1161 243 Capellae
1200 187 1271 229 lib.
1296 190 1371 229 VI.
1409 192 1439 240 ὦ.
1461 191 1561 231 656.

2030 189 2113 210 P-WV

2027 203 2107 232 001

163 297 352 337 millibus
387 310 592 352 passuum
625 309 831 336 cacumen
874 294 1078 335 extollens
1111 295 1264 335 vicinia
1296 294 1500 349 perflatur
1533 305 1789 337 austrorum.
1850 296 1983 351 Cujus
2012 297 2110 338 item

162 386 279 432 terga
310 377 503 419 diversae
534 372 672 432 gentes
705 386 864 427 tenent,
895 377 1002 417 inter
1033 389 1137 429 quas
1167 385 1308 430 gentes
1340 377 1579 427 Sarmatae,
1611 378 1804 432 Scythae.

1868 378 1973 418 Dein
2002 378 2113 417 Pon-

162 466 253 497 tum
301 458 489 498 Sithonia
533 473 632 513 gens
679 456 830 507 habet,
886 471 998 511 quae
1040 455 1215 510 gloriam
1262 455 1426 510 Orphei
1470 457 1672 512 progeniti
1718 458 1820 498 vatis
1862 457 2115 511 perfectione

161 538 305 579 sortita
342 548 422 591 est3
466 553 566 579 nam
605 539 648 579 in
687 538 851 593 Spartio
890 538 1183 593 promontorio
1222 537 1290 578 ille
1322 538 1450 579 vitam
1484 547 1557 578 aut
1586 539 1733 589 sacris,
1777 548 1823 578 ut
1854 539 1992 592 ajunt,
2026 539 2112 579 im-

163 617 307 673 pendit
345 627 418 658 aut
458 616 625 658 fidibus.

163 698 389 739 Diomedei
412 699 620 740 stabulati.

692 618 796 658 Mox
839 617 954 672 regio
1000 617 1203 659 Maronea
1242 632 1289 659 ac
1326 618 1491 674 Tyrida
1533 619 1760 675 oppidum,
1805 620 1848 660 in
1887 634 1974 674 quo
2013 620 2113 674 equi

683 698 806 740 Circa
838 713 937 739 eum
971 698 1162 749 Abdera,
1193 699 1264 739 cui
1294 708 1555 739 constructae
1585 698 1802 740 Diomedis
1833 715 1953 742 soror
1983 715 2114 743 suum

163 794 322 820 nomen
361 781 599 837 adscripsit,
648 781 765 837 quod
809 781 1016 837 oppidum
1058 780 1291 822 Democriti
1336 781 1501 836 physici
1543 790 1639 821 ortu
1677 781 1815 836 potius
1853 781 2115 825 decoratum.

163 858 357 900 Eandem
398 861 631 902 Thraciam
675 861 875 916 Polydori
914 861 1108 916 sepulcro
1149 863 1351 917 signatam
1399 876 1476 901 neo
1507 864 1654 915 poetae
1687 870 1970 916 praetereunt.
2025 863 2114 904 Illic

166 942 506 994 promontorium
539 943 666 984 Ceras
692 943 901 997 chryseon
927 943 1128 998 Byzantio
1153 940 1308 996 oppido
1340 939 1622 990 celebratum,
1653 940 1767 993 quod
1796 955 1818 980 a
1841 940 2115 995 Dyrrhachio

165 1021 430 1075 septingentis
469 1024 668 1065 undecim
712 1025 899 1065 millibus
936 1024 1071 1066 distat.

165 1113 449 1154 recesserunt,
497 1104 540 1144 id
577 1114 637 1145 est
679 1103 812 1145 Adria
843 1113 882 1144 et
911 1104 1143 1160 Propontis.

165 1179 297 1221 stadia
320 1191 482 1236 septem
509 1183 562 1223 ab
583 1183 759 1238 Europa
774 1183 919 1224 Asiam
944 1183 1104 1225 dividit.
1137 1184 1215 1225 Hic
1240 1195 1416 1237 quoquc
1440 1180 1550 1221 duae
1574 1180 1770 1230 civitates,
1804 1195 1991 1235 quarum
2018 1195 2116 1231 una,
2146 1176 2233 1219 608

1135 1023 1199 1064 Eo
1238 1021 1350 1061 enim
1383 1020 1601 1060 interstitio
1634 1034 1657 1059 a
1687 1034 1730 1059 se
1765 1028 1949 1074 utraque
1980 1020 2116 1060 maria

1217 1102 1307 1143 Illic
1338 1101 1634 1155 Hellespontus
1667 1100 1877 1154 angustior
1915 1110 1992 1151 est,
2041 1116 2115 1155 per

167 1258 209 1299 id
227 1269 289 1301 est
305 1262 455 1314 Sestos,
478 1263 678 1320 Europae
696 1273 769 1317 est,
786 1263 960 1319 Abydos
976 1264 1114 1307 Asiae.
1131 1264 1296 1305 Deinde
1314 1263 1604 1321 promontoria
1623 1264 1829 1306 contraria
1851 1263 2118 1315 Cherronesi,

244 1419 444 1465 austrorum]
486 1420 577 1453 Haec
609 1421 648 1453 dc
682 1433 740 1453 suo
773 1422 893 1455 addidit
925 1423 1119 1464 Martianu53

170 1480 227 1512 sed
252 1482 324 1513 vide
349 1496 389 1514 ne
415 1485 617 1516 scribendum
640 1485 681 1516 sit
706 1491 875 1518 astrorum.

244 1542 391 1589 Sparlio]
414 1545 547 1577 Solinus
568 1546 762 1590 Sperclnivo5
796 1548 931 1578 schedae
954 1546 1121 1577 Palatinae

168 1602 340 1649 Sper-qiu&
359 1607 391 1639 in
405 1609 505 1651 prima
522 1609 660 1641 editione
670 1609 858 1652 Spar-chine,
876 1615 999 1640 ceterae
1011 1609 1121 1640 editio-

169 1679 227 1698 nes
247 1668 408 1711 Sperchio.
444 1671 637 1711 Martianus,
660 1672 715 1715 qui
740 1672 812 1703 hinc
837 1672 948 1712 habet,
973 1672 1123 1715 Spania,-

171 1729 279 1773 seripti
293 1731 363 1772 ejus
385 1732 512 1765 codices
533 1745 615 1777 quos
634 1733 781 1773 vidimus,
802 1732 846 1764 ibi
863 1734 981 1764 habent
996 1733 1122 1776 Spertio

172 1798 204 1824 et
225 1793 384 1836 Sperchio.
407 1795 476 1828 Sed
498 1797 751 1840 promontorium
769 1798 830 1828 hoc
853 1797 980 1828 nomine
1004 1797 1036 1827 in
1058 1795 1122 1827 illis

172 1856 252 1887 locis
266 1857 389 1890 nullum
404 1865 464 1890 est.
483 1878 530 1883 -—
544 1861 655 1903 Quum
675 1860 774 1891 multa
796 1872 813 1891 e
833 1859 1014 1903 Pomponio
1040 1870 1124 1891 sum-

174 1919 261 1959 serit,
278 1925 311 1951 et
328 1922 388 1953 hoc
409 1921 502 1954 etiam
517 1923 556 1954 ab
571 1923 628 1954 illo
644 1929 806 1955 mutuatus
823 1928 888 1962 est,
914 1922 970 1953 sed
987 1933 1048 1965 qua
1061 1922 1124 1953 fide

174 1982 344 2015 videamus.
375 1984 498 2016 Eadem
527 1991 613 2018 certe
637 1999 699 2030 qua
721 1992 754 2018 et
776 1987 808 2017 in
833 1985 904 2017 aliis
927 1985 1039 2016 solitus
1065 1990 1123 2016 est.

174 2045 230 2078 Sic
249 2047 304 2079 ille
326 2047 450 2080 scribit:
472 2048 605 2081 »deinde
630 2050 881 2093 promontorium
905 2049 1062 2087 Sem-ium,
1084 2059 1125 2079 ex

174 2119 238 2150 quo
263 2115 430 2141 canentem
453 2109 584 2153 Orphea
604 2116 710 2142 secuta
735 2116 903 2142 narrantur
927 2121 1067 2150 nemora,
1093 2113 1126 2140 et

175 2171 293 2203 Zone«
334 2172 383 2203 Ita
407 2173 502 2205 hodie
525 2173 642 2215 legitur
668 2174 752 2217 apud
772 2174 890 2206 Melam
917 2187 957 2206 ex
979 2173 1123 2205 emenda-

175 2233 262 2265 tione
291 2234 475 2277 Hermolai5
507 2249 581 2268 nam
607 2242 679 2268 ante
709 2237 917 2268 Hermolaum
942 2237 1122 2278 legebatur:

185 2294 317 2327 »deinde
345 2297 596 2339 promontorium
621 2297 820 2341 Seripium«,
847 2304 942 2341 atque
965 2298 1009 2330 ita
1031 2297 1123 2329 bodie

178 2359 329 2402 seriptum
363 2361 545 2402 praeferunt
578 2367 731 2404 quantum
765 2366 814 2393 est
840 2361 957 2404 ubique
985 2366 1125 2393 veterum

178 2420 422 2464 exemplarium,
455 2421 533 2464 quin
564 2427 670 2454 tamen
700 2428 786 2454 reete
817 2423 855 2454 ab
883 2423 1058 2455 Hermolao
1083 2421 1127 2452 ita

178 2481 274 2513 suerit
292 2482 509 2522 emendatum,
536 2493 629 2513 nemo
648 2483 729 2514 ausit
753 2483 905 2516 dubitare.
931 2484 1076 2517 Serrium
1097 2487 1128 2513 ct

180 2548 292 2578 Zonen
307 2545 434 2577 Plinius
455 2544 549 2576 etiam
567 2544 704 2587 junctim
727 2551 759 2577 et
776 2546 808 2578 in
830 2547 1010 2591 propinquo
1030 2545 1127 2590 ponit.

181 2608 355 2652 Quomodo
381 2607 466 2653 apud
486 2606 701 2653 Pomponium
723 2607 835 2651 legerit
852 2608 985 2643 Solinus
1009 2607 1128 2647 nescio,

1171 1423 1228 1454 sed
1255 1429 1387 1467 apparet
1409 1435 1482 1455 eum
1502 1423 1535 1454 in
1561 1424 1733 1455 mendosos
1759 1423 1886 1456 codices
1912 1423 2117 1455 incidisse—-

1172 1486 1287 1530 scripta
1306 1487 1477 1529 Pomponii
1501 1487 1708 1530 exemplaria,
1738 1498 1818 1530 quae
1839 1486 1980 1529 inspexi,
2007 1486 2052 1518 sic
2074 1485 2119 1516 lo-

1172 1562 1243 1581 cum
1273 1549 1363 1580 illum
1389 1549 1559 1590 legendum
1591 1554 1782 1580 monstrant:
1812 1548 1944 1580 »deinde
1972 1559 2119 1591 promon-

1172 1613 1287 1643 torium
1312 1611 1471 1652 Serrium,
1498 1619 1529 1643 et
1552 1624 1613 1658 qno
1639 1617 1804 1643 canentem
1829 1611 1995 1654 Orpheum
2013 1616 2122 1641 secuta

1172 1679 1340 1705 narrantur
1366 1673 1459 1704 etiam
1484 1685 1631 1712 nemora,
1655 1672 1772 1703 Zone-u
1808 1671 1864 1704 Sic
1886 1684 1951 1703 nou
1973 1683 2035 1702 una
2057 1671 2122 1701 ani—

1172 1735 1397 1766 madvertenda
1426 1739 1475 1766 cst
1503 1736 1563 1766 hoc
1595 1734 1668 1765 loco
1695 1733 1852 1765 exerratio
1877 1732 2001 1772 Solini3
2026 1731 2121 1775 Sper-

1174 1799 1279 1830 cln'mn
1309 1809 1367 1841 pro
1391 1798 1502 1829 Sem-io
1532 1797 1626 1837 dixit,
1661 1797 1775 1828 deinde
1807 1796 1918 1828 Serrio
1945 1795 2055 1827 tribuit
2083 1806 2123 1826 ex

1173 1862 1254 1893 male
1280 1860 1417 1903 acceptis
1437 1860 1609 1904 Pomponii
1633 1860 1753 1901 verbis,
1781 1860 1867 1903 quod
1892 1859 1947 1891 ille
1970 1859 2010 1890 de
2033 1857 2124 1889 Zone

1175 1921 1463 1965 scripsit.SAm1As.
1487 1922 1540 1965 (ad
1561 1921 1664 1953 Solin.
1690 1933 1720 1964 p.
1740 1921 1833 1964 159).

1253 1983 1392 2029 Tyrida]
1428 1984 1468 2015 Iu
1504 1984 1638 2015 vetustis
1676 1984 1804 2027 quidem
1833 1983 1932 2014 Plinii
1961 1981 2124 2015 codicibus

1178 2046 1307 2088 Tynda:
1333 2045 1392 2076 sed
1416 2045 1449 2076 in
1473 2045 1558 2076 Ptol.
1582 2043 1756 2090 τυρίὄόα.
1772 2044 1933 2076 Gnor.-—·
1963 2042 2122 2086 Equidem

1175 2107 1258 2151 apud
1281 2106 1422 2137 Plinium
1446 2106 1499 2149 (4,
1529 2107 1591 2146 11,
1625 2105 1684 2148 18)
1706 2106 1780 2147 lego
1805 2107 1924 2137 Tirida.

1247 2166 1412 2211 Polydori]
1431 2167 1550 2198 Priami
1565 2166 1632 2206 filii,
1655 2167 1694 2198 de
1713 2179 1776 2210 quo
1796 2167 1867 2199 vide
1886 2165 2071 2210 Euripidem
2090 2163 2123 2194 in

1174 2231 1319 2262 Hecuba.
1355 2230 1506 2262 Ceterum
1522 2230 1640 2262 Strabo
1665 2231 1717 2274 (2,
1743 2243 1775 2274 p.
1794 2231 1861 2261 121
1882 2228 1969 2270 Cas.)
1992 2238 2122 2268 geogra-

1174 2293 1237 2335 pho
1255 2291 1436 2322 incumbere
1454 2291 1618 2323 contendit
1633 2301 1806 2322 memorare
1825 2294 1856 2320 et
1870 2285 2024 2334 τάφους
2044 2286 2123 2320 τῶν

1178 2350 1348 2395 ἐνδόξων
1369 2351 1538 2400 ἀνδρῶν,
1566 2354 1653 2398 quod
1680 2352 1809 2396 quidem
1827 2351 1994 2383 eonsilium
2014 2354 2124 2381 noster

1179 2422 1211 2448 et
1234 2417 1285 2448 liic
1314 2417 1473 2460 sequitur,
1501 2423 1534 2449 et
1550 2417 1682 2448 inferius
1706 2415 1799 2446 etiam
1823 2413 1968 2456 sepulcra
1988 2412 2124 2444 Homeri

1179 2477 1328 2522 (§.GGO),
1346 2478 1525 2511 Memnonis
1544 2476 1690 2522 (§.686)‚
1712 2474 1847 2507 Achillis
1862 2472 1905 2517 (ἓ.
1917 2472 2014 2516 665),
2034 2473 2122 2504 Han-

1178 2541 1292 2573 nibalis
1322 2541 1368 2586 (ἓ.
1387 2543 1460 2574 687
1481 2541 1517 2585 f.)
1540 2542 1773 2573 commemorat.
1797 2537 1916 2568 Poenas
1936 2541 2040 2568 autem
2066 2537 2127 2568 hoc

1177 2605 1250 2638 loco
1280 2604 1423 2648 intellige
1453 2617 1550 2637 unum
1573 2602 1744 2645 Virgilium
1766 2598 1861 2645 (Aen.
1876 2601 1916 2640 5,
1939 2600 1987 2631 22
2012 2597 2125 2645 sequ.)-

1675 2665 1723 2696 68

2146 621 2232 663 657

2178 1177 2203 1189 υ
