2310 2860
111 358 194 401 156

224 166 313 210 208

795 162 995 205 Martiani
1032 161 1233 218 Capellae
1268 161 1341 204 lib.
1370 160 1426 204 ΙΙ.
1464 163 1498 214 5.
1521 162 1616 205 155.

226 274 507 330 plerumque,
549 272 584 311 si
614 271 869 313 meritorum
912 269 1161 312 excellentia
1201 268 1521 320 subvehantur,
1571 269 1698 310 etiam
1742 268 1953 311 circulum
1997 270 2105 312 Solis
2141 286 2188 313 ac

230 353 495 398 flammantia
518 362 636 408 septa
665 351 937 396 transsiliunt.
992 350 1161 392 Dehinc
1191 365 1215 392 a
1239 350 1381 391 lunari
1405 349 1564 391 circulo
1599 364 1739 405 usque
1770 350 1812 391 in
1839 359 2020 402 terram,
2056 350 2187 407 quid·

227 459 328 507 κάμῃ
353 458 403 496 τὰ
428 460 546 508 νεῦρα
576 458 711 504 ταυτὶ,
751 458 815 495 καὶ
843 458 888 495 τὸ
920 458 1092 504 πνεῦμα,
1120 455 1185 493 καὶ

228 521 277 558 τὰ
303 521 404 558 ἄλλα
438 520 488 557 τὰ
519 520 648 568 ὥσπερ
683 519 873 565 καλώδια,
914 520 958 563 ἐξ
996 514 1055 556 ὧν
1086 519 1187 560 τέως

228 581 500 632 προσώρμιστο
538 583 586 630 τῇ
621 583 742 630 ψυχῇ
774 581 819 618 τὸ
858 582 986 627 σῶμα,
1036 580 1082 618 τὸ
1117 580 1187 627 μὲν

234 644 391 695 ἐφθάρη
420 645 484 682 καὶ
515 644 614 682 κατὰ
652 646 784 687 βυθοῦ
818 646 971 695 ᾤχετο,
1013 643 1112 692 αὐτῇ
1146 644 1187 681 δὲ

233 712 294 759 ἐφ’
315 710 460 757 ἑαυτῆς
477 708 719 758 ἑκνηξαμὲνη
744 709 907 756 συνέχει
921 722 963 746 τε
979 707 1108 757 αὐτὴν
1123 707 1188 745 καὶ

231 775 416 821 [Operam

308 834 441 881 ἀφυῆ]
476 835 604 879 Operae
635 836 772 880 pretium
808 835 868 867 erit
904 836 957 868 hic
985 848 1003 868 e
1031 835 1190 878 Dionysio

232 900 514 932 Halicarnassensi
533 900 578 943 (8.
600 911 630 943 p.
647 901 719 932 522
737 899 842 944 sylb.)
859 900 968 931 matris
985 899 1025 931 ad
1037 899 1192 932 Marcium
1218 887 1220 889 ,

233 964 334 995 {ilium
364 964 444 995 haec
483 963 624 995 inserere
665 963 778 995 verba:
814 963 870 996 »Si
904 963 976 1008 quis
1005 963 1096 996 loeus
1131 968 1191 1003 est,

234 1025 291 1069 qui
325 1026 478 1056 humanas
512 1027 638 1056 animas
673 1038 693 1056 α
731 1038 860 1069 corpore
894 1026 1015 1057 solutas
1048 1024 1191 1069 recipiat,

235 1098 337 1118 meam
371 1099 437 1119 non
472 1087 699 1118 subterraneus
735 1088 992 1132 caliginosusque
1017 1087 1120 1130 capiet
1144 1106 1193 1111 —-

236 1159 296 1180 nee
322 1148 439 1191 campi,
467 1160 548 1190 quos
570 1149 732 1179 Lethaeos
756 1149 940 1189 nominant,
966 1149 1024 1180 sed
1048 1147 1193 1179 sublimis

237 1214 270 1240 ct
291 1220 390 1253 purus
417 1210 542 1249 aether,
567 1209 600 1240 in
625 1221 689 1253 quo
713 1210 802 1252 ajunt
823 1210 883 1242 diis
907 1210 1031 1252 genitos
1051 1210 1193 1241 fortuna-

239 1280 303 1306 tam
328 1278 360 1304 ct
385 1273 510 1304 beatam
535 1273 632 1304 vitam
658 1274 802 1315 degere.«
856 1275 997 1318 (Confer
1025 1286 1075 1317 ap.
1099 1272 1195 1314 Diog.

237 1334 344 1366 Laert.
370 1336 411 1374 5,
436 1334 484 1365 44
516 1346 546 1377 p.
571 1335 642 1366 189
666 1335 763 1368 Meib.
790 1335 888 1378 epigr.
911 1336 942 1367 in
964 1335 1133 1366 Platonem
1162 1338 1196 1365 et

238 1402 384 1429 nostrum
408 1395 488 1425 infra
517 1394 545 1439 ξ.
568 1395 664 1438 211).
718 1395 786 1428 Sed
812 1397 874 1440 ipsi
898 1396 1070 1428 Aristoteli
1091 1395 1196 1427 visum

239 1470 311 1491 csse
332 1460 394 1504 (ap.
416 1459 484 1491 Cic.
504 1458 600 1490 divin.
620 1460 653 1499 1,
677 1459 739 1502 25)
756 1460 902 1501 legimus,
924 1460 1074 1501 animum,
1097 1471 1196 1503 quum

239 1534 257 1554 c
280 1532 415 1565 corpore
438 1520 635 1562 egrediatur,
661 1521 790 1553 domum
809 1528 978 1554 revertere.
1004 1521 1056 1554 Ac
1079 1521 1196 1553 Cicero

239 1582 317 1627 (div.
341 1584 374 1623 1,
401 1583 463 1625 50)
493 1582 588 1613 etiam
615 1582 741 1624 »vigere
772 1588 804 1613 et
824 1583 930 1614 vivere
954 1583 1094 1614 animum
1121 1587 1198 1626 post

241 1651 387 1685 mortem,
407 1657 505 1688 quum
519 1656 652 1688 corpore
668 1645 857 1677 excesserit«
871 1646 976 1685 docet,
995 1651 1027 1677 ct
1041 1646 1153 1689 (Tusc.
1165 1646 1197 1685 1,

245 1707 307 1750 11)
329 1718 443 1750 -possc
466 1706 606 1746 animos,
632 1718 730 1749 quum
746 1718 763 1737 e
781 1707 969 1750 corporibus
990 1707 1198 1746 excesserint,

242 1767 278 1800 111
307 1768 431 1800 eoelum
463 1768 555 1812 quasi
585 1768 618 1799 111
654 1768 849 1800 domicilium
877 1781 970 1800 suum
997 1768 1192 1813 pervenirent

246 1830 357 1863 Alium
390 1829 557 1862 Ciceronis
585 1830 643 1873 (de
672 1830 909 1874 consolatione)
933 1831 1039 1863 locum
1064 1832 1199 1863 Lactan-

248 1894 311 1925 tius
338 1893 398 1938 (5,
429 1893 494 1937 19)
523 1895 629 1933 affert,
670 1894 726 1925 uhi
752 1894 806 1925 ille
838 1900 961 1926 »castos
987 1895 1128 1927 animos«
1159 1893 1202 1925 ait

257 1956 337 1988 „levi
361 1955 500 1999 quodam
531 1961 564 1986 et
590 1955 675 1986 facili
695 1955 788 1999 lapsu
819 1956 859 1987 ad
883 1957 978 1997 deos,
1006 1957 1040 1988 id
1064 1961 1129 1997 est,
1162 1956 1202 1987 ad

250 2025 393 2051 naturam
409 2019 468 2049 sibi
487 2018 633 2059 similem,
653 2019 827 2062 pervolare.
836 2034 846 2047 α
870 2020 1094 2052 Conserendus
1111 2031 1202 2064 prae-

251 2088 338 2114 terea
354 2082 569 2113 nobilissimus
589 2082 754 2115 Ciceronis
777 2083 829 2126 (de
854 2084 942 2116 amic.
963 2084 1000 2126 4)
1024 2084 1126 2125 locus,
1152 2083 1204 2115 cui

253 2145 333 2178 adde
357 2144 532 2186 Senecam,
567 2146 621 2189 qui
646 2146 709 2190 (ep.
738 2147 795 2178 73.
819 2159 848 2190 p.
872 2148 943 2179 555
971 2147 1074 2191 Lips.)
1098 2147 1203 2179 animo

255 2209 446 2251 gratulatur,
478 2220 594 2251 »quum
617 2209 752 2241 emissus
776 2210 826 2241 his
854 2211 994 2242 tenebris
1012 2216 1045 2242 ct
1061 2211 1204 2242 redditus

255 2271 342 2306 coelo
362 2284 420 2304 suo
441 2272 551 2312 fuerit,
581 2285 676 2315 quum
698 2274 855 2317 receperit
873 2274 979 2307 locum
999 2287 1095 2319 quem
1112 2286 1205 2307 occu-

256 2335 343 2382 pavit
369 2341 455 2367 sorte
478 2336 638 2367 nascendi.
681 2336 816 2369 Sursum
846 2344 961 2370 vocant
994 2338 1085 2370 illum
1116 2338 1207 2370 initia

258 2410 347 2432 suast
379 2397 474 2429 Unde
499 2396 593 2428 ctiam
611 2398 672 2440 (cp.
691 2399 748 2429 88.
774 2411 803 2442 p.
828 2400 914 2442 555)
939 2400 1101 2444 Scipionis
1121 2399 1207 2432 Afri-

259 2461 329 2495 cani
358 2460 514 2492 »animum
541 2459 575 2490 in
605 2458 748 2500 coelum,
780 2472 820 2491 ex
843 2473 906 2503 quo
934 2468 1016 2502 erat,
1048 2462 1202 2494 rediisse«

260 2534 447 2567 persuasum
479 2520 632 2561 habebat,
676 2525 709 2551 et
739 2520 883 2564 pluribus
920 2522 1000 2555 locis
1032 2524 1094 2569 (ep.
1109 2525 1158 2556 92
1177 2530 1209 2556 ct

267 2587 353 2626 1203
376 2584 497 2619 consol.
513 2584 552 2616 ad
566 2583 661 2617 Ilelv.
676 2595 705 2617 c.
720 2583 766 2627 6.)
778 2591 948 2630 praccepta
961 2587 1071 2620 eadem
1083 2588 1209 2634 repetit,

1238 471 1319 502 quae
1350 459 1380 490 ei
1412 471 1484 491 cum
1517 458 1758 490 Platonicorum
1787 457 1835 505 τῇ
1866 458 1920 499 εἰς
1947 456 1996 494 τὰ
2027 455 2188 503 σώματα

1240 517 1401 569 καθόδῳ
1421 526 1453 553 et
1473 517 1602 568 ἀνόδῳ
1621 521 1799 553 eommunia
1817 527 1915 554 erant.
1942 522 1970 553 E
1990 522 2094 565 poetis
2115 533 2190 555 eon-

1241 585 1393 618 serendus
1423 585 1567 629 inprimis
1592 585 1749 626 Virgilius
1773 586 1893 628 (georg.
1917 587 1957 625 1,
1983 585 2080 628 226).

1317 659 1400 695 quae
1413 646 1613 695 plerumque]
1630 647 1821 679 Successive
1840 647 1922 679 enim
1940 647 2101 689 dignitatis
2125 658 2192 688 gra-

1243 711 1337 742 dibus
1363 711 1484 742 animas
1512 711 1684 743 ascendere
1716 711 1874 742 docebant
1898 717 2030 743 veteres.
2072 710 2195 742 Sextus

1242 772 1425 817 Empiricus
1442 774 1490 816 (9,
1512 774 1527 804 1
1552 773 1624 806 adv.
1641 774 1733 816 phys.
1750 774 1792 804 71
1816 785 1904 816 sequ.
1922 785 1952 816 p.
1969 774 2040 804 5638
2059 772 2196 814 Fabrie.)
2217 816 2223 821 μ

1251 835 1408 874 »animas,
1444 834 1563 878 inquit,
1600 846 1641 866 ne
1669 834 1823 878 suspicari
1855 834 1982 877 quidem
2009 835 2085 866 licet
2110 834 2198 879 quod

1245 899 1395 931 deorsum
1416 899 1566 930 ferantur.
1592 898 1675 930 Nam
1700 910 1798 942 quum
1815 898 1878 929 sint
1900 898 2052 939 subtiles,
2077 903 2110 930 ct
2132 910 2197 932 non

1246 961 1350 993 minus
1381 960 1511 1002 igneae,
1546 972 1641 1004 quam
1678 965 1804 1000 aereae,
1848 972 1905 991 sua
1932 960 2059 992 levitate
2098 959 2198 1002 magis

1246 1026 1392 1057 feruntur
1414 1025 1447 1056 in
1472 1024 1543 1056 loca
1569 1024 1742 1068 superiora.
1760 1041 1809 1047 —-
1843 1025 1953 1067 Quum
1976 1024 2084 1068 itaque
2108 1029 2198 1056 extra

1247 1086 1337 1119 Solis
1358 1085 1598 1117 tabernaculum
1622 1086 1746 1128 positae
1768 1086 1903 1126 suerint,
1931 1086 2076 1117 habitant
2091 1085 2199 1117 locum

1246 1150 1303 1194 qui
1328 1156 1378 1181 est
1400 1150 1459 1181 sub
1478 1151 1587 1189 Luna,
1614 1155 1646 1180 ct
1672 1149 1745 1181 hine
1767 1155 1898 1194 propter
1923 1149 2093 1193 puritatem
2117 1150 2198 1181 aeris

1245 1212 1405 1256 accipiunt
1424 1211 1527 1253 majus
1555 1216 1681 1255 tempus
1707 1211 1746 1241 ad
1772 1211 2035 1254 permanendum:
2054 1217 2085 1242 et
2106 1217 2198 1243 utun-

1244 1280 1297 1307 tur
1324 1275 1476 1307 alimento
1511 1274 1730 1313 convenienti,
1770 1286 1884 1317 nempe
1925 1274 2126 1306 exhalatione
2160 1286 2200 1306 ex

1245 1342 1329 1369 terra
1351 1341 1386 1368 ut
1417 1342 1522 1368 cetera
1544 1341 1646 1373 astra3
1674 1348 1733 1366 nec
1756 1336 1873 1366 habent
1896 1335 1929 1366 in
1948 1335 1986 1366 iis
2009 1336 2090 1368 locis
2115 1337 2202 1380 quod

1245 1410 1300 1430 eas
1331 1398 1373 1429 sit
1403 1397 1642 1428 dissoluturum.
1687 1396 1724 1428 Si
1751 1408 1827 1438 crgo
1854 1403 2042 1441 permanent
2068 1397 2202 1434 animae.

1245 1461 1327 1492 fiunt
1345 1459 1489 1501 ejusdem
1509 1464 1639 1489 naturae
1664 1470 1735 1490 cum
1758 1458 1995 1490 daemonibus«
2027 1459 2126 1491 Haud
2147 1459 2201 1490 ali-

1246 1530 1297 1555 ter
1318 1524 1428 1554 Julius
1452 1522 1608 1554 Fit-micus
1630 1522 1782 1566 (mathes.
1808 1524 1839 1563 1,
1865 1523 1887 1554 5
1915 1536 1947 1566 p.
1969 1524 1990 1554 7
2012 1523 2062 1554 ed.
2088 1522 2203 1565 1555)

1248 1584 1375 1617 scribit:
1404 1583 1508 1626 »Quis
1545 1582 1668 1613 dubitat
1705 1583 1792 1626 quod
1823 1595 1881 1626 per
1920 1583 2030 1615 stellas
2068 1584 2204 1616 terrenis

1248 1645 1437 1689 corporibus
1456 1644 1582 1675 divinus
1607 1644 1662 1675 ille
1688 1644 1811 1675 animus
1831 1646 2022 1678 necessitate
2039 1647 2206 1689 eujusdam

1247 1708 1329 1750 legis
1365 1707 1560 1748 infunditur,
1601 1707 1653 1738 cui
1684 1709 1854 1740 descensus
1886 1722 1944 1753 per
1979 1710 2088 1741 orbem
2115 1709 2205 1742 Solis

1249 1772 1416 1811 tribuitur,
1443 1783 1501 1815 per
1518 1771 1627 1803 orbem
1645 1772 1729 1803 enim
1745 1773 1856 1804 Lunae
1869 1780 2084 1817 praeparatur
2095 1786 2205 1807 ascen-

1250 1848 1332 1868 sus.«
1366 1835 1493 1866 Pariter
1517 1835 1630 1868 Manes
1658 1841 1690 1867 et
1717 1836 1898 1869 Manichaei
1923 1838 2044 1880 animas
2070 1838 2207 1883 primum

1250 1901 1284 1932 111
1315 1900 1407 1932 Luna
1440 1911 1498 1942 per
1528 1911 1660 1943 aquam,
1700 1900 1814 1932 deinde
1846 1901 1878 1933 in
1907 1901 1986 1935 Sole
2015 1915 2073 1947 per
2101 1903 2208 1946 ignem

1252 1962 1382 2007 purgari
1403 1962 1561 1993 docebant
1585 1962 1703 2005 (Mosh.
1724 1962 1797 1994 hist.
1819 1963 1895 1996 Chr.
1914 1971 1987 1999 ante
2012 1965 2126 1998 Const.
2144 1976 2207 1997 sce.

1252 2026 1286 2057 5.
1318 2016 1346 2068 ξ.
1373 2024 1422 2056 49
1452 2029 1518 2056 not.
1544 2025 1577 2056 5.
1614 2036 1647 2069 p.
1673 2025 1756 2057 862.
1789 2025 1898 2070 ibique
1921 2026 2094 2070 Angustia.
2121 2027 2208 2059 haer.

1254 2100 1282 2120 e.
1298 2088 1369 2131 46).

1329 2162 1349 2180 a
1371 2149 1481 2180 lunari
1503 2148 1639 2194 circulo]
1675 2150 1868 2181 Plutarchus
1900 2151 1952 2194 (de
1976 2152 2034 2183 fac.
2058 2151 2092 2183 in
2114 2151 2209 2184 Luna

1255 2225 1286 2258 p.
1316 2211 1426 2254 945);
1458 2212 1591 2244 »Omnis
1621 2213 1740 2253 anima,
1774 2213 1829 2244 ubi
1861 2214 1997 2258 primum
2025 2227 2044 2247 c
2074 2227 2208 2261 corpore

1256 2274 1343 2315 exiit,
1364 2273 1419 2304 sati
1436 2274 1506 2315 lege
1520 2274 1560 2305 ad
1575 2279 1699 2318 tempus
1720 2281 1852 2316 vagatur
1870 2287 1907 2307 ea
1925 2277 1958 2308 iu
1975 2278 2105 2319 regione
2127 2291 2211 2323 quae

1257 2344 1373 2370 terram
1390 2343 1422 2368 ct
1438 2338 1563 2368 Lunam
1578 2337 1770 2379 interjacet.«
1793 2339 1975 2371 Macrobius
1990 2341 2106 2385 (somn.
2122 2341 2209 2387 Scip-

1262 2402 1300 2441 1,
1326 2398 1399 2442 11):
1427 2399 1678 2431 ”Immutabilcm
1708 2400 1837 2443 quidem
1868 2407 1991 2445 partem
2021 2415 2040 2434 a
2065 2404 2209 2448 sphaera,

1261 2473 1341 2507 quae
1362 2460 1491 2505 aplanes
1520 2461 1651 2502 dieitur,
1679 2474 1782 2506 usque
1807 2463 1846 2494 ad
1868 2463 1956 2505 globi
1976 2464 2098 2496 lunaris
2119 2462 2209 2497 exor-

1260 2526 1364 2565 dium,
1401 2524 1584 2557 mutabilem
1616 2537 1692 2557 vero
1725 2538 1744 2557 a
1775 2526 1868 2558 Luna
1906 2527 1945 2558 ad
1975 2533 2076 2559 terras
2109 2540 2209 2572 usqne

1259 2587 1423 2620 dixerunt:
1439 2592 1472 2619 et
1495 2587 1600 2619 vivere
1621 2587 1741 2619 animas
1765 2588 1839 2619 dum
1861 2587 1894 2620 in
1911 2588 2098 2621 immutabili
2121 2596 2210 2634 parte
