2310 2860
209 149 300 191 482

783 148 983 191 Martiani
1022 149 1222 205 Capellae
1260 150 1334 192 lib.
1362 150 1438 193 VI.
1476 153 1508 204 §.
1530 153 1630 195 567.

411 256 638 299 Aetherius
670 255 824 308 fomes,
868 271 987 297 mens
1019 265 1058 296 et
1087 256 1269 297 sollertia
1301 257 1395 309 fati,

412 338 637 394 Ingenium
668 337 839 390 mundi,
877 336 1102 393 prudentia
1132 351 1250 378 sacra
1280 337 1481 389 tonantis,

411 421 554 463 Ardor
584 420 824 471 doetificus,
855 430 1109 474 nostraeque
1133 418 1340 461 industria
1369 418 1489 460 sortis

414 504 539 554 Quae
570 502 671 543 facis
704 502 926 543 arbitrium
962 501 1158 556 sapientis
1191 500 1363 555 praevia
1395 515 1546 552 curae,

413 583 476 625 Ac
506 583 677 624 rationis
708 597 817 637 apex
847 580 1438 636 divsunque'hominumque
1468 596 1586 623 sacer
1616 587 1730 633 νοῦς,

412 665 538 705 Ultra
565 673 678 719 terga
711 677 855 703 means
886 662 1024 718 rapidi
1056 678 1104 703 ac
1135 663 1393 718 splendentis
1430 663 1631 719 Olympi,

413 745 574 786 Celsior
605 759 691 785 una
720 743 846 795 Jove,
884 743 1143 785 flammantis
1175 746 1359 787 circulus
1391 746 1584 797 aethrae,

409 829 550 872 Ἑπτὰς
580 828 623 868 in
653 826 864 877 numeris,
910 826 1026 881 prior
1059 826 1164 880 igni,
1206 827 1325 866 tertia
1357 827 1500 877 Luna,

283 962 444 994 aetherius
461 956 577 1002 fomes]
603 957 715 999 Ignem
734 956 908 996 vivificum,
936 956 1073 988 calorem
1097 967 1163 987 om-

211 1027 261 1059 nia
284 1029 503 1067 vegetantem,
535 1022 717 1053 aethereum
744 1020 934 1061 xitalcmque
959 1019 1103 1062 spiritum
1131 1019 1164 1049 in

211 1089 314 1120 calore
333 1086 438 1118 omnia
455 1085 665 1116 vivificantem
688 1088 720 1113 et
739 1082 899 1112 foventem
921 1085 1019 1111 notat.
1048 1079 1104 1111 Sic
1123 1080 1162 1112 de

209 1151 293 1182 Jove
316 1149 386 1192 ipso
411 1146 519 1178 multis
545 1144 635 1176 initio
657 1130 823 1175 Arativsui
846 1142 1000 1173 Avienus.
1028 1141 1163 1184 Capella

209 1211 284 1244 alibi
305 1211 344 1242 de
368 1209 464 1242 Sole:

263 1275 391 1319 »anoti
414 1274 463 1304 vis
486 1271 570 1303 celsa
595 1270 698 1313 patris
722 1269 775 1300 vel
796 1269 901 1311 prima
921 1279 1061 1310 propayo

254 1337 372 1368 Fomes
397 1333 581 1375 sensificus,
609 1332 723 1362 mentis
746 1330 841 1372 fons,
867 1330 947 1360 lucis
974 1330 1092 1371 oi·1'gJo,«

206 1400 332 1430 ΒΑΕ-[ιι.
357 1397 416 1441 (ad
443 1395 525 1427 Stat.
547 1393 596 1432 Π,
624 1405 655 1435 p.
674 1392 830 1434 400).--
864 1389 921 1421 Sic
950 1389 989 1420 ab
1023 1388 1162 1420 Artemi-

206 1462 285 1493 doro
310 1457 508 1503 (oneirocrit.
525 1456 565 1496 2,
592 1456 659 1495 555
686 1467 716 1497 p.
738 1453 808 1484 125
833 1451 925 1495 Rig.)
957 1451 1162 1502 conjungitur

205 1521 283 1569 πῦρ
309 1518 354 1556 τὸ
379 1517 556 1565 αἰθέριον
580 1514 644 1551 καὶ
669 1512 824 1561 Ἀθηνᾶ,
853 1514 1064 1557 cornutoque
1088 1525 1161 1545 auc-

205 1592 274 1617 tore
297 1584 375 1627 (203
404 1595 434 1625 p.
453 1582 523 1613 185
548 1579 638 1622 Gal.)
659 1591 677 1609 a
701 1577 864 1609 veteribus
890 1577 1033 1608 Minerva
1058 1575 1161 1610 αἰθε-

204 1644 332 1695 ρόνεια
356 1645 516 1690 appellata
535 1648 594 1675 est.
632 1642 731 1673 Plura
756 1641 829 1673 vide
857 1652 951 1684 supra
976 1640 1029 1683 (ad
1047 1639 1074 1683 ἓ.
1089 1639 1161 1681 59).

278 1710 410 1751 praeuia
431 1704 540 1750 curae]
569 1704 694 1736 Sensus
717 1702 767 1734 hic
789 1714 860 1733 esse
884 1702 1020 1739 videtur,
1043 1701 1160 1733 Miner-

204 1785 292 1811 vam,
328 1771 445 1816 quippe
473 1769 567 1801 Jovis
596 1767 797 1811 prudentiam
830 1766 1038 1809 ardoremque
1070 1777 1160 1798 eum,

205 1836 289 1867 unde
320 1834 474 1878 sapientia
510 1832 598 1864 illius
628 1837 722 1874 atque
756 1830 899 1861 doctrina
929 1829 1160 1872 proficiscatur,

205 1898 339 1929 consilia
376 1896 463 1938 ejus,
504 1895 619 1938 quibus
653 1893 790 1924 mundus
822 1892 1033 1933 gubernetur,
1068 1890 1161 1934 quasi

206 1959 412 2003 praecedere,
444 1969 542 2000 quare
576 1956 670 1987 etiam
702 1954 889 1986 industriam
921 1953 996 1993 dicit
1031 1959 1158 1993 noster,

207 2033 287 2065 quae
315 2024 444 2051 nostrae
475 2018 570 2049 sortis
602 2017 765 2048 arbitrium
796 2015 906 2055 saciat,
940 2015 973 2047 id
998 2021 1048 2047 est
1074 2015 1158 2047 unde

205 2087 350 2117 fortunae
381 2087 509 2114 nostrae
538 2081 678 2122 regimen
704 2081 857 2124 pendeat3
891 2079 960 2122 ipsa
987 2080 1071 2111 enim
1098 2079 1159 2112 Mi-

206 2158 303 2179 nerva
342 2140 506 2190 πρόνοια
543 2142 607 2173 sive
644 2142 841 2185 providentia
875 2141 982 2173 divina
1018 2141 1157 2184 appella-

207 2212 316 2249 batur,
353 2213 388 2239 ut
415 2206 569 2238 immensa
602 2205 787 2236 eruditionis
814 2205 897 2236 mole
930 2205 1159 2237 demonstravit

206 2269 390 2314 Lenncpius
413 2268 465 2312 (ad
488 2267 613 2297 Phalar.
636 2266 727 2309 epist.
745 2279 776 2309 p.
796 2266 1028 2309 1»12--130).

280 2329 387 2376 νοῦς]
403 2328 619 2362 conditricem
639 2333 669 2359 ct
688 2329 951 2360 conservatricem
970 2341 1075 2360 rerum
1089 2331 1157 2360 ani-

206 2410 290 2429 mam
312 2395 458 2426 universi
472 2392 626 2433 designat.
645 2392 770 2422 Bmm.
780 2393 831 2435 (ad
852 2393 932 2424 Stat.
948 2393 992 2433 Π,
1015 2406 1045 2436 p.
1060 2393 1156 2435 401).

208 2478 254 2482 —
278 2458 352 2490 Non
378 2469 417 2488 ex
445 2454 592 2487 Platonis
621 2454 680 2485 hoc
712 2453 770 2484 sed
800 2466 839 2484 ex
864 2453 1050 2486 Aristotelis
1081 2453 1156 2485 stoi-

208 2530 378 2563 corumque
411 2516 555 2549 doctrina
587 2514 828 2559 explicandum,
859 2527 993 2558 quorum
1022 2528 1155 2548 consen-

207 2594 276 2614 sum
305 2586 338 2612 et
366 2580 482 2613 Cicero
512 2577 568 2622 (N.
593 2577 633 2609 D.
657 2577 697 2618 2,
732 2576 796 2620 16)
824 2577 995 2610 confirmat.
1031 2579 1075 2610 Et
1102 2578 1156 2610 ille

1217 956 1344 999 quidem
1369 962 1505 987 mentem
1532 957 1697 999 conjungit
1718 969 1789 988 cum
1808 959 1922 1005 quinta
1940 960 2079 990 essentia
2102 957 2168 989 sive

1215 1020 1363 1057 aethere,
1395 1019 1479 1049 unde
1504 1019 1623 1050 moveri
1649 1020 1800 1050 mundum
1825 1020 1868 1051 ait
1891 1020 2092 1063 numinisque
2123 1019 2168 1051 di-

1215 1082 1280 1113 rini
1313 1094 1385 1114 eum
1416 1083 1523 1113 sedem
1550 1083 1625 1113 facit
1651 1083 1709 1125 (de
1741 1084 1832 1115 coelo
1860 1085 1897 1123 1,
1927 1086 1967 1124 53
1995 1084 2034 1115 de
2059 1095 2167 1125 gener.

1215 1143 1339 1174 animal.
1360 1143 1400 1182 9.,
1425 1143 1479 1185 5),
1511 1143 1543 1173 hi
1572 1154 1648 1173 vero
1672 1143 1773 1186 ipsam
1803 1146 1944 1174 animam
1971 1145 2086 1175 mundi
2113 1155 2167 1187 ap-

1213 1207 1335 1251 pellant
1353 1208 1459 1250 ignem
1477 1206 1674 1249 artificialem
1692 1207 1758 1238 sive
1775 1209 1923 1250 spiritum
1938 1209 2067 1251 iyneum
2082 1207 2164 1250 (Cic.

1214 1267 1369 1300 Academ.
1390 1270 1421 1307 1,
1452 1270 1507 1299 11.
1530 1268 1618 1299 Plut.
1640 1268 1721 1311 plac.
1739 1269 1922 1311 philosoph.
1950 1271 1989 1307 1,
2012 1270 2046 1300 6.
2072 1269 2165 1310 Diog.

1213 1332 1321 1363 Laert.
1343 1333 1376 1369 7,
1412 1332 1491 1362 156.
1530 1331 1622 1362 Stob.
1653 1331 1713 1362 ecl.
1742 1333 1832 1374 phys
1856 1332 1889 1371 Ι,
1923 1344 1954 1375 p.
1971 1331 2049 1374 58),
2073 1344 2168 1375 quem

1214 1398 1246 1424 et
1272 1392 1334 1423 alio
1361 1392 1489 1423 nomine
1519 1393 1649 1423 aethera
1683 1392 1830 1423 dicebant
1863 1392 1970 1436 (Diog.
2001 1395 2033 1434 7,
2066 1395 2167 1437 157),

1214 1454 1328 1497 cuique
1354 1465 1507 1484 summam
1526 1455 1684 1485 rationem
1708 1459 1804 1498 atque
1826 1455 2034 1497 prudentiam
2048 1455 2166 1487 tribue-

1212 1518 1290 1550 bant
1311 1516 1395 1560 (Cic.
1414 1516 1456 1548 Ν.
1476 1517 1517 1549 D.
1534 1517 1573 1557 2,
1598 1517 1646 1548 22
1673 1517 1785 1561 sequ.).

1288 1581 1401 1612 celsior
1425 1592 1492 1611 una
1516 1579 1618 1625 Jove]
1651 1580 1691 1612 ld
1716 1586 1842 1612 enarrat
1868 1580 1963 1613 etiam
1981 1581 2165 1615 Macrobius

1213 1640 1268 1674 lib.
1283 1641 1347 1681 111,
1368 1654 1435 1685 cap.
1449 1643 1484 1682 4,
1508 1642 1563 1673 ubi
1586 1642 1625 1673 de
1642 1642 1821 1673 Penatibus
1844 1642 2052 1686 disceptatur:
2075 1654 2164 1674 »esse

1214 1710 1318 1736 autem
1336 1705 1473 1736 medium
1493 1706 1620 1736 aethera
1641 1705 1769 1745 Jovem,
1791 1705 1955 1737 Junonem
1972 1717 2048 1737 vero
2068 1706 2165 1738 imum

1212 1774 1317 1800 a‘e'rcm
1348 1781 1420 1800 cum
1444 1774 1544 1808 terra,
1573 1775 1605 1800 et
1626 1770 1810 1801 illinet-vam
1840 1781 2000 1801 summum
2026 1771 2164 1801 aetheris

1212 1843 1380 1862 cacumen«
1406 1836 1464 1862 cet.
1478 1831 1603 1862 BAnTu.
1618 1831 1672 1874 (ad
1690 1830 1772 1862 Stat.
1787 1830 1834 1870 Π,
1856 1844 1887 1874 p.
1897 1831 1994 1874 401).
2006 1849 2053 1854 -—-
2068 1830 2164 1863 Adde

1212 1892 1344 1924 Celsum
1368 1892 1464 1935 (apud
1484 1891 1650 1933 Originem
1669 1892 1690 1923 l.
1715 1894 1753 1932 8,
1775 1905 1805 1936 p.
1818 1892 1921 1936 422),
1947 1892 2165 1935 Augustinum

1211 1953 1264 1997 (de
1289 1954 1346 1985 civ.
1371 1954 1423 1985 dei
1447 1953 1488 1994 4,
1520 1953 1597 1996 10),
1625 1959 1657 1984 et
1682 1965 1763 1996 quae
1791 1954 1885 1986 docte
1903 1954 2086 1987 Creuzerus
2101 1954 2162 1986 dis-

1210 2023 1300 2062 putat
1328 2016 1485 2060 (Symbol.
1510 2017 1558 2057 Π,
1584 2030 1613 2061 p.
1631 2018 1704 2048 800
1725 2016 1838 2061 sequ.).

1286 2075 1425 2122 ἑπτάς]
1454 2078 1560 2122 Supra
1586 2078 1752 2110 docuimus
1780 2090 1836 2109 eur
1865 2073 1988 2117 ἑπτὰς
2009 2088 2099 2109 sacra
2122 2077 2161 2107 sit

1209 2141 1343 2174 Palladi.
1376 2141 1476 2183 Quod
1501 2141 1645 2184 sequitur
1672 2141 1777 2185 »prior
1798 2140 1881 2180 igni«
1905 2145 1954 2169 est
1976 2139 2065 2181 prior
2080 2139 2161 2173 Vul-

1210 2216 1299 2244 cano,
1324 2202 1374 2234 cui
1393 2203 1574 2234 octonarius
1596 2214 1696 2241 sacer,
1716 2201 1771 2243 qui
1791 2198 1998 2243 subsequitur
2013 2201 2160 2244 heptada.

1210 2266 1313 2300 GnoT.
1330 2282 1377 2287 —
1413 2262 1597 2296 Macrobius
1627 2263 1666 2305 (s,
1684 2260 1737 2292 Sc.
1766 2262 1804 2300 1,
1837 2261 1878 2301 (33
1913 2273 1943 2304 p.
1963 2262 2012 2293 50
2029 2261 2162 2305 Zcun.),

1216 2327 1320 2360 »Huic
1350 2332 1455 2358 autem
1484 2337 1616 2357 numero
1645 2325 1826 2366 septenario
1858 2323 1938 2355 adeo
1966 2324 2074 2368 opinio
2098 2325 2158 2357 vir-

1208 2389 1347 2433 ginitatis
1373 2387 1519 2427 inolevit,
1552 2391 1587 2417 ut
1611 2386 1722 2416 Pallas
1748 2397 1876 2429 quoque
1902 2385 2076 2418 vocitetur«
2099 2392 2158 2420 cet.

1207 2453 1306 2486 Plura
1327 2450 1398 2482 vide
1421 2460 1516 2492 supra
1542 2446 1583 2492 (§.
1604 2447 1665 2491 40)
1685 2452 1716 2478 et
1733 2447 1813 2478 infra
1839 2445 1882 2491 (ἓ.
1898 2447 1997 2492 758).

1282 2515 1377 2548 tertia
1396 2510 1504 2556 Luna]
1537 2512 1629 2543 Luna
1653 2511 1746 2542 tertio
1776 2523 1793 2542 a
1820 2510 1905 2543 coitu
1931 2511 1982 2543 die
2006 2523 2157 2557 apparere

1207 2577 1333 2623 incipit,
1360 2580 1393 2608 ct
1411 2578 1486 2607 tune
1511 2572 1654 2607 Minerva
1673 2572 1805 2613 dicitur3
1832 2573 1915 2604 uude
1941 2584 2005 2606 uon
2028 2572 2155 2614 desunt.
