2310 2860
777 166 976 209 Martiani
1006 165 1204 223 Capellae
1233 165 1306 207 lib.
1327 165 1380 208 V.
1419 167 1452 218 ᾗ.
1471 166 1572 209 467.
2074 171 2161 211 415

215 275 461 331 qualitatem
487 273 738 330 negotialem
763 273 1007 324 consistere,
1040 272 1157 328 quod
1182 271 1234 312 de
1260 271 1406 320 futuro
1430 271 1654 324 deliberat,
1687 274 1981 327 existimarint3
2020 286 2162 318 tamen

212 355 268 396 ita
300 356 478 411 qualitas
510 355 769 411 plerumque
803 353 1010 394 censenda
1049 361 1128 402 est,
1167 361 1214 392 ut
1253 350 1321 392 alii
1358 365 1533 407 quoque
1570 362 1698 394 status
1737 353 1838 396 huie
1869 356 2010 411 generi
2041 371 2162 412 posse

216 436 403 476 accidere
444 451 526 476 non
558 444 775 490 negentur.
843 435 970 475 Nunc
1010 443 1138 474 status
1177 433 1219 473 in
1257 432 1411 473 talibus
1448 433 1504 474 ita
1544 435 1720 489 reperiri
1758 451 1877 490 posse
1915 435 2160 486 firmamus,

211 525 372 556 utnon
412 531 464 556 ex
503 516 740 556 intentionis
788 514 1058 569 depulsione,
1104 513 1474 569 quemadmodum
1507 514 1547 554 in
1589 515 1849 555 conflictibus
1881 526 2160 556 monstratum

213 606 291 648 est,
340 597 533 652 regulam
587 606 824 637 teneamuS.
902 595 1019 645 Quid
1063 596 1197 646 enim,
1245 604 1318 636 aut
1358 597 1452 651 quis
1492 595 1694 647 intendet,
1740 596 1805 636 vel
1842 597 1988 637 ordine
2025 597 2160 637 soluto

211 691 436 732 persuasor
466 676 732 718 dissuasorve
756 676 999 731 confligent,
1034 690 1172 731 quum
1206 677 1387 718 alterum
1413 678 1594 732 deligere
1625 678 1664 718 iu
1698 677 2048 720 adstructionibus
2073 694 2158 720 nou

212 757 435 799 vetemur?
495 758 575 799 Sed
610 768 751 799 tamen
783 758 1034 798 accusatoris
1065 767 1204 813 partes
1243 757 1454 799 dissuasor
1488 758 1654 799 videtur
1686 758 1896 813 arripere;
1936 746 2009 813 (mi
2046 760 2160 800 enim

210 840 480 881 inhonestum
519 840 587 880 vel
618 839 764 880 inutile
794 838 900 880 illud
931 838 1047 893 quod
1077 839 1290 879 dissuadet
1321 837 1516 888 ostendit,
1554 853 1634 892 pro
1673 847 1784 878 certo
1818 838 1958 892 ipsum
1990 840 2160 881 videtur

210 935 409 961 accusare
433 920 671 975 negotiu1n3
704 933 930 974 persuasor
954 934 1056 960 vero
1088 928 1226 974 partes
1248 919 1395 975 awipit
1424 918 1666 969 defensoris,
1699 927 1737 959 et
1761 918 1910 973 negotii
1935 928 2161 960 tractatum

210 1001 398 1055 qualibet
431 1000 663 1053 objectione
706 1000 1007 1040 contrarietatis
1048 1000 1240 1041 absolvit.
1300 1001 1366 1041 Ex
1407 1015 1493 1056 quo
1526 1010 1564 1040 et
1595 1000 1807 1041 dissuasor
1841 1000 2077 1051 intendere,
2123 1011 2162 1041 et

208 1095 434 1135 persuasor
457 1080 670 1134 depellere
702 1080 982 1120 memorandi.
1037 1081 1098 1121 Ac
1122 1081 1179 1121 sie
1203 1080 1464 1121 conflictione
1496 1081 1680 1135 partium
1713 1080 1820 1121 facta
1851 1090 1980 1121 status
2012 1081 2162 1135 poterit

208 1174 435 1214 apparere,
473 1159 586 1199 utin
617 1159 698 1199 alia
730 1172 876 1199 causa:
906 1158 1068 1199 Crebro
1095 1159 1146 1200 ad
1182 1175 1328 1202 muros
1362 1160 1549 1201 exercitu
1579 1160 1762 1214 fugiente
1792 1159 1996 1199 deliberat
2024 1160 2162 1212 impe·

205 1249 320 1281 rator
344 1249 491 1281 utrum
518 1239 661 1280 diruat
685 1254 845 1281 muros.
878 1239 1028 1280 Muros
1056 1239 1244 1280 exscindi
1273 1254 1411 1294 quum
1442 1239 1563 1289 dicit,
1595 1254 1734 1280 nonne
1767 1238 1933 1279 videtur
1962 1239 1995 1279 si
2020 1239 2162 1280 fecerit

208 1321 437 1362 aec-usare?
499 1321 664 1361 Deinde
707 1322 893 1375 graviter
932 1331 972 1362 et
1017 1320 1206 1361 seditiose
1250 1319 1292 1360 id
1327 1319 1559 1360 exercitum
1604 1333 1932 1374 perpessurum3
1988 1320 2030 1360 in
2076 1334 2163 1374 quo

207 1401 447 1454 conjectura
481 1400 551 1440 fiet
586 1400 638 1440 de
680 1401 974 1440 commotionis
1012 1409 1181 1439 eventu.
1250 1401 1312 1440 Ae
1352 1414 1452 1439 mox
1492 1402 1524 1439 si
1566 1399 1676 1439 dicat
1716 1400 1935 1440 victoriam
1967 1415 2051 1441 non
2083 1416 2161 1441 vo-

207 1480 409 1531 candam,
441 1481 474 1520 si
498 1479 756 1535 praesidium
789 1480 964 1521 civitatis
992 1478 1270 1532 exscinditur3
1302 1479 1394 1521 finis
1427 1481 1605 1521 accessit.
1664 1479 1967 1521 Definiendum
2001 1482 2161 1537 quippe

207 1561 344 1616 qualis
379 1570 510 1601 status
557 1561 777 1601 moenium
817 1559 1037 1601 victoriam
1075 1558 1200 1599 faeiat
1236 1559 1454 1601 celebrari.
1532 1561 1658 1601 Tunc
1692 1561 1724 1600 si
1762 1561 1973 1602 dissuasor
2014 1561 2161 1611 addat,

204 1641 292 1680 sine
327 1640 497 1681 consilio
535 1649 704 1680 senatus
742 1639 784 1680 id
814 1638 906 1680 fieri
945 1654 1030 1680 non
1061 1638 1237 1690 debere,
1280 1641 1554 1696 praescriptio
1589 1642 1713 1681 etiam
1748 1641 1916 1682 videtur
1948 1642 2158 1683 accedere..

206 1720 379 1761 Certum
424 1730 483 1760 est
520 1720 645 1774 igitur
692 1728 731 1759 et
769 1719 1042 1759 intentionem
1090 1719 1317 1761 dissuasori
1354 1720 1449 1776 jure
1486 1722 1660 1777 signari,
1713 1731 1750 1762 et
1791 1722 1833 1762 in
1874 1722 2157 1763 deliberativis

207 1811 376 1843 cunctos
414 1810 543 1846 status
577 1800 786 1856 promtius
825 1814 1045 1856 apparere.
1115 1800 1346 1844 Sciendum
1389 1811 1551 1854 tamen,
1587 1818 1643 1844 ne
1673 1802 1885 1845 dissuasor
1916 1804 2033 1846 velut
2064 1819 2161 1845 sen-

280 1969 405 2015 soluto]
437 1970 525 2012 Lege
557 1971 658 2002 solito.
684 1969 788 2002 Gno‘r.
807 1988 854 1993 —
885 1970 1161 2013 Quidni-soluto?

204 2032 350 2076 Namque
373 2038 438 2063 tam
461 2030 699 2071 antecedentia,
724 2043 817 2074 quam
841 2031 1068 2076 subsequentia
1092 2031 1159 2063 vul-

205 2108 312 2138 garem
335 2096 509 2127 defendunt
533 2095 712 2127 lectionem.
739 2095 890 2127 Profecto
919 2095 965 2126 »si
988 2096 1059 2139 quis
1084 2096 1160 2127 alle-

205 2173 280 2191 rum
296 2159 440 2191 ordinem
459 2159 597 2200 deligere
613 2171 677 2189 non
695 2164 854 2199 vetetur«,
877 2171 957 2202 quae
974 2165 1047 2190 sunt
1065 2159 1161 2191 verba

204 2221 368 2261 Matiani,
395 2221 472 2252 ordo
491 2221 614 2252 solutus
635 2226 700 2258 est,
723 2220 907 2264 neutiquam
929 2221 1056 2252 solitus!
1076 2221 1161 2253 Hinc

205 2282 328 2314 correxi
351 2282 443 2313 etiam
468 2281 564 2325 paulo
590 2287 664 2325 post
683 2294 699 2313 e
721 2282 884 2314 codicibus
905 2282 1092 2314 Monacensi
1104 2281 1160 2326 (C)

206 2351 238 2376 et
258 2346 507 2376 Darmstattensi
531 2346 642 2377 verba:
668 2357 727 2376 nex
759 2357 823 2389 quo
855 2358 1028 2388 persuasor
1057 2347 1158 2377 inten-

205 2407 279 2438 dere
313 2412 344 2437 et
369 2406 532 2438 dissuasor
565 2407 725 2450 depellere
760 2408 982 2439 niemorandi.«
1025 2408 1158 2440 Rectius

206 2470 289 2502 enim
314 2482 398 2501 nune
428 2469 532 2511 leges,
565 2471 668 2501 soluto
695 2471 842 2502 nimirum
874 2471 1001 2511 ordine,
1031 2484 1161 2515 persua-

205 2544 308 2564 sorem
336 2532 490 2574 depellere
510 2531 683 2573 (reensare)
704 2537 735 2562 et
761 2533 974 2565 dissuasorem
995 2534 1161 2565 intendere

205 2597 438 2638 (accusatorem
464 2591 582 2633 agere).
620 2592 835 2625 Intentionem
866 2594 951 2626 enim
980 2600 1088 2626 noster
1117 2594 1158 2638 (§.

1210 1971 1305 2015 474)
1335 1972 1505 2012 rationem,
1538 1971 1757 2016 depulsionem
1785 1977 1889 2004 autem
1920 1972 2162 2005 infirmationem

1210 2034 1342 2066 rationis
1368 2034 1516 2078 appellat.
1541 2036 1698 2068 Conferre
1719 2036 1812 2068 etiam
1832 2036 2066 2070 licet⁴Marium
2086 2037 2160 2069 Vic-

1210 2099 1348 2130 torinum
1376 2099 1418 2141 (p.
1437 2099 1510 2129 212
1537 2098 1645 2142 Pith.).

1286 2158 1412 2205 erebro]
1448 2160 1546 2192 Curio
1580 2161 1813 2193 Fortunatiano
1841 2162 1909 2205 (ap.
1934 2161 2018 2193 Pith.
2049 2175 2079 2205 p.
2096 2162 2160 2205 47)

1211 2222 1271 2253 hoe
1305 2234 1432 2266 quoque
1475 2223 1655 2266 exemplum
1691 2222 1800 2255 deberi
1834 2222 1977 2263 videtur,
2018 2223 2091 2254 lieet
2118 2221 2162 2253 ihi

1211 2295 1277 2314 non
1305 2283 1344 2314 ad
1371 2283 1612 2316 deliberativum
1636 2285 1693 2316 sed
1723 2285 1762 2316 ad
1780 2283 1932 2326 judiciale
1959 2295 2057 2325 genus
2081 2283 2160 2314 rela-

1211 2352 1277 2378 tum
1299 2347 1353 2378 sit:
1377 2347 1487 2379 »miles
1511 2360 1549 2379 ex
1571 2349 1636 2380 acie
1663 2348 1702 2380 ad
1724 2359 1832 2379 muros
1856 2347 2072 2388 confugiebat5
2104 2345 2160 2377 im-

1210 2414 1339 2452 perator
1360 2421 1467 2440 muros
1490 2410 1601 2451 diruit,
1628 2410 1791 2442 victoriam
1808 2407 1996 2453 reportavit5
2021 2418 2094 2439 reus
2113 2413 2162 2439 est

1213 2473 1318 2504 laesae
1340 2472 1560 2516 reipublicae«

1285 2536 1320 2565 in
1346 2534 1572 2580 deliberativis]
1601 2533 1657 2567 Sic
1687 2534 1787 2566 codex
1812 2532 2076 2563 Darmstauensis
2100 2543 2163 2563 τηε-

1210 2595 1271 2628 lius
1293 2603 1377 2629 certe
1405 2611 1498 2641 qnam
1521 2599 1719 2630 deliberativi
1736 2597 1767 2627 in
1794 2594 1893 2626 edilis.
