2310 2860
752 242 1606 311 MARTIANI

955 374 1068 418 MIN
1070 374 1130 418 EI
1171 374 1397 420 FELICIS

195 489 2154 618 oAPELLAE,

804 660 942 704 AFRI
987 660 1433 706 CARTHAGINIEN
1440 661 1519 705 SIS
1528 693 1542 715 ,

506 821 751 898 DE
895 821 1822 902 NUPTIIS

676 971 1128 1015 PHILOLOGIAE
1190 972 1273 1015 ET
1330 971 1662 1016 MERCURII
1883 992 1925 1035 9

1050 1115 1190 1149 LIBER
1221 1116 1268 1149 11.

555 1233 671 1311 Sed
701 1279 863 1327 purum
896 1263 1083 1306 astrificis
1114 1265 1285 1307 coelum
1317 1265 1546 1309 scandebat
1575 1264 1753 1308 habenis

551 1346 652 1387 Nox
682 1360 887 1388 revocans
919 1360 1060 1388 merso
1090 1345 1293 1401 fulgentia
1324 1348 1464 1390 sidera
1493 1348 1681 1390 Phoebo.

549 1427 700 1469 Ardua
729 1437 830 1469 tunc
859 1428 1000 1469 senior
1030 1427 1248 1469 succendit
1275 1428 1467 1484 plaustra
1495 1430 1668 1482 Bootes,

543 1506 598 1549 Et
627 1509 749 1564 spiris
781 1518 903 1552 torvo
934 1510 1155 1551 nituerunt
1185 1518 1296 1552 astra
1327 1511 1538 1563 Draconi;

250 1626 340 1672 Nox]
367 1627 544 1661 Multorum
564 1635 742 1674 poetarum,
766 1630 906 1674 Virgilii,
931 1629 1038 1670 Statii,
1063 1629 1137 1662 Silii
1188 1629 1267 1661 hent
1289 1635 1473 1669 auctorem,
1496 1639 1607 1659 verum
1628 1627 1746 1660 cursim
1766 1633 1890 1661 tantum
1912 1627 1980 1661 sive
1999 1627 2141 1663 saliendo

176 1689 296 1730 Italici,
334 1690 468 1722 aliorum
485 1691 640 1723 habemus
662 1692 767 1725 noctis
790 1692 1041 1736 descriptione53
1078 1691 1136 1723 sed
1186 1691 1301 1722 menda
1324 1690 1375 1722 vel
1398 1700 1523 1721 errores
1546 1694 1712 1721 venantur.
1738 1688 1826 1721 Infra
1848 1689 1889 1734 (ἓ.
1909 1690 1995 1734 808)
2017 1698 2142 1725 noster:

176 1753 321 1797 profecto
350 1765 417 1786 non
444 1754 589 1787 ultimum
614 1757 693 1788 haec
716 1757 818 1788 nostri
847 1762 983 1801 occupat
1017 1757 1134 1788 locum.
1243 1756 1335 1787 »Illic
1361 1755 1409 1787 bis
1436 1758 1556 1796 septem
1580 1754 1694 1785 solitus
1715 1765 1846 1786 servare
1870 1756 1991 1788 triones

175 1815 368 1857 Fulgentius
392 1817 520 1861 quidem
549 1815 593 1862 (p.
615 1818 661 1850 25
684 1818 828 1861 Muuck.)
849 1818 967 1852 imitari
984 1831 1057 1851 eum
1077 1830 1132 1850 vo·
1232 1819 1388 1851 Plaustro
1408 1818 1618 1861 Hyperborea
1640 1817 1826 1861 resplendet
1847 1817 1919 1850 luce
1941 1819 2086 1852 Bootes.«

176 1878 250 1918 luit,
272 1890 382 1911 verum
403 1879 485 1911 male
506 1879 579 1912 huic
601 1892 698 1923 opera
716 1880 883 1913 successit.
1181 1879 1312 1911 Booten
1336 1891 1407 1911 eum
1429 1878 1582 1922 plaustris
1605 1877 1744 1911 Ovidius
1772 1890 1901 1923 quoque
1923 1880 2032 1923 jungit
2053 1881 2138 1925 (met.

247 1940 361 1986 merso]
389 1943 514 1975 »Herse
534 1943 688 1974 Phoebo«
707 1943 746 1975 de
766 1942 855 1975 Solis
878 1954 994 1975 occasu
1008 1948 1128 1983 noster,
1183 1942 1240 1973 10.
1261 1940 1358 1985 447).
1397 1941 1488 1973 Idem
1518 1940 1596 1972 alias
1622 1940 1846 1985 Arctophylax
1876 1941 1958 1985 (Cic.
1979 1941 2020 1976 Ν.
2043 1943 2084 1976 D.
2105 1943 2137 1974 2.

175 2005 444 2049 quemadmodum
465 2005 589 2037 Statius
612 2004 726 2049 (Theb.
754 2007 770 2037 1
784 2028 793 2045 ‚
828 2005 916 2049 544)
940 2005 978 2037 de
1005 2010 1078 2038 ortu
1097 2012 1129 2037 et
1179 2004 1229 2035 42
1252 2004 1302 2047 fi),
1333 2004 1408 2048 quia
1430 2004 1574 2048 plaustra
1600 2003 1668 2036 sive
1697 2004 1817 2037 triones
1840 2016 1986 2039 ursarum
2009 2018 2137 2052 quoque

173 2069 302 2101 Aurora
325 2081 531 2113 »repercusso
552 2069 703 2101 Phoebo«
738 2068 832 2100 cauit.
1178 2068 1279 2111 figura
1297 2069 1499 2111 fingebantur
1520 2068 1624 2113 (ΑΙ-π.
1642 2068 1818 2101 Phaenom.
1840 2081 1870 2102 v.
1890 2068 1963 2114 26).

244 2131 422 2178 succendit]
450 2133 685 2175 corrigendum
707 2133 856 2166 succedit.
894 2131 1008 2177 Inepte
1030 2132 1126 2175 vulgo
1253 2132 1358 2179 toruo]
1383 2132 1533 2165 Imitatus
1565 2137 1615 2165 est
1642 2132 1811 2166 Ciceronis
1843 2133 1896 2177 (N.
1917 2133 1959 2167 D.
1980 2134 2023 2178 2,
2053 2135 2135 2179 42);

173 2195 277 2226 editur
301 2195 476 2227 succendit.
509 2195 649 2240 Saepius
676 2195 752 2227 alibi
776 2195 951 2236 »succedo‚
983 2195 1125 2237 succido,
1176 2194 1289 2227 verba:

173 2259 343 2299 succendo,
362 2258 490 2300 accedo,
507 2259 666 2292 accendo«
687 2265 761 2290 sunt
779 2264 965 2303 permutata.
979 2258 1125 2292 Ouum-n.
1234 2274 1246 2288 ι)
1256 2261 1286 2291 Τ
1284 2258 1373 2292 orvu’
1390 2260 1500 2291 Draco
1521 2259 1622 2302 serpit
1642 2259 1769 2291 subter«
1792 2278 1841 2285 —-
1858 2278 1908 2285 —

173 2322 225 2364 (ad
247 2323 377 2356 Caesar.
400 2336 432 2368 p.
453 2323 525 2368 95).
542 2342 590 2347 --
615 2323 701 2355 Num
719 2324 828 2355 forsan
848 2329 880 2356 et
896 2323 1048 2356 Lucanus
1069 2323 1124 2367 (2,
1176 2322 1384 2367 Quapropter
1402 2321 1614 2366 spernendam
1639 2320 1776 2352 arbitror
1795 2320 2047 2353 emendationem
2067 2325 2128 2352 tor-

175 2384 259 2426 415)
284 2384 508 2427 corrigendus,
539 2385 594 2430 qui
620 2386 764 2430 scripsit:
1175 2391 1208 2417 to
1213 2407 1226 2424 ,
1255 2397 1273 2416 a
1294 2383 1369 2415 viris
1391 2383 1493 2416 doctis
1515 2383 1703 2428 (Burmann.
1720 2383 1839 2414 anthol.
1859 2383 1930 2414 Lat.
1946 2384 1976 2413 -Ι,
1993 2394 2024 2425 p.
2043 2382 2128 2425 185)

228 2448 422 2480 »Succendit
437 2449 606 2482 Phaethon
617 2450 835 2495 flayranztibus
855 2451 987 2483 aethera
1003 2449 1124 2483 luniso?
1175 2446 1392 2492 propositam
1435 2445 1623 2490 Praesertim
1657 2456 1755 2488 quum
1786 2445 1864 2476 haec
1888 2443 1975 2475 ⁰⁰5⁰
1998 2443 2065 2484 jam
2094 2443 2127 2474 5¹¹
2144 2439 2162 2453 ‘y

171 2507 266 2540 Adeo
292 2509 400 2541 futiles
429 2522 525 2554 saepe
559 2517 634 2543 sunt
661 2513 845 2545 criticorum
877 2512 1127 2554 emendationes,
1178 2512 1274 2555 spiris
1301 2510 1510 2543 contincatur.
1561 2509 1628 2541 Pro
1653 2509 1799 2541 Draconi
1829 2506 1975 2539 nonnulli
1999 2507 2125 2540 codices

150 2617 151 2620 Ἰ
171 2571 358 2614 praesertim
386 2583 515 2614 eorum,
537 2573 592 2617 qui
617 2585 684 2606 non
709 2580 813 2607 totum
833 2580 906 2608 ante
935 2574 1048 2609 oculos
1073 2575 1126 2607 ha·
1177 2576 1328 2610 Dracone
1352 2575 1487 2616 habent,
1515 2574 1572 2606 sed
1590 2584 1703 2619 parum
1723 2571 1864 2603 interest.

1639 2634 1684 2666 18
1701 2629 1724 2657 *
