2310 2860
285 221 374 264 186

835 216 1038 262 Martiani
1075 215 1275 273 Capellae
1313 216 1387 259 lib.
1411 216 1464 259 11.
1502 218 1656 270 §.155

168 324 252 371 135
290 339 418 384 atque
442 324 676 382 hymene‘ia
692 323 850 366 dedere
869 323 1070 380 tripudia.
1101 322 1184 364 Sed
1208 337 1305 364 ecce
1328 336 1484 378 magno
1502 325 1696 380 tympani
1718 325 1881 381 crepitu
1901 325 2252 381 crotalorumque

284 410 438 454 tinnitu
458 408 660 450 universa
680 407 913 458 dissultant,
937 418 1129 460 eousque
1153 412 1201 444 ut
1216 403 1446 444 Musarum
1465 411 1612 443 cantus
1635 403 1851 460 aliquanto
1868 405 2036 447 bombis
2059 404 2252 462 tympani

284 491 474 533 obtusior
491 489 764 542 redderetur3
795 498 834 530 et
853 502 953 529 cum
972 486 1112 528 sonitu
1127 483 1377 526 introfertur
1397 484 1543 526 lectica
1561 483 1815 528 interstincta
1834 486 2056 539 sideribus,
2079 487 2149 528 cui
2165 487 2252 530 ritu

281 572 460 629 mystico
489 571 673 628 crepitus
696 569 1016 626 praecinebant,
1048 581 1136 623 qua
1157 580 1250 606 mos
1276 565 1416 607 suerat
1440 566 1646 608 nubentes
1664 567 1779 609 Deas
1798 568 1841 609 in
1866 569 2051 610 coelestis
2070 569 2249 612 thalami

164 656 251 699 154
287 654 513 712 pervenire
533 652 751 694 consortia.
782 651 890 692 Ante
905 649 1017 691 hanc
1032 648 1248 704 quaedam
1265 649 1516 705 augustioris
1533 648 1676 690 vultus
1692 648 1864 702 femina,
1886 665 1934 692 ac
1951 665 2071 693 sacro
2087 651 2251 693 lumine

283 737 570 791 aethereoque
599 733 869 789 resplendens
900 731 1135 775 venerabili
1167 731 1361 773 antistitio
1394 730 1711 787 praeminebat3
1752 745 1884 786 quam
1917 746 2056 786 quum
2088 746 2249 782 omneS,

281 819 357 874 qui
382 817 559 869 affuere,
591 816 894 873 conspicerent,
923 814 1097 857 reveriti
1124 823 1222 856 sunt
1245 812 1451 869 inclytam
1474 813 1751 867 majestatem,
1781 821 1830 853 ut
1850 811 2031 854 deorum
2052 814 2248 854 omnium

280 897 524 952 mundique
562 895 796 938 custodem.

859 896 974 938 Huic
1012 895 1267 938 Athanasiae
1306 909 1465 937 nomen
1503 893 1594 934 suit.
1653 893 1707 934 Et
1744 892 1872 945 heus,
1909 894 2069 949 inquit,
2113 894 2247 951 virge,

279 977 495 1033 praecepit
532 977 715 1018 deorum
752 986 872 1032 pater
909 976 990 1018 hae
1030 977 1161 1033 regali
1201 977 1346 1018 lectica
1384 976 1428 1018 in
1466 976 1570 1016 coeli
1615 975 1770 1031 palatia
1806 976 2082 1019 subveharis:
2114 991 2248 1033 quam

280 1058 456 1115 quidem
488 1058 596 1101 nulli
636 1058 698 1099 fas
731 1068 949 1100 attrectare
979 1059 1236 1115 terrigenae,
1275 1058 1349 1101 sed
1379 1073 1458 1099 nec
1487 1058 1559 1098 tibi
1592 1057 1769 1113 quidem
1801 1067 1895 1098 ante
1927 1057 2136 1114 poculum
2169 1072 2248 1099 no·—

162 1137 245 1182 155
278 1149 417 1182 strum
446 1139 553 1181 licet.
609 1140 665 1182 Et
703 1154 804 1181 cum
842 1139 952 1181 dicto
990 1140 1140 1182 leniter
1179 1140 1329 1182 dextra
1370 1140 1507 1182 cordis
1547 1140 1636 1194 ejus
1670 1139 1846 1195 pulsum
1883 1150 2119 1195 pectusque
2148 1154 2247 1196 per-

275 1229 450 1273 tractat,
490 1234 537 1261 ac
577 1220 716 1261 nescio
758 1235 846 1275 qua
883 1221 1033 1263 intima
1073 1221 1336 1277 plenitudine
1376 1221 1606 1262 distentum
1646 1234 1802 1276 magno
1841 1235 1941 1261 cum
1973 1230 2146 1276 turgore
2176 1236 2247 1262 re-
2280 1271 2284 1276 .

276 1300 477 1357 spiciens:
507 1299 607 1352 nisi,
638 1300 796 1356 inquit,
828 1301 955 1354 haec,
1009 1303 1169 1358 quibus
1201 1303 1378 1359 plenum
1410 1312 1555 1359 pectus
1586 1302 1714 1358 geris,
1745 1301 2007 1343 coactissima
2037 1301 2246 1357 egestione

274 1458 351 1494 Non
363 1457 491 1490 nomine
511 1462 643 1497 tanturn,
667 1467 776 1489 verum
796 1457 894 1489 verbo
919 1458 1013 1489 etiam
1031 1458 1126 1490 simili
1140 1456 1235 1490 modo

270 1523 356 1556 infra
381 1520 422 1567 (§.
447 1520 534 1564 901)
565 1521 666 1552 utitur
697 1521 861 1553 scribens:
888 1522 1113 1565 »Hymenaeus
1138 1520 1236 1554 alacri

274 1584 403 1617 tandem
432 1583 541 1624 vigore
565 1584 759 1615 luminatus«
791 1588 851 1615 eet.

349 1645 530 1691 hymenei'a]
549 1646 636 1679 Male
655 1646 688 1678 in
704 1646 917 1678 anterioribus
932 1646 1052 1679 editum
1066 1651 1116 1679 est
1129 1647 1235 1689 hyme-

273 1720 366 1741 naeo.
387 1708 511 1740 Graece
531 1707 614 1738 enim
634 1703 799 1752 ὑμενήϊοι
816 1706 965 1739 scribitur
978 1708 1074 1752 (conf.
1091 1707 1120 1753 ξ.
1138 1709 1235 1752 725)-

347 1767 509 1814 tripudia]
548 1768 705 1799 Ilei-atius
738 1768 801 1813 (od.
827 1770 865 1810 1,
895 1769 937 1809 4,
964 1770 1001 1813 6)
1032 1770 1071 1801 «le
1101 1770 1232 1802 iisdem:

329 1833 552 1880 olunt-lacque
579 1833 737 1876 ,ΝιΙηιρΙιίε
766 1832 896 1864 Gratiae
923 1834 1069 1865 decen-‘es

323 1898 462 1932 Alter-no
494 1903 613 1929 terram
637 1896 784 1940 quatiunt
805 1897 902 1940 pede«
935 1903 995 1929 cet.

346 1959 525 2006 antistitio]
554 1960 693 1994 Serioris
722 1961 791 1992 aevi
818 1973 882 1992 vox
905 1966 955 1992 est
983 1962 1025 2005 (v.
1041 1961 1230 2007 Gangium)‚

274 2035 368 2068 quani
393 2029 505 2055 noster
528 2022 623 2054 etiam
644 2022 724 2053 infra
752 2021 794 2066 (ξ.
813 2022 899 2067 895)
923 2029 1064 2067 usurpat.

346 2083 490 2129 reveriti]
519 2083 677 2127 Supplevi
709 2089 807 2122 sunt,
835 2085 921 2126 quod
945 2090 1027 2117 teste
1049 2084 1230 2118 Arntzenio

271 2149 372 2194 (mise.
388 2161 419 2192 p.
437 2147 523 2191 209)
546 2147 580 2178 in
607 2147 770 2180 Vossiano
799 2148 908 2179 codice
934 2148 1062 2190 legitur.

346 2210 522 2256 mundique
545 2207 719 2253 custodem]
748 2209 864 2251 Tangit
888 2210 940 2241 hie
963 2210 1229 2255 philosophorum

274 2271 466 2310 doctrinam,
488 2270 641 2301 mundum
665 2281 736 2302 esse
760 2271 1006 2314 sempiternum,
1038 2272 1156 2317 quippe
1179 2274 1230 2305 eui

273 2334 451 2368 Athanasia
480 2339 589 2366 custos
619 2334 671 2365 sit.
712 2335 833 2367 Confer
864 2336 1034 2368 Platonem
1068 2337 1120 2381 (in
1146 2338 1228 2369 Tim.

275 2409 307 2442 p.
331 2397 378 2428 57
397 2394 510 2438 sequ).

347 2455 569 2501 Atlaanasiue]
604 2456 780 2489 Personam
812 2458 1058 2491 immortalitatis
1091 2460 1130 2493 ab
1161 2461 1222 2493 alio

276 2530 453 2564 quoquam,
484 2523 611 2562 praeter
632 2524 792 2560 nostrum,
821 2520 982 2553 inductam
1006 2522 1106 2555 fuisse
1136 2523 1223 2567 equi-

277 2581 349 2613 dem
376 2592 442 2613 non
466 2579 603 2611 memini.
637 2580 814 2613 Martianus
843 2581 924 2615 infra
948 2582 989 2628 (§.
1016 2584 1100 2629 140)
1123 2583 1224 2617 Atha-

276 2643 397 2674 nasiain
424 2642 515 2673 finxit
537 2640 764 2687 Apotlieoseos
792 2655 863 2675 esse
885 2644 990 2678 [iliam.

1359 1462 1392 1489 et
1414 1455 1506 1502 heus]
1535 1456 1655 1489 Glossa
1681 1456 1714 1488 in
1740 1455 1850 1489 codiee
1874 1456 2059 1489 Basileensi
2085 1456 2126 1489 ad
2151 1457 2244 1490 haec:

1292 1519 1479 1552 »Juliaunes
1501 1520 1636 1553 scotus:
1655 1521 1734 1553 heus
1753 1521 1810 1553 ubi
1827 1520 1887 1552 es?
1910 1520 2120 1554 resolvebat«
2144 1521 2246 1565 Quod

1285 1582 1430 1626 quamvis
1452 1594 1518 1614 non
1543 1594 1675 1614 necesse
1701 1582 1758 1623 sit,
1784 1587 1892 1614 tamen
1915 1583 1998 1614 hauc
2022 1582 2148 1624 glossae
2171 1593 2242 1626 par·

1284 1649 1348 1675 teni
1377 1643 1513 1684 inserui,
1547 1655 1612 1687 quo
1640 1643 1741 1684 magis
1770 1648 1879 1687 pateat
1909 1649 2029 1687 quanto
2065 1643 2100 1675 in
2135 1645 2241 1688 pretio

1283 1716 1369 1736 nono
1390 1704 1459 1746 jam
1489 1705 1599 1737 seculo
1626 1704 1803 1738 Martianus
1829 1704 1941 1746 suerit,
1974 1704 2241 1751 doctissimosque

1282 1767 1367 1798 viros
1395 1766 1567 1810 occuparit.

1356 1827 1486 1873 lectica]
1514 1826 1729 1869 Philologiam
1757 1826 1869 1859 lectica
1892 1826 1926 1859 in
1953 1827 2079 1860 coelum
2104 1828 2240 1862 subvehi

1280 1890 1353 1923 ideo
1379 1892 1516 1923 sortasse
1551 1891 1660 1932 finxit,
1692 1891 1779 1934 quod
1805 1891 1996 1936 praecipuus
2029 1904 2138 1925 earum
2161 1905 2240 1925 usus

1281 1954 1315 1986 in
1332 1954 1504 1986 evehendis
1525 1954 1659 1985 mortuis
1680 1959 1748 1985 erat
1763 1954 1862 1998 (Gell.
1885 1955 1943 1996 10,
1966 1956 1999 1987 5.
2022 1968 2053 1999 p.
2069 1958 2092 1988 G
2115 1956 2238 2000 Coun),

1281 2031 1344 2062 qua
1366 2019 1405 2050 de
1424 2031 1458 2049 re
1483 2018 1577 2050 docte
1603 2018 1731 2049 disserit
1757 2018 1887 2062 Lipsius
1912 2018 2019 2063 (elect.
2037 2020 2068 2061 l,
2096 2019 2164 2064 19).

1355 2088 1431 2114 ante
1460 2083 1609 2126 poculum
1633 2080 1797 2127 nostrum]
1826 2081 1883 2115 Sic
1918 2083 2111 2126 transposita
2139 2081 2236 2115 verba

1279 2150 1355 2177 sunt
1379 2145 1412 2176 in
1438 2145 1547 2176 codice
1572 2145 1751 2176 Dresdensi
1781 2150 1814 2177 et
1841 2145 2099 2177 Darmstattensi.
2125 2145 2235 2188 Vulgo

1278 2215 1424 2241 nosti-mn
1435 2210 1592 2252 poculum.
1607 2209 1747 2252 Ellipsin
1766 2208 1888 2240 videbis
1905 2207 2039 2239 similem
2059 2208 2122 2241 illis
2143 2216 2236 2254 npost

1279 2271 1393 2302 vitam«
1415 2269 1562 2314 (§.162)
1581 2276 1613 2302 et
1634 2274 1727 2314 »post
1750 2269 1891 2300 membra
1909 2280 2081 2313 corporea«
2103 2269 2144 2315 (§.
2161 2271 2233 2316 95).

1353 2346 1426 2365 cum
1457 2332 1560 2378 ‹lit-to]
1587 2333 1684 2377 Ipso,
1711 2343 1777 2375 quo
1805 2332 1882 2364 haee
1913 2332 2053 2374 dixerat,
2078 2339 2232 2378 tempore,

1277 2396 1400 2435 statim,
1421 2396 1519 2429 illico.
1543 2396 1594 2428 Ita
1618 2401 1729 2427 noster
1745 2407 1841 2440 saepe
1862 2394 1905 2440 (§.
1924 2397 2007 2428 580.
2035 2397 2116 2430 705.
2143 2397 2232 2442 889)

1274 2459 1394 2503 pariter
1416 2463 1511 2502 atque
1537 2457 1606 2499 ejus
1626 2455 1791 2500 popularis
1824 2455 1960 2502 (Appul.
1977 2464 2050 2490 met.
2065 2459 2100 2500 2,
2121 2471 2154 2504 p.
2172 2461 2229 2492 85.

1276 2522 1365 2563 1493
1399 2522 1435 2554 5.
1459 2533 1489 2565 p.
1514 2521 1584 2552 197
1609 2519 1718 2564 Oud.).

1347 2582 1566 2629 coactissima]
1590 2583 1620 2616 E
1653 2584 1931 2626 Reiehmauensi,
1963 2584 2227 2626 Darmstattensi,

1273 2646 1454 2681 Basilcensi
1476 2653 1507 2680 et
1529 2646 1680 2690 Ilugiano
1708 2647 1845 2694 praetuli
1869 2649 1951 2681 lianc
1974 2647 2142 2681 lectionem
2169 2659 2226 2693 pro
