2310 2860
176 131 264 173 476

761 124 959 166 Martiani
998 122 1196 179 Capellae
1231 122 1301 164 lib.
1331 121 1386 165 V.
1423 124 1456 175 §.
1481 123 1579 164 561.

175 247 235 279 est
251 237 388 292 igitur,
413 233 564 275 dieitur
587 233 797 292 ἀναγκαὶρι.
818 231 987 272 Verum
1010 230 1217 284 superior,
1243 244 1354 284 quae
1378 244 1401 270 a
1422 230 1541 271 nobis
1561 231 1748 285 quaestio
1766 231 1956 284 infertur,
1980 232 2116 273 modis

180 318 223 359 fit
244 317 425 365 duobus,
456 322 503 354 ut
528 323 600 354 aut
624 313 864 368 singulatim
895 318 1112 366 separatae
1142 308 1419 360 inducantur,
1452 318 1524 349 aut
1553 309 1696 364 plures
1721 310 1991 362 conjunctim.
2022 312 2117 352 Du-

174 398 305 438 cimus
339 404 480 435 autem
514 409 582 435 eas
619 395 736 436 varie
755 427 766 445 ,
800 403 872 434 aut
894 407 969 448 per
1001 391 1237 446 simplicem
1265 389 1614 445 propositionem,
1649 398 1722 430 aut
1743 404 1818 444 per
1838 389 2117 445 partitionem,

179 484 254 515 aut
280 488 355 528 per
376 471 545 527 figuras,
575 487 683 527 quas
712 474 886 516 ὃιοὲνοιας
913 471 1078 522 dieunt,
1110 470 1184 525 qui
1208 469 1326 509 locus
1349 469 1621 511 multiformis
1653 480 1732 523 est,
1762 486 1863 512 nam
1895 486 2029 527 paene
2062 481 2120 512 tot

171 562 268 593 sunt
297 551 534 592 occasiones
568 552 833 594 inducendae
872 551 1125 606 quaestionis
1164 551 1206 591 in
1236 550 1318 592 hoe
1347 567 1521 606 genere,
1567 561 1671 607 quot
1707 562 1806 593 sunt
1834 552 1995 608 figurae
2024 567 2120 593 sen-

56 642 142 684 :562
171 635 410 675 tentiarum.
467 634 535 674 Fit
569 633 681 673 enim
714 643 752 674 et
780 649 864 689 per>
887 633 1210 683 resolutionem,
1239 632 1282 672 id
1317 642 1375 673 est
1405 649 1502 673 κατα
1529 635 1735 693 ἀνάλυσιῖι,
1779 643 1852 675 aut
1875 649 1951 689 per
1982 634 2122 688 adjec-

168 717 347 763 tionem,
382 724 454 756 aut
482 729 558 769 per
580 715 933 769 praeteritionem,
966 724 1038 755 aut
1068 729 1144 769 per
1167 714 1493 764 concessionem,
1525 725 1596 755 aut
1628 730 1704 770 per
1731 714 2120 769 reprehensionem,

172 807 241 838 aut
273 812 348 852 per
377 797 705 852 sejunctionem,
752 797 795 837 id
826 806 886 837 est
917 798 1154 849 ἀφορισμὸν,
1198 802 1270 833 aut
1300 808 1375 848 per
1407 792 1761 844 admonitionem,
1795 804 1867 834 aut
1896 809 1972 849 per
2002 793 2121 835 dissi-

175 879 381 919 mulatam
424 877 773 933 propositionem,

838 886 909 917 aut
954 891 1030 932 per
1080 875 1321 930 repetitam,
1376 883 1449 915 aut
1486 889 1561 929 per
1607 875 1877 923 instructam,
1928 883 1999 915 aut
2044 889 2119 929 per

171 959 393 1015 partitam,
439 967 511 998 aut
549 972 624 1012 per
670 957 987 998 similitudinem
1029 955 1257 1012 superioris
1299 954 1552 1009 quaestionis
1598 964 1670 994 aut
1705 954 2007 1010 responsionis,
2050 965 2122 996 aut

169 1056 245 1097 per
281 1039 593 1090 inversionem,
637 1037 680 1079 id
720 1047 778 1078 est
820 1052 957 1091 quum
998 1039 1184 1093 primam
1224 1037 1340 1077 illam
1380 1037 1670 1091 quaestionem
1711 1047 1963 1088 tractamuS,
2009 1051 2119 1092 quae

176 1180 308 1214 »Omnis
332 1180 476 1225 quaestio
505 1179 608 1224 qualis
638 1179 707 1210 est?
736 1184 789 1210 aut
810 1176 1116 1224 προηγούμενος,

168 1257 250 1289 quac
277 1256 294 1275 a
320 1245 413 1276 nobis
438 1243 598 1275 inducitur
620 1248 655 1273 ut
677 1242 896 1282 confirmetur,
923 1248 977 1273 aut
1004 1238 1118 1286 ἀναγ-

1171 1183 1234 1214 cio:
1261 1182 1492 1224 sejunctionem
1518 1182 1550 1214 id
1577 1188 1626 1213 est
1649 1178 1882 1229 ἀφόρισμον,
1909 1181 2118 1223 adjectionem
2173 1192 2180 1196 “

1170 1251 1251 1278 θείη(
1279 1245 1345 1277 Sed
1366 1245 1501 1288 primum
1522 1244 1649 1288 quidem
1679 1244 1812 1275 Grotius
1841 1244 1922 1275 male
1946 1243 2044 1275 edidit
2065 1243 2118 1273 ml-

168 1307 275 1348 καὶα,
301 1320 382 1351 quae
409 1307 448 1338 ab
472 1306 676 1345 adversariis,
699 1311 734 1336 ut
756 1305 956 1345 refellatur«,
983 1317 1119 1348 quocum
1164 1308 1376 1350 junctionem,
1392 1306 1561 1348 quuinjam
1575 1306 1799 1336 antecedentes
1814 1306 2021 1348 affectionem
2034 1310 2119 1335 recte

168 1377 370 1415 comparetur
394 1370 475 1400 alius
504 1369 595 1400 locus
616 1369 659 1411 (p.
678 1368 754 1409 59)=
785 1368 860 1398 »scd
892 1372 924 1397 et
947 1367 1047 1410 ipsam
1071 1379 1117 1397 ar-

163 1434 436 1476 gumentationem
452 1438 634 1464 nostrorum
650 1436 918 1473 argumentorum,
934 1442 1014 1474 quae
1030 1439 1121 1476 προ-

164 1492 361 1540 ηγούμενα
401 1494 564 1534 dicuntur,
607 1498 640 1524 et
674 1492 954 1536 reprehensionem
992 1504 1118 1532 eorum,

164 1569 246 1601 quae
270 1557 309 1588 ab
337 1555 517 1588 adversario
544 1560 781 1598 proponuntur,
810 1566 891 1597 quae
917 1554 1034 1585 Graeci
1064 1565 1117 1584 vo-

163 1626 237 1652 cant
257 1616 476 1664 civayxcct‘am
510 1618 603 1649 Unde
622 1623 752 1661 apparet
772 1618 856 1660 apud
878 1622 1022 1648 nostrum
1039 1628 1118 1659 quo-

165 1695 228 1726 que
258 1683 394 1726 primum
417 1682 586 1722 legendnm
605 1681 821 1722 confirmetur,
851 1691 917 1710 non
943 1679 1118 1721 confirmet,

165 1750 202 1775 ut
234 1743 390 1774 editiones
424 1747 496 1772 ante
537 1741 685 1772 Grotium
717 1741 849 1777 habent,
895 1740 1009 1772 deinde
1041 1752 1117 1771 vero

166 1804 250 1848 apud
267 1804 371 1847 ipsum
388 1802 536 1835 Grotium
558 1814 615 1845 pro
635 1800 791 1836 ἐναντία
810 1802 1026 1833 reducendum
1046 1813 1117 1833 esse

167 1864 375 1911 ἀναγκαία,
401 1866 486 1909 quod
506 1866 561 1897 ille
586 1866 711 1896 deserta
735 1866 989 1897 antecedentium
1007 1865 1117 1896 editio-

166 1943 241 1962 num
265 1930 450 1962 auctoritate
470 1929 503 1960 in
521 1929 693 1970 marginem
709 1929 828 1970 rejecit.
852 1916 1117 1960 Dsarmstattensis

166 2003 294 2036 quoque
309 1992 411 2023 codex
425 1991 549 2022 Latinis
562 1991 663 2021 literis
681 1991 832 2034 scriptum
852 1991 947 2022 habet
963 2003 1117 2022 anemeea.

239 2051 353 2098 igilur]
376 2053 415 2084 In
435 2052 507 2084 MS.
534 2052 623 2083 abest
649 2053 774 2083 dicitur.
801 2052 872 2093 Ego
896 2055 995 2096 iqilur
1018 2052 1118 2083 deleri

164 2117 283 2149 malim.
300 2116 469 2149 Gno‘r.—
502 2115 589 2156 Lege
616 2116 748 2158 jugiter.
769 2113 895 2147 vomax.
926 2116 1010 2159 (leet.
1042 2116 1117 2150 Lat.

164 2193 199 2224 p.
215 2181 263 2211 59
280 2178 379 2222 fi).·-
403 2178 664 2221 Interpunctioue
690 2183 808 2210 mutata
833 2179 937 2210 omnia
966 2191 1042 2210 sana
1066 2191 1116 2211 rc·

168 2241 342 2286 perientur.

240 2314 297 2345 per
313 2298 534 2345 adjectionem]
560 2299 659 2343 Apud
675 2299 822 2331 Grotium
836 2302 914 2332 hace
939 2301 1014 2332 satis
1040 2313 1114 2334 eon-

165 2365 238 2396 fuse
262 2363 305 2394 ita
332 2363 416 2394 edita
444 2367 547 2393 erant:
580 2367 652 2392 naut
678 2373 735 2404 per
761 2363 1031 2404 praeteritionem,
1061 2369 1116 2395 aut

168 2439 227 2471 per
242 2426 497 2465 concessionem,
520 2430 573 2456 aut
595 2436 652 2468 per
666 2426 958 2468 reprehensionem,
986 2433 1039 2458 aut
1059 2440 1116 2470 per

168 2489 411 2530 sejunctionem,
427 2492 484 2518 ant
501 2499 560 2529 per
573 2487 826 2530 adjunctionem,
847 2487 878 2518 id
897 2493 945 2518 est
960 2485 1115 2535 ἀφόριό-

169 2565 258 2597 μονα
276 2554 335 2584 hac
359 2556 480 2584 tantum
497 2555 573 2584 uota
586 2550 713 2597 .²dd³²³²
732 2550 934 2593 »Legendum
948 2564 1018 2585 meo
1030 2553 1114 2596 judi-

1169 1370 1329 1410 legerent,
1357 1369 1470 1399 deinde
1488 1381 1564 1400 vero
1578 1369 1711 1400 Curium
1730 1368 1992 1399 Fortunatinnum
2007 1369 2049 1411 (p.
2059 1368 2120 1410 66)
2135 1383 2141 1388 ·

1169 1430 1327 1474 inspicere
1351 1430 1508 1471 neglexit,
1541 1430 1625 1461 nude
1647 1430 1853 1471 intelligimus
1882 1430 1983 1472 primo
2014 1428 2120 1472 potins

1169 1492 1242 1523 loco
1264 1493 1471 1536 adjectionem
1489 1491 1668 1535 ponendam
1691 1503 1771 1523 esse.
1799 1491 1906 1534 Quem
1924 1503 2021 1535 quum
2037 1491 2120 1523 Mar—

1170 1554 1275 1585 tianus
1296 1554 1408 1597 procul
1430 1554 1526 1585 dubio
1545 1553 1759 1597 exscripserit,
1784 1554 1938 1594 refingerc
1957 1553 2064 1585 locum
2081 1553 2120 1583 ad

1169 1617 1239 1658 ejus
1268 1617 1447 1660 exemplum
1479 1629 1544 1648 non
1568 1616 1725 1656 dubitavi,
1755 1616 1799 1647 ita
1823 1622 1928 1647 tamen
1954 1621 1989 1647 ut
2013 1628 2118 1658 repre-

1169 1682 1367 1718 hensionem,
1386 1680 1461 1711 licet
1476 1680 1560 1723 apud
1580 1680 1669 1711 ilium
1688 1680 1780 1719 desit,
1803 1680 2047 1722 haudquaquam
2064 1679 2118 1720 eii<

1169 1754 1288 1781 cerem,
1315 1754 1396 1785 quae
1416 1753 1454 1772 co
1477 1742 1589 1772 melius
1614 1742 1720 1774 locum
1742 1754 1834 1772 suum
1851 1742 2009 1782 tuebitur,
2033 1742 2119 1784 quod

1169 1808 1204 1834 ut
1231 1803 1365 1844 adjectio
1403 1803 1638 1846 praeteritioni,
1674 1804 1718 1834 ita
1747 1803 1948 1835 concessioni
1973 1802 2119 1846 opposita

1169 1879 1240 1898 esse
1251 1867 1386 1898 videtur.
1410 1867 1508 1909 Quod
1530 1872 1634 1897 autem
1653 1866 1785 1908 margini
1803 1866 1972 1910 adscripsit
1986 1866 2119 1898 Grotius

1169 1924 1346 1962 διάλυσιν
1369 1939 1426 1971 pro
1453 1924 1658 1969 ἀνάλυσιν,
1688 1928 1720 1960 id
1748 1939 2013 1961 commemorasse
2043 1927 2119 1960 satis

1168 1989 1272 2022 suerit.

1246 2066 1345 2100 qeczcm
1359 2051 1509 2098 primam]
1535 2053 1624 2095 Lege
1641 2066 1756 2097 »quum
1770 2056 1907 2097 primum
1924 2053 2010 2085 illam
2024 2063 2117 2097 quac-

1169 2117 1303 2148 stionem
1334 2122 1518 2157 tractamus,
1548 2129 1630 2160 quac
1654 2119 1761 2160 prima
1793 2122 1856 2157 est,
1893 2116 2006 2147 dehinc
2036 2127 2116 2159 quac

1167 2179 1336 2212 secundm«
1370 2178 1464 2220 Quae
1483 2171 1581 2210 'lectio
1598 2180 1711 2223 partim
1734 2191 1772 2210 eo
1796 2179 2012 2218 confirmatur,
2031 2179 2118 2221 qnod

1168 2243 1295 2287 quidam
1316 2241 1442 2273 codices
1464 2243 1601 2288 denique
1626 2243 1814 2285 praeferant.
1825 2240 1984 2272 Gnor.—
2010 2242 2117 2284 Quam

1166 2303 1391 2344 longissime,a
1418 2314 1493 2334 vero
1515 2303 1610 2344 hujus
1627 2302 1689 2332 loci
1707 2313 1803 2332 sensu
1829 2302 1953 2332 aberrat
1973 2302 2115 2334 Grotius.

1166 2366 1313 2408 Quilibet
1347 2365 1430 2396 enim
1470 2365 1656 2408 perspiciet,
1695 2375 1761 2396 non
1791 2376 1861 2396 esse
1887 2367 2116 2406 inversionem,

1167 2429 1194 2460 si
1217 2429 1352 2472 primum
1379 2427 1481 2471 primo
1510 2428 1602 2468 loco,
1634 2428 1809 2460 secundum
1835 2429 1976 2462 secundo
2002 2434 2115 2461 tracta-

1165 2503 1253 2532 mus3
1291 2490 1348 2522 sed
1384 2502 1424 2521 ex
1457 2489 1584 2521 inverso
1619 2490 1726 2533 potins
1761 2491 1872 2523 ordine
1904 2492 2116 2524 inversionem

1168 2554 1252 2588 oriri.
1277 2553 1316 2588 In
1342 2564 1380 2586 co
1402 2553 1486 2587 enim
1508 2553 1643 2587 maxime
1671 2554 1804 2588 oratoris
1829 2566 1880 2587 ars
1900 2560 2044 2588 versatur
2062 2561 2113 2585 »ut
