2310 2860
123 833 203 861 Alo

237 161 325 201 fflss
794 157 995 198 Martiani
1027 156 1227 212 Capellae
1257 156 1328 196 lib.
1359 156 1456 198 VII.
1488 159 1519 209 ᾗ.
1545 158 1641 198 772.

235 266 276 306 id
308 275 366 305 est
397 264 470 317 qui
504 277 602 303 cum
634 263 789 318 impari
812 277 994 302 numero
1019 261 1372 316 multiplicantur.
1427 263 1540 304 Nam
1572 264 1662 304 sive
1692 264 1824 305 ternio
1854 265 1942 306 sive
1968 265 2195 321 quinarius

237 357 465 393 numerus,
503 343 591 384 sive
624 344 718 397 quis
752 343 857 383 alius
889 344 1031 398 impar
1062 343 1247 397 impares
1277 357 1480 384 numeros
1513 343 1832 399 multiplicavit,
1879 346 1953 397 qui
1983 345 2039 385 sic
2070 344 2197 385 effec-

233 434 323 474 tus,
368 424 508 479 impar
548 434 607 465 est
648 434 687 465 et
718 441 794 480 per
833 441 876 466 se
917 425 1187 480 compositus.
1253 423 1508 478 Multiplicet
1545 423 1678 464 ternio
1711 438 1755 463 se
1789 424 1955 478 ipsum,
1998 424 2106 465 fiunt
2135 434 2197 466 ter

231 501 350 546 terna
380 520 557 557 noveln3
598 506 846 560 multiplicet
875 507 1096 561 quinarius
1136 518 1345 545 numerus
1375 518 1418 543 sc
1453 504 1616 558 ipsum,
1665 502 1772 544 fiunt
1805 505 2034 559 quinquies
2068 507 2197 559 quina

234 585 378 640 viginti
414 587 626 640 quinque3
676 597 716 627 at
756 588 1006 642 multiplicet
1039 586 1109 627 vel
1149 585 1283 625 ternio
1315 584 1563 638 quinarium
1604 598 1838 625 numerum
1873 584 1940 625 vel
1973 585 2193 639 quinarius

231 679 439 706 numerus
460 667 716 717 ternionem,
746 666 853 707 fiunt
880 667 1148 721 quindecim3
1182 680 1416 718 omnesque
1440 665 1485 704 hi
1509 666 1703 716 numeri,
1736 681 1914 717 novem,
1938 667 2198 720 quindecim,

235 747 381 801 viginti
413 747 623 800 quinque,
662 760 738 801 per
768 762 812 787 se
843 747 1061 802 compositi
1091 756 1210 797 sunt,
1261 756 1300 787 et
1340 747 1589 802 quicunque
1621 750 1805 803 impares
1845 749 1973 803 partis
2005 747 2199 802 ejusdem

231 836 341 866 sunt.
397 826 510 866 inter
541 841 584 865 se
616 841 719 866 vero
750 827 1016 881 incompositi
1047 827 1153 867 nulli
1183 826 1274 866 duo
1307 840 1449 880 pares,
1494 827 1583 867 sive
1614 843 1666 868 ex
1698 828 1873 882 paribus
1919 829 2008 868 sive
2041 843 2092 868 ex
2117 828 2200 867 im-

233 906 410 960 paribus
437 915 556 956 sunt,
588 907 687 959 quia
721 908 827 947 nulli
852 923 934 948 non
961 908 1086 948 aliam
1117 922 1250 962 quam
1276 921 1555 949 communem
1588 923 1836 949 mensuram
1867 909 2037 949 habent.
2082 909 2197 949 Nam

235 995 283 1026 ut
312 1000 536 1026 sumamus
567 986 676 1027 duos
711 1001 832 1041 pares
864 1004 1090 1040 numeros,
1123 989 1305 1029 alterum
1338 1001 1391 1027 ex
1422 989 1618 1042 paribus,
1651 989 1830 1029 alterum
1866 1005 1921 1030 ex
1944 989 2200 1044 imparibus,

235 1067 278 1108 id
316 1077 375 1107 est
411 1077 598 1121 quatuor
639 1078 679 1108 et
717 1083 812 1119 sex,
862 1080 1004 1111 tamen
1044 1072 1151 1111 inter
1190 1085 1234 1110 se
1275 1068 1496 1122 compositi
1538 1077 1656 1119 sunt,
1709 1069 1808 1121 quia
1855 1070 2094 1109 communis
2134 1069 2197 1108 his

237 1146 465 1200 duplicatio
493 1158 571 1198 est,
604 1163 688 1201 qua
713 1149 773 1189 bis
800 1150 897 1190 bina
936 1160 1146 1204 quatuor,
1188 1149 1251 1189 bis
1284 1158 1402 1188 terna
1439 1163 1511 1187 sex
1543 1157 1653 1187 sunt.
1712 1149 1766 1188 At
1788 1149 1973 1202 impares
2005 1149 2196 1203 primum

238 1239 405 1274 omneS,
437 1227 512 1280 qui
544 1242 619 1281 per
644 1242 687 1267 se
710 1228 975 1283 incompositi
997 1239 1108 1270 sunt.
1170 1231 1324 1282 Neque
1359 1229 1470 1268 enim
1499 1236 1673 1282 possunt
1696 1227 1885 1282 aliquam
1919 1243 2193 1269 communem

237 1319 484 1347 mensuram
530 1318 697 1361 praeter
739 1310 1070 1363 singularitatem
1120 1309 1301 1358 habere,
1356 1307 1432 1360 qui
1478 1321 1530 1345 ne
1576 1307 1795 1360 propriam
1842 1306 2016 1359 quidem
2063 1308 2197 1348 ullam

237 1387 408 1427 hahent.
468 1390 581 1443 Ergo
614 1398 716 1439 tres,
753 1390 965 1443 quinque,
998 1399 1187 1444 septem,
1223 1390 1468 1442 similesque
1499 1403 1668 1438 omnes,
1701 1397 1748 1428 ut
1778 1403 1854 1443 per
1885 1403 1949 1439 se,
1983 1389 2042 1429 sic
2073 1390 2199 1430 etiam

236 1467 343 1507 inter
372 1482 415 1508 se
445 1468 709 1523 incompositi
744 1481 859 1521 sunt3
920 1480 959 1510 et
989 1470 1031 1509 in
1071 1469 1220 1510 eadem
1254 1480 1363 1510 sorte
1394 1471 1427 1510 is
1459 1484 1633 1524 quoque
1664 1483 1873 1510 numerus
1905 1479 1983 1520 est,
2016 1471 2091 1525 qui
2121 1486 2199 1526 par

240 1548 323 1587 sub
350 1549 498 1590 eodem
523 1550 617 1603 jure
645 1560 726 1602 cst,
762 1552 804 1592 id
836 1562 896 1593 est
938 1552 1046 1604 duo3
1106 1566 1207 1591 nam
1239 1565 1291 1590 ne
1327 1550 1395 1590 hie
1420 1549 1595 1604 quidem
1623 1564 1722 1590 eum
1749 1550 1884 1590 tribus
1912 1559 1983 1591 aut
2007 1550 2200 1604 quinque

241 1639 312 1669 aut
343 1644 440 1670 cum
487 1631 695 1672 similibus
738 1633 1019 1687 componitur.
1091 1633 1209 1673 Tum
1252 1631 1446 1686 quisquis
1487 1645 1537 1670 ex
1582 1630 1646 1670 his
1686 1630 1898 1680 numeris,
1943 1630 2019 1682 qui
2050 1643 2126 1684 per
2157 1643 2200 1669 se

239 1708 505 1763 incompositi
548 1720 666 1761 sunt,
714 1711 903 1765 jungitur
948 1726 1048 1752 cum
1091 1712 1221 1752 altero
1261 1726 1468 1761 numero,
1514 1711 1713 1765 quamvis
1758 1725 1833 1764 per
1872 1725 1915 1750 se
1946 1710 2198 1764 composito,

241 1787 365 1827 efficit
394 1799 441 1828 ut
470 1790 514 1829 hi
553 1790 639 1830 duo
680 1791 849 1832 numeri
884 1792 990 1833 inter
1031 1807 1074 1832 se
1105 1792 1372 1847 incompositi
1404 1792 1504 1842 sint,
1551 1800 1596 1831 ut
1627 1791 1660 1831 si
1697 1800 1778 1831 tres
1814 1800 1852 1830 et
1884 1800 2069 1845 quatuor
2099 1790 2199 1843 jun-

241 1877 406 1920 gantur.
478 1869 592 1918 Quid
638 1871 747 1911 enim
790 1872 983 1922 interest,
1033 1874 1067 1913 si
1107 1874 1148 1912 in
1192 1871 1362 1911 alterius
1403 1885 1607 1911 mensura
1640 1870 1782 1924 aliqua
1814 1885 1935 1925 pars,
1981 1879 2020 1909 ct
2050 1868 2199 1910 eadem

242 1949 526 2004 singularitate
563 1952 634 2001 sit,
674 1953 707 1992 si
740 1953 855 1993 alteri
896 1969 979 1994 non
1020 1953 1106 1994 est?
1155 1953 1216 1993 Ac
1253 1952 1349 1992 licet
1385 1951 1509 1992 etiam
1551 1950 1638 1990 duo
1674 1950 1874 2005 pluresve
1913 1950 2082 1990 numeri
2112 1963 2197 1989 nou

242 2044 319 2084 per
361 2045 404 2070 se
444 2040 630 2083 tantum,
683 2033 753 2073 sed
798 2035 922 2075 etiam
973 2036 1080 2076 inter
1117 2050 1160 2075 se
1202 2032 1421 2087 compositi
1460 2031 1560 2082 sint,
1619 2031 1924 2085 incompositus
1962 2030 2106 2079 efficit,
2152 2038 2199 2069 ut

318 2141 482 2181 compositi
504 2139 593 2184 sunt]
621 2141 702 2172 Dele
727 2143 808 2173 nulli
833 2155 873 2174 ex
894 2143 1086 2175 Veicentino
1110 2143 1194 2174 aliis·
1245 2141 1336 2184 plura
1358 2140 1408 2171 hie
1437 2140 1477 2170 ab
1500 2139 1622 2171 inscitis
1647 2138 1784 2170 librariis
1804 2139 1928 2169 turbata
1953 2148 2024 2167 esse
2049 2137 2097 2168 vel
2125 2137 2199 2168 inde

244 2210 305 2240 qne
335 2200 507 2232 codicibus,
539 2201 642 2232 GnOT.
660 2221 706 2225 —
746 2203 856 2235 Edidit
894 2205 977 2236 enim
1011 2205 1196 2248 »compositi
1246 2209 1393 2248 apparet,
1421 2203 1506 2246 quod
1524 2202 1619 2246 paulo
1643 2201 1789 2245 superius
1816 2212 1873 2243 pro
1898 2202 2098 2243 incompositi
2119 2200 2199 2232 alios

243 2261 326 2291 ‘nulli
357 2267 466 2301 suntu3
503 2262 560 2293 sed
594 2262 734 2305 ineptum
762 2266 822 2296 hoe
855 2267 1103 2298 additamentum
1128 2267 1196 2308 jam
1247 2268 1412 2309 compositi
1431 2266 1538 2307 legere
1563 2265 1697 2298 Grotius
1724 2263 1856 2304 margini
1879 2263 2056 2306 adscripsit.

245 2322 284 2352 ab
308 2323 520 2354 anterioribus
547 2323 740 2355 editionibus
770 2327 886 2359 aberat.
1321 2332 1397 2376 quia
1411 2331 1456 2360 bis
1471 2327 1558 2372 bina]
1589 2328 1701 2360 Codex
1714 2327 1989 2358 Reichenauensis
2009 2339 2086 2374 qua,
2107 2328 2198 2359 malc-

322 2386 398 2430 qnia
422 2385 504 2416 nulli
525 2384 601 2429 non]
631 2386 686 2417 Sic
719 2388 829 2430 scripsi
855 2401 871 2419 e
897 2390 1059 2421 codicibus
1084 2391 1194 2422 Mona-
1320 2392 1458 2433 primum
1479 2387 1599 2433 onmes]
1627 2388 1706 2420 Scil.
1736 2388 1818 2419 inter
1840 2400 1873 2419 se
1895 2388 2096 2432 incompositi
2116 2395 2198 2420 sunt.

247 2445 395 2477 censibus
419 2447 480 2490 (A.
501 2448 547 2490 C)
574 2453 605 2479 ct
630 2448 885 2480 Reichenanensi
913 2463 970 2494 pro
995 2453 1143 2483 nonnulli
1162 2452 1195 2482 in
1320 2454 1520 2496 incompositi
1547 2450 1624 2496 sint]
1666 2451 1722 2483 Sic
1753 2451 1867 2495 scripsi
1889 2463 1906 2483 e
1938 2452 2102 2484 codicibus
2123 2453 2197 2483 Rei-

247 2508 357 2548 editis3
381 2515 486 2541 tamen
507 2523 547 2541 nc
567 2511 612 2542 sie
630 2512 757 2554 quidem
775 2512 865 2544 locus
883 2526 995 2554 sanus,
1022 2516 1084 2546 nisi
1102 2516 1196 2546 etiam
1248 2515 1453 2556 chenanensi,
1474 2515 1734 2557 nai-iustattensi,
1757 2520 1790 2548 et
1804 2516 1993 2549 Mona-:ensi
2011 2516 2111 2549 altero
2123 2515 2197 2560 (A);

249 2570 389 2616 aliquam
423 2571 579 2603 scribatur
603 2584 661 2617 pro
695 2573 791 2604 aliam
823 2587 928 2621 quain.
974 2575 1042 2608 Sed
1071 2577 1198 2609 omnino
1249 2579 1346 2621 vulgo
1370 2585 1456 2611 sunt.
