<?xml version="1.0" encoding="UTF-8"?>
<!DOCTYPE html PUBLIC "-//W3C//DTD XHTML 1.0 Transitional//EN"
    "http://www.w3.org/TR/xhtml1/DTD/xhtml1-transitional.dtd">
<html xmlns="http://www.w3.org/1999/xhtml" xml:lang="en" lang="en">
 <head>
  <title>
</title>
<meta http-equiv="Content-Type" content="text/html;charset=utf-8" />
  <meta name='ocr-system' content='tesseract 3.04.00' />
  <meta name='ocr-capabilities' content='ocr_page ocr_carea ocr_par ocr_line ocrx_word'/>
</head>
<body>
  <div class='ocr_page' id='page_1' title='image "./denuptiisphilolo00martuoft/denuptiisphilolo00martuoft_0118.png"; bbox 0 0 2310 2860; ppageno 0'>
   <div class='ocr_carea' id='block_1_1' title="bbox 184 177 241 220">
    <p class='ocr_par' dir='ltr' id='par_1_1' title="bbox 184 177 241 220">
     <span class='ocr_line' id='line_1_1' title="bbox 184 177 241 220; baseline 0 0"><span class='ocrx_word' id='word_1_1' title='bbox 184 177 241 220; x_wconf 82' lang='lat'><strong>38</strong></span> 
     </span>
    </p>
   </div>
   <div class='ocr_carea' id='block_1_2' title="bbox 785 169 1537 226">
    <p class='ocr_par' dir='ltr' id='par_1_2' title="bbox 785 169 1537 226">
     <span class='ocr_line' id='line_1_2' title="bbox 785 169 1537 226; baseline -0.004 -12"><span class='ocrx_word' id='word_1_2' title='bbox 785 171 983 214; x_wconf 83' lang='lat' dir='ltr'><strong>Martiani</strong></span> <span class='ocrx_word' id='word_1_3' title='bbox 1015 169 1215 226; x_wconf 79' lang='lat' dir='ltr'>Capellae</span> <span class='ocrx_word' id='word_1_4' title='bbox 1250 169 1323 212; x_wconf 91' lang='lat' dir='ltr'><strong>lib.</strong></span> <span class='ocrx_word' id='word_1_5' title='bbox 1346 169 1379 211; x_wconf 92' lang='grc' dir='ltr'><strong>Ι.</strong></span> <span class='ocrx_word' id='word_1_6' title='bbox 1411 170 1443 222; x_wconf 83' lang='lat'><strong>§.</strong></span> <span class='ocrx_word' id='word_1_7' title='bbox 1467 169 1537 212; x_wconf 78' lang='grc'><strong>41.</strong></span> 
     </span>
    </p>
   </div>
   <div class='ocr_carea' id='block_1_3' title="bbox 186 275 2136 340">
    <p class='ocr_par' dir='ltr' id='par_1_3' title="bbox 186 275 2136 340">
     <span class='ocr_line' id='line_1_3' title="bbox 186 275 2136 340; baseline -0.002 -15"><span class='ocrx_word' id='word_1_8' title='bbox 186 283 339 340; x_wconf 83' lang='lat' dir='ltr'>cipitur</span> <span class='ocrx_word' id='word_1_9' title='bbox 369 297 447 338; x_wconf 85' lang='lat' dir='ltr'><strong>pro</strong></span> <span class='ocrx_word' id='word_1_10' title='bbox 478 295 556 322; x_wconf 89' lang='lat' dir='ltr'><strong>suo</strong></span> <span class='ocrx_word' id='word_1_11' title='bbox 587 279 736 322; x_wconf 81' lang='lat' dir='ltr'>ordine</span> <span class='ocrx_word' id='word_1_12' title='bbox 768 294 817 321; x_wconf 85' lang='lat' dir='ltr'><strong>ac</strong></span> <span class='ocrx_word' id='word_1_13' title='bbox 846 279 946 322; x_wconf 86' lang='lat' dir='ltr'><strong>ratis</strong></span> <span class='ocrx_word' id='word_1_14' title='bbox 977 275 1117 319; x_wconf 89' lang='lat' dir='ltr'><strong>modis</strong></span> <span class='ocrx_word' id='word_1_15' title='bbox 1147 275 1368 317; x_wconf 86' lang='lat' dir='ltr'><strong>coelicolas</strong></span> <span class='ocrx_word' id='word_1_16' title='bbox 1399 275 1630 332; x_wconf 82' lang='lat' dir='ltr'><strong>advocare,</strong></span> <span class='ocrx_word' id='word_1_17' title='bbox 1661 280 1980 337; x_wconf 82' lang='lat' dir='ltr'><strong>praecipueque</strong></span> <span class='ocrx_word' id='word_1_18' title='bbox 2011 294 2136 322; x_wconf 84' lang='lat' dir='ltr'><strong>sena-</strong></span> 
     </span>
    </p>
   </div>
   <div class='ocr_carea' id='block_1_4' title="bbox 186 356 2140 418">
    <p class='ocr_par' dir='ltr' id='par_1_4' title="bbox 186 356 2140 418">
     <span class='ocr_line' id='line_1_4' title="bbox 186 356 2140 418; baseline -0.002 -11"><span class='ocrx_word' id='word_1_19' title='bbox 186 375 296 407; x_wconf 76' lang='lat' dir='ltr'><strong>tores</strong></span> <span class='ocrx_word' id='word_1_20' title='bbox 336 363 540 413; x_wconf 89' lang='lat' dir='ltr'><strong>deorum,</strong></span> <span class='ocrx_word' id='word_1_21' title='bbox 587 361 662 418; x_wconf 89' lang='lat' dir='ltr'><strong>qui</strong></span> <span class='ocrx_word' id='word_1_22' title='bbox 701 370 871 418; x_wconf 84' lang='lat' dir='ltr'><strong>penates</strong></span> <span class='ocrx_word' id='word_1_23' title='bbox 913 358 1162 403; x_wconf 83' lang='lat' dir='ltr'><strong>ferebantur</strong></span> <span class='ocrx_word' id='word_1_24' title='bbox 1205 356 1411 399; x_wconf 83' lang='lat' dir='ltr'>Tonantis</span> <span class='ocrx_word' id='word_1_25' title='bbox 1455 359 1606 415; x_wconf 89' lang='lat' dir='ltr'><strong>ipsius,</strong></span> <span class='ocrx_word' id='word_1_26' title='bbox 1654 376 1935 418; x_wconf 89' lang='lat' dir='ltr'><strong>quorumque</strong></span> <span class='ocrx_word' id='word_1_27' title='bbox 1964 362 2140 403; x_wconf 82' lang='lat' dir='ltr'><strong>nomina</strong></span> 
     </span>
    </p>
   </div>
   <div class='ocr_carea' id='block_1_5' title="bbox 186 438 2140 503">
    <p class='ocr_par' dir='ltr' id='par_1_5' title="bbox 186 438 2140 503">
     <span class='ocr_line' id='line_1_5' title="bbox 186 438 2140 503; baseline -0.003 -15"><span class='ocrx_word' id='word_1_28' title='bbox 186 446 391 503; x_wconf 85' lang='lat' dir='ltr'><strong>quoniam</strong></span> <span class='ocrx_word' id='word_1_29' title='bbox 421 443 633 500; x_wconf 81' lang='lat' dir='ltr'><strong>publicari</strong></span> <span class='ocrx_word' id='word_1_30' title='bbox 663 452 876 484; x_wconf 86' lang='lat' dir='ltr'><strong>secretum</strong></span> <span class='ocrx_word' id='word_1_31' title='bbox 916 440 1093 482; x_wconf 83' lang='lat' dir='ltr'><strong>coeleste</strong></span> <span class='ocrx_word' id='word_1_32' title='bbox 1130 452 1218 480; x_wconf 90' lang='lat' dir='ltr'><strong>non</strong></span> <span class='ocrx_word' id='word_1_33' title='bbox 1255 438 1449 495; x_wconf 87' lang='lat' dir='ltr'><strong>pertulit,</strong></span> <span class='ocrx_word' id='word_1_34' title='bbox 1497 454 1550 480; x_wconf 85' lang='lat' dir='ltr'><strong>ex</strong></span> <span class='ocrx_word' id='word_1_35' title='bbox 1581 453 1630 480; x_wconf 90' lang='lat' dir='ltr'><strong>eo</strong></span> <span class='ocrx_word' id='word_1_36' title='bbox 1661 441 1778 496; x_wconf 88' lang='lat' dir='ltr'><strong>quod</strong></span> <span class='ocrx_word' id='word_1_37' title='bbox 1808 442 1951 483; x_wconf 84' lang='lat' dir='ltr'><strong>omnia</strong></span> <span class='ocrx_word' id='word_1_38' title='bbox 1982 442 2140 498; x_wconf 78' lang='lat' dir='ltr'><strong>pariter</strong></span> 
     </span>
    </p>
   </div>
   <div class='ocr_carea' id='block_1_6' title="bbox 96 520 1329 583">
    <p class='ocr_par' dir='ltr' id='par_1_6' title="bbox 96 520 1329 583">
     <span class='ocr_line' id='line_1_6' title="bbox 96 520 1329 583; baseline -0.008 -11"><span class='ocrx_word' id='word_1_39' title='bbox 96 530 160 573; x_wconf 80' lang='grc'><strong>42</strong></span> <span class='ocrx_word' id='word_1_40' title='bbox 189 526 509 583; x_wconf 87' lang='lat' dir='ltr'><strong>repromittunt,</strong></span> <span class='ocrx_word' id='word_1_41' title='bbox 555 538 713 566; x_wconf 88' lang='lat' dir='ltr'><strong>nomen</strong></span> <span class='ocrx_word' id='word_1_42' title='bbox 745 523 802 565; x_wconf 90' lang='lat' dir='ltr'><strong>eis</strong></span> <span class='ocrx_word' id='word_1_43' title='bbox 833 522 1106 564; x_wconf 85' lang='lat' dir='ltr'><strong>consensione</strong></span> <span class='ocrx_word' id='word_1_44' title='bbox 1142 520 1329 578; x_wconf 85' lang='lat' dir='ltr'><strong>perfecit.</strong></span> 
     </span>
    </p>
   </div>
   <div class='ocr_carea' id='block_1_7' title="bbox 1396 519 2143 580">
    <p class='ocr_par' dir='ltr' id='par_1_7' title="bbox 1396 519 2143 580">
     <span class='ocr_line' id='line_1_7' title="bbox 1396 519 2143 580; baseline 0.003 -17"><span class='ocrx_word' id='word_1_45' title='bbox 1396 519 1649 563; x_wconf 82' lang='lat' dir='ltr'><strong>Vulcanum</strong></span> <span class='ocrx_word' id='word_1_46' title='bbox 1678 535 1783 565; x_wconf 87' lang='lat' dir='ltr'><strong>vero</strong></span> <span class='ocrx_word' id='word_1_47' title='bbox 1813 523 2021 566; x_wconf 78' lang='lat' dir='ltr'><strong>Jovialem</strong></span> <span class='ocrx_word' id='word_1_48' title='bbox 2052 524 2143 580; x_wconf 88' lang='lat' dir='ltr'><strong>ipse</strong></span> 
     </span>
    </p>
   </div>
   <div class='ocr_carea' id='block_1_8' title="bbox 183 602 2141 665">
    <p class='ocr_par' dir='ltr' id='par_1_8' title="bbox 183 602 2141 665">
     <span class='ocr_line' id='line_1_8' title="bbox 183 602 2141 665; baseline -0.001 -15"><span class='ocrx_word' id='word_1_49' title='bbox 183 608 348 665; x_wconf 82' lang='lat' dir='ltr'><strong>Jupiter</strong></span> <span class='ocrx_word' id='word_1_50' title='bbox 385 606 538 663; x_wconf 85' lang='lat' dir='ltr'><strong>poscit,</strong></span> <span class='ocrx_word' id='word_1_51' title='bbox 578 605 674 647; x_wconf 86' lang='lat' dir='ltr'><strong>licet</strong></span> <span class='ocrx_word' id='word_1_52' title='bbox 715 619 943 661; x_wconf 83' lang='lat' dir='ltr'><strong>nunquam</strong></span> <span class='ocrx_word' id='word_1_53' title='bbox 974 604 1046 646; x_wconf 86' lang='lat' dir='ltr'><strong>ille</strong></span> <span class='ocrx_word' id='word_1_54' title='bbox 1075 604 1128 646; x_wconf 91' lang='lat' dir='ltr'><strong>de</strong></span> <span class='ocrx_word' id='word_1_55' title='bbox 1157 603 1259 646; x_wconf 89' lang='lat' dir='ltr'><strong>sede</strong></span> <span class='ocrx_word' id='word_1_56' title='bbox 1304 616 1481 645; x_wconf 82' lang='lat' dir='ltr'><strong>corusca</strong></span> <span class='ocrx_word' id='word_1_57' title='bbox 1510 602 1797 646; x_wconf 86' lang='lat' dir='ltr'><strong>descenderet.</strong></span> <span class='ocrx_word' id='word_1_58' title='bbox 1856 606 1983 647; x_wconf 89' lang='lat' dir='ltr'><strong>Tunc</strong></span> <span class='ocrx_word' id='word_1_59' title='bbox 2013 605 2141 648; x_wconf 88' lang='lat' dir='ltr'><strong>etiam</strong></span> 
     </span>
    </p>
   </div>
   <div class='ocr_carea' id='block_1_9' title="bbox 185 725 1167 2403">
    <p class='ocr_par' dir='ltr' id='par_1_9' title="bbox 185 725 1143 836">
     <span class='ocr_line' id='line_1_9' title="bbox 187 725 1143 772; baseline -0.004 -10"><span class='ocrx_word' id='word_1_60' title='bbox 187 731 222 762; x_wconf 74' lang='lat'><strong>5.</strong></span> <span class='ocrx_word' id='word_1_61' title='bbox 244 729 276 760; x_wconf 90' lang='grc'><strong>7.</strong></span> <span class='ocrx_word' id='word_1_62' title='bbox 297 727 405 760; x_wconf 87' lang='lat' dir='ltr'><strong>Fuchs</strong></span> <span class='ocrx_word' id='word_1_63' title='bbox 427 726 516 769; x_wconf 80' lang='lat' dir='ltr'><strong>Mog.</strong></span> <span class='ocrx_word' id='word_1_64' title='bbox 538 726 563 759; x_wconf 83' lang='lat' dir='ltr'><strong>I.</strong></span> <span class='ocrx_word' id='word_1_65' title='bbox 581 739 612 772; x_wconf 88' lang='lat' dir='ltr'><strong>p.</strong></span> <span class='ocrx_word' id='word_1_66' title='bbox 631 727 664 759; x_wconf 81' lang='grc'><strong>6.</strong></span> <span class='ocrx_word' id='word_1_67' title='bbox 684 728 738 759; x_wconf 88' lang='grc'><strong>11.</strong></span> <span class='ocrx_word' id='word_1_68' title='bbox 758 727 816 759; x_wconf 90' lang='grc'><strong>20.</strong></span> <span class='ocrx_word' id='word_1_69' title='bbox 843 727 901 758; x_wconf 88' lang='grc'><strong>22.</strong></span> <span class='ocrx_word' id='word_1_70' title='bbox 924 726 982 759; x_wconf 76' lang='lat'><strong>25.</strong></span> <span class='ocrx_word' id='word_1_71' title='bbox 1006 726 1065 759; x_wconf 81' lang='lat'><strong>26.</strong></span> <span class='ocrx_word' id='word_1_72' title='bbox 1082 725 1143 759; x_wconf 81' lang='grc'><strong>50.</strong></span> 
     </span>
     <span class='ocr_line' id='line_1_10' title="bbox 185 788 1020 836; baseline -0.005 -11"><span class='ocrx_word' id='word_1_73' title='bbox 185 792 228 825; x_wconf 90' lang='lat' dir='ltr'><strong>II.</strong></span> <span class='ocrx_word' id='word_1_74' title='bbox 255 804 287 836; x_wconf 86' lang='lat' dir='ltr'><strong>p.</strong></span> <span class='ocrx_word' id='word_1_75' title='bbox 306 792 337 823; x_wconf 86' lang='lat'><strong>1.</strong></span> <span class='ocrx_word' id='word_1_76' title='bbox 358 791 441 824; x_wconf 81' lang='grc'><strong>252.</strong></span> <span class='ocrx_word' id='word_1_77' title='bbox 464 791 548 823; x_wconf 78' lang='grc'><strong>266.</strong></span> <span class='ocrx_word' id='word_1_78' title='bbox 573 791 668 830; x_wconf 63' lang='grc'><strong>»1085</strong></span> <span class='ocrx_word' id='word_1_79' title='bbox 694 791 776 823; x_wconf 79' lang='lat' dir='ltr'><strong>cons.</strong></span> <span class='ocrx_word' id='word_1_80' title='bbox 795 790 876 822; x_wconf 78' lang='lat' dir='ltr'><strong>infra</strong></span> <span class='ocrx_word' id='word_1_81' title='bbox 901 788 928 834; x_wconf 66' lang='grc' dir='ltr'><strong>ἓ.</strong></span> <span class='ocrx_word' id='word_1_82' title='bbox 947 789 1020 834; x_wconf 82' lang='grc'><strong>68).</strong></span> 
     </span>
    </p>

    <p class='ocr_par' dir='ltr' id='par_1_10' title="bbox 187 851 1156 1715">
     <span class='ocr_line' id='line_1_11' title="bbox 262 851 1145 898; baseline -0.003 -13"><span class='ocrx_word' id='word_1_83' title='bbox 262 851 381 898; x_wconf 77' lang='lat' dir='ltr'><strong>scriba]</strong></span> <span class='ocrx_word' id='word_1_84' title='bbox 410 852 548 885; x_wconf 83' lang='lat' dir='ltr'><strong>Constat</strong></span> <span class='ocrx_word' id='word_1_85' title='bbox 574 852 693 885; x_wconf 78' lang='lat' dir='ltr'><strong>Parcas</strong></span> <span class='ocrx_word' id='word_1_86' title='bbox 721 863 793 884; x_wconf 88' lang='lat' dir='ltr'><strong>csse</strong></span> <span class='ocrx_word' id='word_1_87' title='bbox 822 851 1019 895; x_wconf 85' lang='lat' dir='ltr'><strong>exceptriccs</strong></span> <span class='ocrx_word' id='word_1_88' title='bbox 1044 857 1076 883; x_wconf 90' lang='lat' dir='ltr'><strong>et</strong></span> <span class='ocrx_word' id='word_1_89' title='bbox 1097 863 1145 882; x_wconf 79' lang='lat' dir='ltr'><strong>ar·</strong></span> 
     </span>
     <span class='ocr_line' id='line_1_12' title="bbox 187 912 1147 958; baseline -0.003 -10"><span class='ocrx_word' id='word_1_90' title='bbox 187 914 290 948; x_wconf 82' lang='lat' dir='ltr'><strong>carias</strong></span> <span class='ocrx_word' id='word_1_91' title='bbox 307 914 411 946; x_wconf 81' lang='lat' dir='ltr'><strong>Jovis.</strong></span> <span class='ocrx_word' id='word_1_92' title='bbox 428 914 574 947; x_wconf 62' lang='lat' dir='ltr'><strong>votem.</strong></span> <span class='ocrx_word' id='word_1_93' title='bbox 591 932 638 937; x_wconf 91' lang='lat'><strong>—-</strong></span> <span class='ocrx_word' id='word_1_94' title='bbox 659 913 688 944; x_wconf 89' lang='grc' dir='ltr'>Ε</span> <span class='ocrx_word' id='word_1_95' title='bbox 709 913 917 957; x_wconf 80' lang='lat' dir='ltr'><strong>sequenthus</strong></span> <span class='ocrx_word' id='word_1_96' title='bbox 934 914 995 946; x_wconf 90' lang='lat' dir='ltr'><strong>hoe</strong></span> <span class='ocrx_word' id='word_1_97' title='bbox 1017 912 1147 958; x_wconf 87' lang='lat' dir='ltr'><strong>quidem</strong></span> 
     </span>
     <span class='ocr_line' id='line_1_13' title="bbox 188 977 1146 1023; baseline -0.001 -13"><span class='ocrx_word' id='word_1_98' title='bbox 188 984 296 1023; x_wconf 66' lang='lat' dir='ltr'><strong>patet,</strong></span> <span class='ocrx_word' id='word_1_99' title='bbox 329 978 387 1010; x_wconf 86' lang='lat' dir='ltr'><strong>sed</strong></span> <span class='ocrx_word' id='word_1_100' title='bbox 410 978 513 1010; x_wconf 84' lang='lat' dir='ltr'><strong>scriba</strong></span> <span class='ocrx_word' id='word_1_101' title='bbox 544 977 595 1009; x_wconf 87' lang='lat' dir='ltr'><strong>hic</strong></span> <span class='ocrx_word' id='word_1_102' title='bbox 621 977 774 1018; x_wconf 80' lang='lat' dir='ltr'><strong>singulari</strong></span> <span class='ocrx_word' id='word_1_103' title='bbox 803 989 935 1010; x_wconf 89' lang='lat' dir='ltr'><strong>numero</strong></span> <span class='ocrx_word' id='word_1_104' title='bbox 964 977 1146 1023; x_wconf 78' lang='lat' dir='ltr'><strong>prosertur3</strong></span> 
     </span>
     <span class='ocr_line' id='line_1_14' title="bbox 189 1039 1148 1087; baseline -0.001 -14"><span class='ocrx_word' id='word_1_105' title='bbox 189 1043 251 1074; x_wconf 83' lang='lat' dir='ltr'><strong>nisi</strong></span> <span class='ocrx_word' id='word_1_106' title='bbox 277 1042 322 1075; x_wconf 80' lang='lat' dir='ltr'><strong>ita</strong></span> <span class='ocrx_word' id='word_1_107' title='bbox 349 1041 492 1086; x_wconf 84' lang='lat' dir='ltr'><strong>accipere</strong></span> <span class='ocrx_word' id='word_1_108' title='bbox 527 1041 694 1082; x_wconf 83' lang='lat' dir='ltr'><strong>volumus,</strong></span> <span class='ocrx_word' id='word_1_109' title='bbox 732 1047 769 1073; x_wconf 92' lang='lat' dir='ltr'><strong>ut</strong></span> <span class='ocrx_word' id='word_1_110' title='bbox 800 1053 897 1086; x_wconf 86' lang='lat' dir='ltr'><strong>snpra</strong></span> <span class='ocrx_word' id='word_1_111' title='bbox 922 1041 977 1087; x_wconf 84' lang='lat' dir='ltr'><strong>(ad</strong></span> <span class='ocrx_word' id='word_1_112' title='bbox 1007 1040 1036 1086; x_wconf 82' lang='lat'><strong>§.</strong></span> <span class='ocrx_word' id='word_1_113' title='bbox 1061 1041 1084 1073; x_wconf 84' lang='lat'>5</span> <span class='ocrx_word' id='word_1_114' title='bbox 1113 1039 1148 1072; x_wconf 89' lang='lat' dir='ltr'><strong>in</strong></span> 
     </span>
     <span class='ocr_line' id='line_1_15' title="bbox 189 1105 1147 1150; baseline -0.003 -12"><span class='ocrx_word' id='word_1_115' title='bbox 189 1106 279 1150; x_wconf 86' lang='lat' dir='ltr'><strong>nota)</strong></span> <span class='ocrx_word' id='word_1_116' title='bbox 303 1105 439 1147; x_wconf 78' lang='lat' dir='ltr'><strong>legimus</strong></span> <span class='ocrx_word' id='word_1_117' title='bbox 463 1105 503 1138; x_wconf 91' lang='lat' dir='ltr'><strong>de</strong></span> <span class='ocrx_word' id='word_1_118' title='bbox 525 1105 654 1138; x_wconf 79' lang='lat' dir='ltr'><strong>Parcis:</strong></span> <span class='ocrx_word' id='word_1_119' title='bbox 687 1117 774 1138; x_wconf 77' lang='lat' dir='ltr'><strong>»una</strong></span> <span class='ocrx_word' id='word_1_120' title='bbox 797 1107 934 1139; x_wconf 50' lang='lat' dir='ltr'><strong>scribit«</strong></span> <span class='ocrx_word' id='word_1_121' title='bbox 993 1105 1147 1138; x_wconf 84' lang='lat' dir='ltr'><strong>Ceterum</strong></span> 
     </span>
     <span class='ocr_line' id='line_1_16' title="bbox 191 1166 1149 1207; baseline -0.001 -9"><span class='ocrx_word' id='word_1_122' title='bbox 191 1167 345 1207; x_wconf 86' lang='lat' dir='ltr'><strong>Grotius,</strong></span> <span class='ocrx_word' id='word_1_123' title='bbox 376 1167 452 1199; x_wconf 88' lang='lat' dir='ltr'><strong>lieet</strong></span> <span class='ocrx_word' id='word_1_124' title='bbox 473 1168 678 1199; x_wconf 78' lang='lat' dir='ltr'><strong>observasset</strong></span> <span class='ocrx_word' id='word_1_125' title='bbox 702 1167 873 1199; x_wconf 83' lang='lat' dir='ltr'><strong>lectionem</strong></span> <span class='ocrx_word' id='word_1_126' title='bbox 890 1168 924 1200; x_wconf 87' lang='lat' dir='ltr'><strong>in</strong></span> <span class='ocrx_word' id='word_1_127' title='bbox 939 1178 1019 1200; x_wconf 81' lang='lat' dir='ltr'><strong>voce</strong></span> <span class='ocrx_word' id='word_1_128' title='bbox 1042 1166 1149 1200; x_wconf 78' lang='lat' dir='ltr'><strong>scriba</strong></span> 
     </span>
     <span class='ocr_line' id='line_1_17' title="bbox 190 1229 1148 1272; baseline -0.001 -9"><span class='ocrx_word' id='word_1_129' title='bbox 190 1230 333 1270; x_wconf 80' lang='lat' dir='ltr'><strong>variare,</strong></span> <span class='ocrx_word' id='word_1_130' title='bbox 365 1230 465 1262; x_wconf 82' lang='lat' dir='ltr'><strong>edidit</strong></span> <span class='ocrx_word' id='word_1_131' title='bbox 482 1236 588 1262; x_wconf 86' lang='lat' dir='ltr'><strong>tamen</strong></span> <span class='ocrx_word' id='word_1_132' title='bbox 606 1232 746 1272; x_wconf 82' lang='lat' dir='ltr'><strong>scribae,</strong></span> <span class='ocrx_word' id='word_1_133' title='bbox 770 1237 802 1263; x_wconf 91' lang='lat' dir='ltr'><strong>et</strong></span> <span class='ocrx_word' id='word_1_134' title='bbox 820 1232 866 1264; x_wconf 90' lang='lat' dir='ltr'><strong>sic</strong></span> <span class='ocrx_word' id='word_1_135' title='bbox 883 1244 955 1264; x_wconf 89' lang='lat' dir='ltr'><strong>cum</strong></span> <span class='ocrx_word' id='word_1_136' title='bbox 973 1231 1043 1263; x_wconf 81' lang='lat' dir='ltr'><strong>aliis</strong></span> <span class='ocrx_word' id='word_1_137' title='bbox 1062 1229 1148 1263; x_wconf 81' lang='lat' dir='ltr'><strong>Arn-</strong></span> 
     </span>
     <span class='ocr_line' id='line_1_18' title="bbox 192 1293 1149 1340; baseline 0 -14"><span class='ocrx_word' id='word_1_138' title='bbox 192 1294 320 1327; x_wconf 82' lang='lat' dir='ltr'><strong>tzenius</strong></span> <span class='ocrx_word' id='word_1_139' title='bbox 349 1305 477 1338; x_wconf 85' lang='lat' dir='ltr'><strong>quoque</strong></span> <span class='ocrx_word' id='word_1_140' title='bbox 501 1294 602 1338; x_wconf 88' lang='lat' dir='ltr'><strong>(mise.</strong></span> <span class='ocrx_word' id='word_1_141' title='bbox 628 1306 658 1338; x_wconf 87' lang='lat' dir='ltr'><strong>p.</strong></span> <span class='ocrx_word' id='word_1_142' title='bbox 675 1294 749 1326; x_wconf 87' lang='lat'><strong>207</strong></span> <span class='ocrx_word' id='word_1_143' title='bbox 774 1295 922 1340; x_wconf 69' lang='lat' dir='ltr'><strong>1⁸.)legit3</strong></span> <span class='ocrx_word' id='word_1_144' title='bbox 956 1293 1149 1328; x_wconf 81' lang='lat' dir='ltr'><strong>Oudendor-</strong></span> 
     </span>
     <span class='ocr_line' id='line_1_19' title="bbox 192 1355 1149 1401; baseline -0.001 -13"><span class='ocrx_word' id='word_1_145' title='bbox 192 1356 266 1401; x_wconf 83' lang='lat' dir='ltr'><strong>pius</strong></span> <span class='ocrx_word' id='word_1_146' title='bbox 291 1361 402 1388; x_wconf 84' lang='lat' dir='ltr'><strong>eontra</strong></span> <span class='ocrx_word' id='word_1_147' title='bbox 427 1355 481 1400; x_wconf 77' lang='lat' dir='ltr'><strong>(ad</strong></span> <span class='ocrx_word' id='word_1_148' title='bbox 501 1355 655 1400; x_wconf 86' lang='lat' dir='ltr'><strong>Appulej.</strong></span> <span class='ocrx_word' id='word_1_149' title='bbox 674 1355 699 1387; x_wconf 93' lang='lat' dir='ltr'><strong>I.</strong></span> <span class='ocrx_word' id='word_1_150' title='bbox 726 1368 756 1400; x_wconf 88' lang='lat' dir='ltr'><strong>p.</strong></span> <span class='ocrx_word' id='word_1_151' title='bbox 780 1356 868 1401; x_wconf 87' lang='lat'><strong>202)</strong></span> <span class='ocrx_word' id='word_1_152' title='bbox 890 1369 907 1389; x_wconf 91' lang='grc'><strong>0</strong></span> <span class='ocrx_word' id='word_1_153' title='bbox 933 1357 1042 1389; x_wconf 87' lang='lat' dir='ltr'><strong>codice</strong></span> <span class='ocrx_word' id='word_1_154' title='bbox 1060 1367 1149 1401; x_wconf 83' lang='lat' dir='ltr'><strong>prae-</strong></span> 
     </span>
     <span class='ocr_line' id='line_1_20' title="bbox 193 1419 1151 1464; baseline -0.003 -11"><span class='ocrx_word' id='word_1_155' title='bbox 193 1420 250 1453; x_wconf 84' lang='lat' dir='ltr'><strong>bet</strong></span> <span class='ocrx_word' id='word_1_156' title='bbox 268 1421 373 1452; x_wconf 80' lang='lat' dir='ltr'><strong>scriba</strong></span> <span class='ocrx_word' id='word_1_157' title='bbox 396 1431 497 1462; x_wconf 84' lang='lat' dir='ltr'><strong>aeque</strong></span> <span class='ocrx_word' id='word_1_158' title='bbox 520 1431 556 1451; x_wconf 89' lang='lat' dir='ltr'><strong>ac</strong></span> <span class='ocrx_word' id='word_1_159' title='bbox 578 1419 748 1460; x_wconf 82' lang='lat' dir='ltr'><strong>llugianus</strong></span> <span class='ocrx_word' id='word_1_160' title='bbox 769 1420 888 1460; x_wconf 84' lang='lat' dir='ltr'><strong>codex,</strong></span> <span class='ocrx_word' id='word_1_161' title='bbox 916 1420 1004 1464; x_wconf 91' lang='lat' dir='ltr'><strong>quod</strong></span> <span class='ocrx_word' id='word_1_162' title='bbox 1024 1431 1063 1451; x_wconf 90' lang='lat' dir='ltr'><strong>eo</strong></span> <span class='ocrx_word' id='word_1_163' title='bbox 1086 1431 1151 1450; x_wconf 86' lang='lat' dir='ltr'><strong>ma-</strong></span> 
     </span>
     <span class='ocr_line' id='line_1_21' title="bbox 194 1481 1154 1525; baseline -0.002 -11"><span class='ocrx_word' id='word_1_164' title='bbox 194 1483 244 1524; x_wconf 80' lang='lat' dir='ltr'><strong>gis</strong></span> <span class='ocrx_word' id='word_1_165' title='bbox 270 1481 426 1525; x_wconf 82' lang='lat' dir='ltr'><strong>praetuli,</strong></span> <span class='ocrx_word' id='word_1_166' title='bbox 462 1493 525 1524; x_wconf 91' lang='lat' dir='ltr'><strong>quo</strong></span> <span class='ocrx_word' id='word_1_167' title='bbox 554 1481 673 1514; x_wconf 85' lang='lat' dir='ltr'><strong>certius</strong></span> <span class='ocrx_word' id='word_1_168' title='bbox 705 1481 788 1513; x_wconf 73' lang='lat' dir='ltr'><strong>infra</strong></span> <span class='ocrx_word' id='word_1_169' title='bbox 818 1481 861 1525; x_wconf 66' lang='grc' dir='ltr'><strong>(ξ.</strong></span> <span class='ocrx_word' id='word_1_170' title='bbox 888 1482 974 1524; x_wconf 77' lang='lat'><strong>705)</strong></span> <span class='ocrx_word' id='word_1_171' title='bbox 1007 1482 1154 1514; x_wconf 75' lang='lat' dir='ltr'><strong>simfliter</strong></span> 
     </span>
     <span class='ocr_line' id='line_1_22' title="bbox 194 1541 1155 1586; baseline -0.005 -9"><span class='ocrx_word' id='word_1_172' title='bbox 194 1544 312 1586; x_wconf 81' lang='lat' dir='ltr'><strong>legitur</strong></span> <span class='ocrx_word' id='word_1_173' title='bbox 342 1542 547 1575; x_wconf 75' lang='lat' dir='ltr'><strong>»Geomen-ia</strong></span> <span class='ocrx_word' id='word_1_174' title='bbox 575 1541 796 1586; x_wconf 60' lang='lat' dir='ltr'><strong>praecipitum«</strong></span> <span class='ocrx_word' id='word_1_175' title='bbox 835 1542 960 1574; x_wconf 78' lang='lat' dir='ltr'><strong>Eadem</strong></span> <span class='ocrx_word' id='word_1_176' title='bbox 983 1541 1155 1573; x_wconf 77' lang='lat' dir='ltr'><strong>verborum</strong></span> 
     </span>
     <span class='ocr_line' id='line_1_23' title="bbox 195 1601 1156 1648; baseline -0.008 -10"><span class='ocrx_word' id='word_1_177' title='bbox 195 1605 392 1639; x_wconf 83' lang='lat' dir='ltr'><strong>constructio</strong></span> <span class='ocrx_word' id='word_1_178' title='bbox 418 1610 467 1636; x_wconf 86' lang='lat' dir='ltr'><strong>est</strong></span> <span class='ocrx_word' id='word_1_179' title='bbox 488 1604 521 1635; x_wconf 92' lang='lat' dir='ltr'><strong>in</strong></span> <span class='ocrx_word' id='word_1_180' title='bbox 536 1604 672 1648; x_wconf 78' lang='lat' dir='ltr'><strong>jubetur</strong></span> <span class='ocrx_word' id='word_1_181' title='bbox 687 1608 720 1634; x_wconf 90' lang='lat' dir='ltr'><strong>et</strong></span> <span class='ocrx_word' id='word_1_182' title='bbox 729 1605 872 1647; x_wconf 82' lang='lat' dir='ltr'><strong>jussitur</strong></span> <span class='ocrx_word' id='word_1_183' title='bbox 894 1602 979 1647; x_wconf 83' lang='lat' dir='ltr'><strong>apud</strong></span> <span class='ocrx_word' id='word_1_184' title='bbox 996 1601 1156 1634; x_wconf 86' lang='lat' dir='ltr'><strong>Catonem</strong></span> 
     </span>
     <span class='ocr_line' id='line_1_24' title="bbox 197 1665 783 1715; baseline -0.007 -14"><span class='ocrx_word' id='word_1_185' title='bbox 197 1670 250 1715; x_wconf 86' lang='lat' dir='ltr'><strong>(de</strong></span> <span class='ocrx_word' id='word_1_186' title='bbox 273 1669 315 1700; x_wconf 84' lang='lat' dir='ltr'><strong>R.</strong></span> <span class='ocrx_word' id='word_1_187' title='bbox 333 1668 374 1700; x_wconf 86' lang='lat' dir='ltr'><strong>R.</strong></span> <span class='ocrx_word' id='word_1_188' title='bbox 396 1668 458 1707; x_wconf 81' lang='lat'><strong>24,</strong></span> <span class='ocrx_word' id='word_1_189' title='bbox 487 1668 518 1698; x_wconf 84' lang='grc'><strong>1.</strong></span> <span class='ocrx_word' id='word_1_190' title='bbox 542 1679 573 1710; x_wconf 87' lang='lat' dir='ltr'><strong>p.</strong></span> <span class='ocrx_word' id='word_1_191' title='bbox 588 1667 638 1698; x_wconf 81' lang='lat'><strong>52</strong></span> <span class='ocrx_word' id='word_1_192' title='bbox 659 1665 783 1710; x_wconf 86' lang='lat' dir='ltr'><strong>Gesn.).</strong></span> 
     </span>
    </p>

    <p class='ocr_par' dir='ltr' id='par_1_11' title="bbox 199 1725 1167 2403">
     <span class='ocr_line' id='line_1_25' title="bbox 268 1725 1157 1774; baseline -0.008 -12"><span class='ocrx_word' id='word_1_193' title='bbox 268 1736 401 1774; x_wconf 66' lang='lat' dir='ltr'><strong>petentes</strong></span> <span class='ocrx_word' id='word_1_194' title='bbox 432 1730 533 1773; x_wconf 75' lang='lat' dir='ltr'><strong>ipsius</strong></span> <span class='ocrx_word' id='word_1_195' title='bbox 576 1726 744 1773; x_wconf 77' lang='lat' dir='ltr'><strong>Tonantis]</strong></span> <span class='ocrx_word' id='word_1_196' title='bbox 781 1728 869 1760; x_wconf 75' lang='lat' dir='ltr'><strong>Cave</strong></span> <span class='ocrx_word' id='word_1_197' title='bbox 902 1725 1025 1767; x_wconf 79' lang='lat' dir='ltr'><strong>vulgari</strong></span> <span class='ocrx_word' id='word_1_198' title='bbox 1060 1735 1157 1756; x_wconf 82' lang='lat' dir='ltr'><strong>sensu</strong></span> 
     </span>
     <span class='ocr_line' id='line_1_26' title="bbox 199 1785 1158 1833; baseline -0.008 -9"><span class='ocrx_word' id='word_1_199' title='bbox 199 1803 317 1824; x_wconf 85' lang='lat' dir='ltr'><strong>nomen</strong></span> <span class='ocrx_word' id='word_1_200' title='bbox 341 1789 423 1823; x_wconf 86' lang='lat' dir='ltr'><strong>illud</strong></span> <span class='ocrx_word' id='word_1_201' title='bbox 449 1789 603 1833; x_wconf 84' lang='lat' dir='ltr'><strong>accipias,</strong></span> <span class='ocrx_word' id='word_1_202' title='bbox 631 1802 694 1832; x_wconf 89' lang='lat' dir='ltr'><strong>quo</strong></span> <span class='ocrx_word' id='word_1_203' title='bbox 716 1800 769 1820; x_wconf 81' lang='lat' dir='ltr'><strong>res</strong></span> <span class='ocrx_word' id='word_1_204' title='bbox 793 1788 899 1820; x_wconf 75' lang='lat' dir='ltr'><strong>divina</strong></span> <span class='ocrx_word' id='word_1_205' title='bbox 923 1787 1092 1831; x_wconf 84' lang='lat' dir='ltr'><strong>penatibus</strong></span> <span class='ocrx_word' id='word_1_206' title='bbox 1119 1785 1158 1816; x_wconf 80' lang='lat' dir='ltr'><strong>ab</strong></span> 
     </span>
     <span class='ocr_line' id='line_1_27' title="bbox 201 1847 1161 1896; baseline -0.007 -9"><span class='ocrx_word' id='word_1_207' title='bbox 201 1855 382 1888; x_wconf 85' lang='lat' dir='ltr'><strong>hominibus</strong></span> <span class='ocrx_word' id='word_1_208' title='bbox 404 1854 510 1886; x_wconf 81' lang='lat' dir='ltr'><strong>fiebat.</strong></span> <span class='ocrx_word' id='word_1_209' title='bbox 536 1853 610 1885; x_wconf 86' lang='lat' dir='ltr'><strong>Hoc</strong></span> <span class='ocrx_word' id='word_1_210' title='bbox 631 1853 703 1884; x_wconf 86' lang='lat' dir='ltr'><strong>loeo</strong></span> <span class='ocrx_word' id='word_1_211' title='bbox 725 1858 859 1896; x_wconf 84' lang='lat' dir='ltr'><strong>penates</strong></span> <span class='ocrx_word' id='word_1_212' title='bbox 874 1850 968 1883; x_wconf 76' lang='lat' dir='ltr'><strong>«Iovis</strong></span> <span class='ocrx_word' id='word_1_213' title='bbox 987 1847 1161 1883; x_wconf 83' lang='lat' dir='ltr'><strong>consiliarii</strong></span> 
     </span>
     <span class='ocr_line' id='line_1_28' title="bbox 203 1907 1164 1958; baseline -0.008 -9"><span class='ocrx_word' id='word_1_214' title='bbox 203 1923 278 1949; x_wconf 75' lang='lat' dir='ltr'><strong>sunt</strong></span> <span class='ocrx_word' id='word_1_215' title='bbox 300 1918 414 1949; x_wconf 81' lang='lat' dir='ltr'><strong>intimi.</strong></span> <span class='ocrx_word' id='word_1_216' title='bbox 440 1914 665 1958; x_wconf 82' lang='lat' dir='ltr'><strong>Interpretatio</strong></span> <span class='ocrx_word' id='word_1_217' title='bbox 688 1913 827 1958; x_wconf 84' lang='lat' dir='ltr'><strong>peteuda</strong></span> <span class='ocrx_word' id='word_1_218' title='bbox 844 1925 885 1945; x_wconf 82' lang='lat' dir='ltr'><strong>ex</strong></span> <span class='ocrx_word' id='word_1_219' title='bbox 910 1913 998 1945; x_wconf 85' lang='lat' dir='ltr'><strong>hisee</strong></span> <span class='ocrx_word' id='word_1_220' title='bbox 1021 1907 1164 1944; x_wconf 82' lang='lat' dir='ltr'><strong>Arnobii</strong></span> 
     </span>
     <span class='ocr_line' id='line_1_29' title="bbox 203 1973 1161 2031; baseline -0.006 -20"><span class='ocrx_word' id='word_1_221' title='bbox 203 1980 254 2031; x_wconf 82' lang='lat' dir='ltr'><strong>(L.</strong></span> <span class='ocrx_word' id='word_1_222' title='bbox 277 1981 312 2012; x_wconf 83' lang='lat'><strong>5.</strong></span> <span class='ocrx_word' id='word_1_223' title='bbox 341 1992 372 2023; x_wconf 85' lang='lat' dir='ltr'><strong>p.</strong></span> <span class='ocrx_word' id='word_1_224' title='bbox 394 1976 479 2020; x_wconf 82' lang='grc'><strong>125)</strong></span> <span class='ocrx_word' id='word_1_225' title='bbox 507 1976 612 2008; x_wconf 84' lang='lat' dir='ltr'><strong>verbis</strong></span> <span class='ocrx_word' id='word_1_226' title='bbox 645 1982 711 2008; x_wconf 86' lang='lat' dir='ltr'><strong>cst:</strong></span> <span class='ocrx_word' id='word_1_227' title='bbox 744 1975 909 2018; x_wconf 75' lang='lat' dir='ltr'><strong>»Nigidius</strong></span> <span class='ocrx_word' id='word_1_228' title='bbox 938 1994 985 1999; x_wconf 91' lang='lat'>—</span> <span class='ocrx_word' id='word_1_229' title='bbox 1013 1973 1161 2019; x_wconf 82' lang='lat' dir='ltr'><strong>exponit,</strong></span> 
     </span>
     <span class='ocr_line' id='line_1_30' title="bbox 205 2038 1162 2087; baseline -0.006 -13"><span class='ocrx_word' id='word_1_230' title='bbox 205 2043 390 2087; x_wconf 76' lang='lat' dir='ltr'><strong>disciplinas</strong></span> <span class='ocrx_word' id='word_1_231' title='bbox 407 2041 561 2073; x_wconf 82' lang='lat' dir='ltr'><strong>Etruscas</strong></span> <span class='ocrx_word' id='word_1_232' title='bbox 583 2051 733 2084; x_wconf 86' lang='lat' dir='ltr'><strong>sequens,</strong></span> <span class='ocrx_word' id='word_1_233' title='bbox 755 2051 871 2082; x_wconf 82' lang='lat' dir='ltr'><strong>genera</strong></span> <span class='ocrx_word' id='word_1_234' title='bbox 896 2052 968 2072; x_wconf 89' lang='lat' dir='ltr'><strong>esse</strong></span> <span class='ocrx_word' id='word_1_235' title='bbox 990 2038 1162 2072; x_wconf 80' lang='lat' dir='ltr'><strong>Penatium</strong></span> 
     </span>
     <span class='ocr_line' id='line_1_31' title="bbox 206 2101 1161 2149; baseline -0.005 -11"><span class='ocrx_word' id='word_1_236' title='bbox 206 2112 358 2149; x_wconf 84' lang='lat' dir='ltr'><strong>quatuor,</strong></span> <span class='ocrx_word' id='word_1_237' title='bbox 385 2111 416 2138; x_wconf 78' lang='lat' dir='ltr'><strong>et</strong></span> <span class='ocrx_word' id='word_1_238' title='bbox 440 2117 509 2137; x_wconf 74' lang='lat' dir='ltr'><strong>esse</strong></span> <span class='ocrx_word' id='word_1_239' title='bbox 527 2105 620 2137; x_wconf 79' lang='lat' dir='ltr'><strong>Jouis</strong></span> <span class='ocrx_word' id='word_1_240' title='bbox 645 2117 686 2136; x_wconf 75' lang='lat' dir='ltr'><strong>ex</strong></span> <span class='ocrx_word' id='word_1_241' title='bbox 707 2105 757 2136; x_wconf 81' lang='lat' dir='ltr'><strong>his</strong></span> <span class='ocrx_word' id='word_1_242' title='bbox 779 2105 879 2143; x_wconf 81' lang='lat' dir='ltr'><strong>alios,</strong></span> <span class='ocrx_word' id='word_1_243' title='bbox 903 2104 983 2135; x_wconf 82' lang='lat' dir='ltr'><strong>ali0s</strong></span> <span class='ocrx_word' id='word_1_244' title='bbox 1005 2101 1161 2147; x_wconf 81' lang='lat' dir='ltr'><strong>Neptuni,</strong></span> 
     </span>
     <span class='ocr_line' id='line_1_32' title="bbox 207 2167 1162 2211; baseline -0.003 -11"><span class='ocrx_word' id='word_1_245' title='bbox 207 2169 390 2201; x_wconf 78' lang='lat' dir='ltr'><strong>inferiorum</strong></span> <span class='ocrx_word' id='word_1_246' title='bbox 427 2169 554 2208; x_wconf 80' lang='lat' dir='ltr'><strong>terti0S,</strong></span> <span class='ocrx_word' id='word_1_247' title='bbox 598 2168 779 2199; x_wconf 77' lang='lat' dir='ltr'><strong>mortalium</strong></span> <span class='ocrx_word' id='word_1_248' title='bbox 812 2167 977 2199; x_wconf 87' lang='lat' dir='ltr'><strong>hominum</strong></span> <span class='ocrx_word' id='word_1_249' title='bbox 1014 2171 1162 2211; x_wconf 77' lang='lat' dir='ltr'><strong>quartos3</strong></span> 
     </span>
     <span class='ocr_line' id='line_1_33' title="bbox 884 2230 1164 2265; baseline -0.014 0"><span class='ocrx_word' id='word_1_250' title='bbox 884 2231 953 2265; x_wconf 86' lang='lat' dir='ltr'><strong>Sed</strong></span> <span class='ocrx_word' id='word_1_251' title='bbox 974 2231 1047 2262; x_wconf 85' lang='lat' dir='ltr'><strong>vide</strong></span> <span class='ocrx_word' id='word_1_252' title='bbox 1069 2230 1164 2263; x_wconf 84' lang='lat' dir='ltr'><strong>Cam·</strong></span> 
     </span>
     <span class='ocr_line' id='line_1_34' title="bbox 211 2293 1166 2339; baseline -0.004 -10"><span class='ocrx_word' id='word_1_253' title='bbox 211 2296 286 2329; x_wconf 88' lang='lat' dir='ltr'><strong>deni</strong></span> <span class='ocrx_word' id='word_1_254' title='bbox 308 2296 456 2339; x_wconf 82' lang='lat' dir='ltr'><strong>praelect.</strong></span> <span class='ocrx_word' id='word_1_255' title='bbox 477 2296 562 2328; x_wconf 82' lang='lat' dir='ltr'><strong>acad.</strong></span> <span class='ocrx_word' id='word_1_256' title='bbox 586 2308 617 2339; x_wconf 86' lang='lat' dir='ltr'><strong>p.</strong></span> <span class='ocrx_word' id='word_1_257' title='bbox 635 2295 819 2339; x_wconf 73' lang='lat' dir='ltr'><strong>(394&#39;sequ.</strong></span> <span class='ocrx_word' id='word_1_258' title='bbox 836 2300 868 2327; x_wconf 83' lang='lat' dir='ltr'><strong>et</strong></span> <span class='ocrx_word' id='word_1_259' title='bbox 887 2293 1018 2328; x_wconf 72' lang='lat' dir='ltr'><strong>Mulieri</strong></span> <span class='ocrx_word' id='word_1_260' title='bbox 1038 2294 1166 2326; x_wconf 88' lang='lat' dir='ltr'><strong>Etruse.</strong></span> 
     </span>
     <span class='ocr_line' id='line_1_35' title="bbox 212 2356 1167 2403; baseline -0.004 -11"><span class='ocrx_word' id='word_1_261' title='bbox 212 2358 263 2400; x_wconf 84' lang='grc' dir='ltr'><strong>Π,</strong></span> <span class='ocrx_word' id='word_1_262' title='bbox 287 2372 317 2403; x_wconf 86' lang='lat' dir='ltr'><strong>p.</strong></span> <span class='ocrx_word' id='word_1_263' title='bbox 336 2359 394 2394; x_wconf 90' lang='grc'><strong>87.</strong></span> <span class='ocrx_word' id='word_1_264' title='bbox 420 2358 607 2390; x_wconf 84' lang='lat' dir='ltr'><strong>Eorundem</strong></span> <span class='ocrx_word' id='word_1_265' title='bbox 625 2357 706 2389; x_wconf 80' lang='lat' dir='ltr'><strong>infra</strong></span> <span class='ocrx_word' id='word_1_266' title='bbox 728 2356 769 2402; x_wconf 83' lang='lat'><strong>(§.</strong></span> <span class='ocrx_word' id='word_1_267' title='bbox 789 2357 852 2402; x_wconf 75' lang='lat'><strong>46)</strong></span> <span class='ocrx_word' id='word_1_268' title='bbox 872 2358 965 2389; x_wconf 88' lang='lat' dir='ltr'><strong>sedes</strong></span> <span class='ocrx_word' id='word_1_269' title='bbox 986 2357 1167 2389; x_wconf 80' lang='lat' dir='ltr'><strong>indicantur</strong></span> 
     </span>
    </p>
   </div>
   <div class='ocr_carea' id='block_1_10' title="bbox 215 2421 654 2467">
    <p class='ocr_par' dir='ltr' id='par_1_12' title="bbox 215 2421 654 2467">
     <span class='ocr_line' id='line_1_36' title="bbox 215 2421 654 2467; baseline -0.005 -12"><span class='ocrx_word' id='word_1_270' title='bbox 215 2424 247 2455; x_wconf 89' lang='lat' dir='ltr'><strong>in</strong></span> <span class='ocrx_word' id='word_1_271' title='bbox 275 2422 377 2467; x_wconf 80' lang='lat' dir='ltr'><strong>prima</strong></span> <span class='ocrx_word' id='word_1_272' title='bbox 402 2421 484 2453; x_wconf 90' lang='lat' dir='ltr'><strong>coeli</strong></span> <span class='ocrx_word' id='word_1_273' title='bbox 513 2422 654 2463; x_wconf 81' lang='lat' dir='ltr'><strong>regione.</strong></span> 
     </span>
    </p>
   </div>
   <div class='ocr_carea' id='block_1_11' title="bbox 209 2231 832 2276">
    <p class='ocr_par' dir='ltr' id='par_1_13' title="bbox 209 2231 832 2276">
     <span class='ocr_line' id='line_1_37' title="bbox 209 2231 832 2276; baseline 0 -12"><span class='ocrx_word' id='word_1_274' title='bbox 209 2232 432 2276; x_wconf 81' lang='lat' dir='ltr'><strong>inexplicabile</strong></span> <span class='ocrx_word' id='word_1_275' title='bbox 456 2232 564 2264; x_wconf 88' lang='lat' dir='ltr'><strong>nescio</strong></span> <span class='ocrx_word' id='word_1_276' title='bbox 589 2232 664 2275; x_wconf 87' lang='lat' dir='ltr'><strong>quid</strong></span> <span class='ocrx_word' id='word_1_277' title='bbox 695 2231 832 2264; x_wconf 73' lang='lat' dir='ltr'><strong>dicens-u</strong></span> 
     </span>
    </p>
   </div>
   <div class='ocr_carea' id='block_1_12' title="bbox 218 2492 1168 2600">
    <p class='ocr_par' dir='ltr' id='par_1_14' title="bbox 218 2492 1168 2600">
     <span class='ocr_line' id='line_1_38' title="bbox 289 2492 1166 2539; baseline -0.003 -12"><span class='ocrx_word' id='word_1_278' title='bbox 289 2492 460 2539; x_wconf 71' lang='lat' dir='ltr'><strong>secretum]</strong></span> <span class='ocrx_word' id='word_1_279' title='bbox 487 2493 579 2526; x_wconf 85' lang='lat' dir='ltr'><strong>Haec</strong></span> <span class='ocrx_word' id='word_1_280' title='bbox 601 2506 730 2538; x_wconf 85' lang='lat' dir='ltr'><strong>quoque</strong></span> <span class='ocrx_word' id='word_1_281' title='bbox 745 2506 785 2525; x_wconf 82' lang='lat' dir='ltr'><strong>ex</strong></span> <span class='ocrx_word' id='word_1_282' title='bbox 801 2493 947 2527; x_wconf 76' lang='lat' dir='ltr'><strong>Arnohio</strong></span> <span class='ocrx_word' id='word_1_283' title='bbox 967 2494 1166 2539; x_wconf 73' lang='lat' dir='ltr'><strong>explicanda,</strong></span> 
     </span>
     <span class='ocr_line' id='line_1_39' title="bbox 218 2554 1168 2600; baseline -0.001 -12"><span class='ocrx_word' id='word_1_284' title='bbox 218 2557 309 2598; x_wconf 85' lang='lat' dir='ltr'><strong>cujus</strong></span> <span class='ocrx_word' id='word_1_285' title='bbox 330 2557 424 2588; x_wconf 63' lang='lat' dir='ltr'><strong>verba</strong></span> <span class='ocrx_word' id='word_1_286' title='bbox 445 2555 496 2599; x_wconf 84' lang='lat' dir='ltr'><strong>(L.</strong></span> <span class='ocrx_word' id='word_1_287' title='bbox 514 2557 546 2588; x_wconf 83' lang='grc'><strong>5.</strong></span> <span class='ocrx_word' id='word_1_288' title='bbox 571 2568 603 2600; x_wconf 88' lang='lat' dir='ltr'><strong>p.</strong></span> <span class='ocrx_word' id='word_1_289' title='bbox 620 2554 704 2598; x_wconf 81' lang='lat'><strong>125)</strong></span> <span class='ocrx_word' id='word_1_290' title='bbox 732 2557 809 2588; x_wconf 85' lang='lat' dir='ltr'><strong>haec</strong></span> <span class='ocrx_word' id='word_1_291' title='bbox 834 2562 920 2588; x_wconf 82' lang='lat' dir='ltr'><strong>sunt:</strong></span> <span class='ocrx_word' id='word_1_292' title='bbox 952 2557 1093 2597; x_wconf 37' lang='lat' dir='ltr'><strong>sverm,</strong></span> <span class='ocrx_word' id='word_1_293' title='bbox 1114 2556 1168 2600; x_wconf 75' lang='lat' dir='ltr'><strong>qvi</strong></span> 
     </span>
    </p>
   </div>
   <div class='ocr_carea' id='block_1_13' title="bbox 220 2617 1168 2661">
    <p class='ocr_par' dir='ltr' id='par_1_15' title="bbox 220 2617 1168 2661">
     <span class='ocr_line' id='line_1_40' title="bbox 220 2617 1168 2661; baseline 0 -12"><span class='ocrx_word' id='word_1_294' title='bbox 220 2624 294 2652; x_wconf 86' lang='lat' dir='ltr'><strong>sunt</strong></span> <span class='ocrx_word' id='word_1_295' title='bbox 322 2618 477 2650; x_wconf 80' lang='lat' dir='ltr'><strong>introrsus</strong></span> <span class='ocrx_word' id='word_1_296' title='bbox 507 2623 600 2661; x_wconf 85' lang='lat' dir='ltr'><strong>atque</strong></span> <span class='ocrx_word' id='word_1_297' title='bbox 630 2617 662 2650; x_wconf 89' lang='lat' dir='ltr'><strong>iu</strong></span> <span class='ocrx_word' id='word_1_298' title='bbox 691 2617 810 2651; x_wconf 84' lang='lat' dir='ltr'><strong>intimis</strong></span> <span class='ocrx_word' id='word_1_299' title='bbox 837 2620 1054 2661; x_wconf 67' lang='lat' dir='ltr'><strong>penetralibus</strong></span> <span class='ocrx_word' id='word_1_300' title='bbox 1076 2617 1168 2659; x_wconf 81' lang='lat' dir='ltr'><strong>coeli,</strong></span> 
     </span>
    </p>
   </div>
   <div class='ocr_carea' id='block_1_14' title="bbox 1195 724 2166 2155">
    <p class='ocr_par' dir='ltr' id='par_1_16' title="bbox 1195 724 2151 1023">
     <span class='ocr_line' id='line_1_41' title="bbox 1196 724 2144 769; baseline 0 -11"><span class='ocrx_word' id='word_1_301' title='bbox 1196 725 1275 758; x_wconf 84' lang='lat' dir='ltr'><strong>deos</strong></span> <span class='ocrx_word' id='word_1_302' title='bbox 1293 736 1365 758; x_wconf 87' lang='lat' dir='ltr'><strong>esse</strong></span> <span class='ocrx_word' id='word_1_303' title='bbox 1382 730 1492 758; x_wconf 75' lang='lat' dir='ltr'><strong>censet</strong></span> <span class='ocrx_word' id='word_1_304' title='bbox 1512 736 1594 768; x_wconf 84' lang='lat' dir='ltr'><strong>qnos</strong></span> <span class='ocrx_word' id='word_1_305' title='bbox 1618 724 1798 769; x_wconf 88' lang='lat' dir='ltr'><strong>loquimur,</strong></span> <span class='ocrx_word' id='word_1_306' title='bbox 1831 736 1891 757; x_wconf 82' lang='lat' dir='ltr'><strong>nec</strong></span> <span class='ocrx_word' id='word_1_307' title='bbox 1911 737 2020 759; x_wconf 84' lang='lat' dir='ltr'><strong>eorum</strong></span> <span class='ocrx_word' id='word_1_308' title='bbox 2036 737 2144 758; x_wconf 83' lang='lat' dir='ltr'><strong>nume·</strong></span> 
     </span>
     <span class='ocr_line' id='line_1_42' title="bbox 1195 788 2147 833; baseline -0.002 -11"><span class='ocrx_word' id='word_1_309' title='bbox 1195 802 1290 829; x_wconf 83' lang='lat' dir='ltr'><strong>rum,</strong></span> <span class='ocrx_word' id='word_1_310' title='bbox 1313 802 1372 822; x_wconf 83' lang='lat' dir='ltr'><strong>nec</strong></span> <span class='ocrx_word' id='word_1_311' title='bbox 1394 791 1525 821; x_wconf 79' lang='lat' dir='ltr'><strong>nomina</strong></span> <span class='ocrx_word' id='word_1_312' title='bbox 1546 790 1632 820; x_wconf 76' lang='lat' dir='ltr'><strong>sciri.</strong></span> <span class='ocrx_word' id='word_1_313' title='bbox 1665 789 1738 820; x_wconf 75' lang='lat' dir='ltr'><strong>llos</strong></span> <span class='ocrx_word' id='word_1_314' title='bbox 1763 788 1938 820; x_wconf 77' lang='lat' dir='ltr'><strong>Consentes</strong></span> <span class='ocrx_word' id='word_1_315' title='bbox 1956 794 1988 820; x_wconf 89' lang='lat' dir='ltr'><strong>et</strong></span> <span class='ocrx_word' id='word_1_316' title='bbox 2005 788 2147 833; x_wconf 86' lang='lat' dir='ltr'><strong>Compli-</strong></span> 
     </span>
     <span class='ocr_line' id='line_1_43' title="bbox 1197 852 2149 895; baseline -0.002 -9"><span class='ocrx_word' id='word_1_317' title='bbox 1197 865 1251 886; x_wconf 88' lang='lat' dir='ltr'><strong>ces</strong></span> <span class='ocrx_word' id='word_1_318' title='bbox 1269 853 1401 885; x_wconf 85' lang='lat' dir='ltr'><strong>Etrusci</strong></span> <span class='ocrx_word' id='word_1_319' title='bbox 1423 853 1512 895; x_wconf 83' lang='lat' dir='ltr'><strong>ajunt</strong></span> <span class='ocrx_word' id='word_1_320' title='bbox 1533 858 1565 884; x_wconf 87' lang='lat' dir='ltr'><strong>et</strong></span> <span class='ocrx_word' id='word_1_321' title='bbox 1586 852 1778 884; x_wconf 63' lang='lat' dir='ltr'><strong>nominant«</strong></span> <span class='ocrx_word' id='word_1_322' title='bbox 1820 852 1922 885; x_wconf 89' lang='lat' dir='ltr'><strong>Iidem</strong></span> <span class='ocrx_word' id='word_1_323' title='bbox 1943 864 2015 886; x_wconf 86' lang='lat' dir='ltr'><strong>esse</strong></span> <span class='ocrx_word' id='word_1_324' title='bbox 2041 852 2149 884; x_wconf 79' lang='lat' dir='ltr'><strong>viden—</strong></span> 
     </span>
     <span class='ocr_line' id='line_1_44' title="bbox 1197 911 2151 962; baseline -0.002 -12"><span class='ocrx_word' id='word_1_325' title='bbox 1197 923 1250 950; x_wconf 83' lang='lat' dir='ltr'><strong>tur</strong></span> <span class='ocrx_word' id='word_1_326' title='bbox 1272 929 1355 961; x_wconf 88' lang='lat' dir='ltr'><strong>quos</strong></span> <span class='ocrx_word' id='word_1_327' title='bbox 1380 915 1506 949; x_wconf 82' lang='lat' dir='ltr'><strong>Seneca</strong></span> <span class='ocrx_word' id='word_1_328' title='bbox 1538 916 1615 961; x_wconf 87' lang='lat' dir='ltr'><strong>(nat.</strong></span> <span class='ocrx_word' id='word_1_329' title='bbox 1637 929 1689 960; x_wconf 87' lang='lat' dir='ltr'><strong>qu.</strong></span> <span class='ocrx_word' id='word_1_330' title='bbox 1714 917 1754 957; x_wconf 88' lang='lat'><strong>2,</strong></span> <span class='ocrx_word' id='word_1_331' title='bbox 1780 911 1832 948; x_wconf 71' lang='lat'><strong>111¹</strong></span> <span class='ocrx_word' id='word_1_332' title='bbox 1852 917 1873 947; x_wconf 84' lang='lat' dir='ltr'><strong>f.</strong></span> <span class='ocrx_word' id='word_1_333' title='bbox 1900 929 1932 961; x_wconf 87' lang='lat' dir='ltr'><strong>p.</strong></span> <span class='ocrx_word' id='word_1_334' title='bbox 1953 917 2024 949; x_wconf 70' lang='lat'><strong>715</strong></span> <span class='ocrx_word' id='word_1_335' title='bbox 2047 915 2151 962; x_wconf 84' lang='lat' dir='ltr'><strong>Lips.)</strong></span> 
     </span>
     <span class='ocr_line' id='line_1_45' title="bbox 1206 978 1889 1023; baseline 0.001 -14"><span class='ocrx_word' id='word_1_336' title='bbox 1206 980 1303 1011; x_wconf 76' lang='lat' dir='ltr'><strong>„deos</strong></span> <span class='ocrx_word' id='word_1_337' title='bbox 1323 978 1506 1023; x_wconf 85' lang='lat' dir='ltr'><strong>superiores</strong></span> <span class='ocrx_word' id='word_1_338' title='bbox 1525 984 1557 1010; x_wconf 83' lang='lat' dir='ltr'><strong>et</strong></span> <span class='ocrx_word' id='word_1_339' title='bbox 1579 978 1758 1010; x_wconf 70' lang='lat' dir='ltr'><strong>involutos«</strong></span> <span class='ocrx_word' id='word_1_340' title='bbox 1787 983 1889 1010; x_wconf 77' lang='lat' dir='ltr'><strong>vocat.</strong></span> 
     </span>
    </p>

    <p class='ocr_par' dir='ltr' id='par_1_17' title="bbox 1198 1038 2155 1275">
     <span class='ocr_line' id='line_1_46' title="bbox 1274 1038 2152 1088; baseline -0.002 -15"><span class='ocrx_word' id='word_1_341' title='bbox 1274 1038 1333 1088; x_wconf 78' lang='lat' dir='ltr'><strong>eis]</strong></span> <span class='ocrx_word' id='word_1_342' title='bbox 1359 1041 1409 1074; x_wconf 84' lang='lat' dir='ltr'><strong>Ita</strong></span> <span class='ocrx_word' id='word_1_343' title='bbox 1441 1052 1552 1072; x_wconf 88' lang='lat' dir='ltr'><strong>omnes</strong></span> <span class='ocrx_word' id='word_1_344' title='bbox 1587 1040 1673 1082; x_wconf 87' lang='lat' dir='ltr'><strong>sere,</strong></span> <span class='ocrx_word' id='word_1_345' title='bbox 1716 1040 1934 1081; x_wconf 85' lang='lat' dir='ltr'><strong>Basileensis‚</strong></span> <span class='ocrx_word' id='word_1_346' title='bbox 1973 1040 2152 1072; x_wconf 85' lang='lat' dir='ltr'><strong>Darmstat-</strong></span> 
     </span>
     <span class='ocr_line' id='line_1_47' title="bbox 1198 1102 2153 1149; baseline -0.004 -11"><span class='ocrx_word' id='word_1_347' title='bbox 1198 1105 1313 1147; x_wconf 85' lang='lat' dir='ltr'><strong>tensis,</strong></span> <span class='ocrx_word' id='word_1_348' title='bbox 1339 1106 1552 1139; x_wconf 84' lang='lat' dir='ltr'><strong>Monacenses</strong></span> <span class='ocrx_word' id='word_1_349' title='bbox 1573 1105 1627 1149; x_wconf 86' lang='lat' dir='ltr'><strong>(B.</strong></span> <span class='ocrx_word' id='word_1_350' title='bbox 1652 1103 1691 1137; x_wconf 92' lang='lat' dir='ltr'><strong>C.</strong></span> <span class='ocrx_word' id='word_1_351' title='bbox 1709 1104 1750 1136; x_wconf 88' lang='lat' dir='ltr'><strong>D.</strong></span> <span class='ocrx_word' id='word_1_352' title='bbox 1771 1104 1842 1147; x_wconf 89' lang='lat' dir='ltr'><strong>E.)‚</strong></span> <span class='ocrx_word' id='word_1_353' title='bbox 1868 1103 2067 1146; x_wconf 80' lang='lat' dir='ltr'><strong>Bodlejanus</strong></span> <span class='ocrx_word' id='word_1_354' title='bbox 2089 1102 2153 1149; x_wconf 85' lang='lat' dir='ltr'><strong>pri-</strong></span> 
     </span>
     <span class='ocr_line' id='line_1_48' title="bbox 1199 1167 2155 1211; baseline -0.002 -10"><span class='ocrx_word' id='word_1_355' title='bbox 1199 1181 1287 1211; x_wconf 83' lang='lat' dir='ltr'><strong>mus,</strong></span> <span class='ocrx_word' id='word_1_356' title='bbox 1311 1169 1536 1209; x_wconf 85' lang='lat' dir='ltr'><strong>Britannicus,</strong></span> <span class='ocrx_word' id='word_1_357' title='bbox 1561 1168 1846 1210; x_wconf 79' lang='lat' dir='ltr'><strong>CantabrigicnsiS,</strong></span> <span class='ocrx_word' id='word_1_358' title='bbox 1867 1173 1899 1200; x_wconf 91' lang='lat' dir='ltr'><strong>et</strong></span> <span class='ocrx_word' id='word_1_359' title='bbox 1924 1168 1958 1199; x_wconf 93' lang='lat' dir='ltr'><strong>in</strong></span> <span class='ocrx_word' id='word_1_360' title='bbox 1977 1167 2119 1210; x_wconf 83' lang='lat' dir='ltr'><strong>margine</strong></span> <span class='ocrx_word' id='word_1_361' title='bbox 2136 1178 2155 1199; x_wconf 80' lang='lat' dir='ltr'><strong>a</strong></span> 
     </span>
     <span class='ocr_line' id='line_1_49' title="bbox 1201 1230 1958 1275; baseline -0.007 -9"><span class='ocrx_word' id='word_1_362' title='bbox 1201 1231 1317 1266; x_wconf 86' lang='lat' dir='ltr'><strong>Grotio</strong></span> <span class='ocrx_word' id='word_1_363' title='bbox 1345 1231 1465 1263; x_wconf 81' lang='lat' dir='ltr'><strong>laudati</strong></span> <span class='ocrx_word' id='word_1_364' title='bbox 1492 1231 1629 1264; x_wconf 86' lang='lat' dir='ltr'><strong>codices.</strong></span> <span class='ocrx_word' id='word_1_365' title='bbox 1653 1231 1739 1264; x_wconf 83' lang='lat' dir='ltr'><strong>Male</strong></span> <span class='ocrx_word' id='word_1_366' title='bbox 1761 1230 1857 1272; x_wconf 77' lang='lat' dir='ltr'><strong>vulgo</strong></span> <span class='ocrx_word' id='word_1_367' title='bbox 1879 1231 1958 1275; x_wconf 81' lang='lat' dir='ltr'><strong>ejus.</strong></span> 
     </span>
    </p>

    <p class='ocr_par' dir='ltr' id='par_1_18' title="bbox 1202 1291 2165 2088">
     <span class='ocr_line' id='line_1_50' title="bbox 1276 1291 2154 1341; baseline -0.007 -12"><span class='ocrx_word' id='word_1_368' title='bbox 1276 1295 1497 1341; x_wconf 77' lang='lat' dir='ltr'><strong>consensione]</strong></span> <span class='ocrx_word' id='word_1_369' title='bbox 1530 1295 1677 1329; x_wconf 80' lang='lat' dir='ltr'><strong>Meminit</strong></span> <span class='ocrx_word' id='word_1_370' title='bbox 1708 1293 1874 1327; x_wconf 76' lang='lat' dir='ltr'><strong>Arnobius</strong></span> <span class='ocrx_word' id='word_1_371' title='bbox 1905 1294 2038 1325; x_wconf 87' lang='lat' dir='ltr'><strong>deorum</strong></span> <span class='ocrx_word' id='word_1_372' title='bbox 2066 1291 2154 1324; x_wconf 85' lang='lat' dir='ltr'><strong>Con-</strong></span> 
     </span>
     <span class='ocr_line' id='line_1_51' title="bbox 1202 1354 2158 1402; baseline -0.006 -10"><span class='ocrx_word' id='word_1_373' title='bbox 1202 1359 1340 1392; x_wconf 84' lang='lat' dir='ltr'><strong>sentium</strong></span> <span class='ocrx_word' id='word_1_374' title='bbox 1363 1365 1395 1391; x_wconf 91' lang='lat' dir='ltr'><strong>ct</strong></span> <span class='ocrx_word' id='word_1_375' title='bbox 1416 1359 1478 1391; x_wconf 86' lang='lat' dir='ltr'><strong>alii.</strong></span> <span class='ocrx_word' id='word_1_376' title='bbox 1503 1359 1579 1390; x_wconf 85' lang='lat' dir='ltr'><strong>Ilue</strong></span> <span class='ocrx_word' id='word_1_377' title='bbox 1596 1360 1678 1390; x_wconf 82' lang='lat' dir='ltr'><strong>forte</strong></span> <span class='ocrx_word' id='word_1_378' title='bbox 1693 1358 1831 1402; x_wconf 84' lang='lat' dir='ltr'><strong>pertinet</strong></span> <span class='ocrx_word' id='word_1_379' title='bbox 1848 1357 1977 1401; x_wconf 80' lang='lat' dir='ltr'><strong>antiqua</strong></span> <span class='ocrx_word' id='word_1_380' title='bbox 1992 1354 2158 1400; x_wconf 85' lang='lat' dir='ltr'><strong>inscriptio</strong></span> 
     </span>
     <span class='ocr_line' id='line_1_52' title="bbox 1203 1417 2158 1465; baseline -0.004 -12"><span class='ocrx_word' id='word_1_381' title='bbox 1203 1421 1397 1465; x_wconf 82' lang='lat' dir='ltr'><strong>Spoletana:</strong></span> <span class='ocrx_word' id='word_1_382' title='bbox 1427 1420 1624 1453; x_wconf 73' lang='lat' dir='ltr'><strong>»Consentio</strong></span> <span class='ocrx_word' id='word_1_383' title='bbox 1656 1420 1788 1452; x_wconf 88' lang='lat' dir='ltr'><strong>deorum</strong></span> <span class='ocrx_word' id='word_1_384' title='bbox 1807 1419 1951 1451; x_wconf 70' lang='lat' dir='ltr'><strong>Max-iana</strong></span> <span class='ocrx_word' id='word_1_385' title='bbox 1974 1417 2158 1451; x_wconf 84' lang='lat' dir='ltr'><strong>Sozomene</strong></span> 
     </span>
     <span class='ocr_line' id='line_1_53' title="bbox 1203 1481 2152 1527; baseline -0.002 -13"><span class='ocrx_word' id='word_1_386' title='bbox 1203 1483 1337 1526; x_wconf 86' lang='lat' dir='ltr'><strong>imperio</strong></span> <span class='ocrx_word' id='word_1_387' title='bbox 1355 1484 1458 1516; x_wconf 54' lang='lat' dir='ltr'><strong>fecit«</strong></span> <span class='ocrx_word' id='word_1_388' title='bbox 1489 1483 1593 1516; x_wconf 69' lang='lat' dir='ltr'><strong>Gnor.</strong></span> <span class='ocrx_word' id='word_1_389' title='bbox 1612 1502 1660 1507; x_wconf 89' lang='grc'><strong>--</strong></span> <span class='ocrx_word' id='word_1_390' title='bbox 1690 1483 1775 1527; x_wconf 87' lang='lat' dir='ltr'><strong>Ipsis</strong></span> <span class='ocrx_word' id='word_1_391' title='bbox 1801 1482 1892 1513; x_wconf 85' lang='lat' dir='ltr'><strong>»Diis</strong></span> <span class='ocrx_word' id='word_1_392' title='bbox 1913 1481 2152 1514; x_wconf 80' lang='lat' dir='ltr'><strong>Consentilms«</strong></span> 
     </span>
     <span class='ocr_line' id='line_1_54' title="bbox 1206 1542 2158 1587; baseline -0.001 -12"><span class='ocrx_word' id='word_1_393' title='bbox 1206 1544 1286 1575; x_wconf 83' lang='lat' dir='ltr'><strong>duas</strong></span> <span class='ocrx_word' id='word_1_394' title='bbox 1313 1544 1432 1576; x_wconf 81' lang='lat' dir='ltr'><strong>dicatas</strong></span> <span class='ocrx_word' id='word_1_395' title='bbox 1452 1544 1596 1574; x_wconf 78' lang='lat' dir='ltr'><strong>iuvenies</strong></span> <span class='ocrx_word' id='word_1_396' title='bbox 1617 1543 1702 1587; x_wconf 80' lang='lat' dir='ltr'><strong>apud</strong></span> <span class='ocrx_word' id='word_1_397' title='bbox 1727 1543 1902 1575; x_wconf 85' lang='lat' dir='ltr'><strong>Gruterum</strong></span> <span class='ocrx_word' id='word_1_398' title='bbox 1923 1542 1966 1586; x_wconf 87' lang='lat' dir='ltr'><strong>(p.</strong></span> <span class='ocrx_word' id='word_1_399' title='bbox 1988 1542 2036 1586; x_wconf 78' lang='lat'><strong>5).</strong></span> <span class='ocrx_word' id='word_1_400' title='bbox 2064 1543 2158 1586; x_wconf 83' lang='lat' dir='ltr'><strong>Quos</strong></span> 
     </span>
     <span class='ocr_line' id='line_1_55' title="bbox 1205 1603 2160 1648; baseline 0 -13"><span class='ocrx_word' id='word_1_401' title='bbox 1205 1604 1383 1638; x_wconf 81' lang='lat' dir='ltr'><strong>Martianus</strong></span> <span class='ocrx_word' id='word_1_402' title='bbox 1411 1617 1429 1636; x_wconf 86' lang='lat' dir='ltr'><strong>a</strong></span> <span class='ocrx_word' id='word_1_403' title='bbox 1459 1606 1668 1636; x_wconf 79' lang='lat' dir='ltr'><strong>consensione</strong></span> <span class='ocrx_word' id='word_1_404' title='bbox 1692 1604 1870 1648; x_wconf 78' lang='lat' dir='ltr'><strong>appellatos</strong></span> <span class='ocrx_word' id='word_1_405' title='bbox 1898 1609 2027 1644; x_wconf 84' lang='lat' dir='ltr'><strong>censet,</strong></span> <span class='ocrx_word' id='word_1_406' title='bbox 2062 1603 2115 1635; x_wconf 87' lang='lat' dir='ltr'><strong>alii</strong></span> <span class='ocrx_word' id='word_1_407' title='bbox 2142 1616 2160 1636; x_wconf 81' lang='lat' dir='ltr'><strong>a</strong></span> 
     </span>
     <span class='ocr_line' id='line_1_56' title="bbox 1207 1665 2162 1710; baseline -0.001 -12"><span class='ocrx_word' id='word_1_408' title='bbox 1207 1666 1401 1698; x_wconf 83' lang='lat' dir='ltr'><strong>consulendo</strong></span> <span class='ocrx_word' id='word_1_409' title='bbox 1420 1665 1466 1710; x_wconf 87' lang='lat' dir='ltr'><strong>(V</strong></span> <span class='ocrx_word' id='word_1_410' title='bbox 1468 1677 1530 1697; x_wconf 72' lang='lat'><strong>033.</strong></span> <span class='ocrx_word' id='word_1_411' title='bbox 1548 1665 1688 1709; x_wconf 75' lang='lat' dir='ltr'><strong>Etymol.</strong></span> <span class='ocrx_word' id='word_1_412' title='bbox 1705 1665 1726 1697; x_wconf 91' lang='grc'><strong>1.</strong></span> <span class='ocrx_word' id='word_1_413' title='bbox 1743 1666 1797 1698; x_wconf 84' lang='lat' dir='ltr'><strong>lat.</strong></span> <span class='ocrx_word' id='word_1_414' title='bbox 1814 1678 1844 1709; x_wconf 86' lang='lat' dir='ltr'><strong>p.</strong></span> <span class='ocrx_word' id='word_1_415' title='bbox 1866 1665 1970 1709; x_wconf 77' lang='lat'><strong>154),</strong></span> <span class='ocrx_word' id='word_1_416' title='bbox 1995 1665 2049 1698; x_wconf 81' lang='lat' dir='ltr'><strong>alii</strong></span> <span class='ocrx_word' id='word_1_417' title='bbox 2069 1665 2162 1710; x_wconf 77' lang='lat' dir='ltr'><strong>quasi</strong></span> 
     </span>
     <span class='ocr_line' id='line_1_57' title="bbox 1209 1725 2162 1774; baseline -0.002 -10"><span class='ocrx_word' id='word_1_418' title='bbox 1209 1725 1395 1769; x_wconf 75' lang='grc' dir='ltr'><strong><em>δυνόντες</em></strong></span> <span class='ocrx_word' id='word_1_419' title='bbox 1420 1741 1529 1771; x_wconf 25' lang='lat' dir='ltr'><strong>aucum</strong></span> <span class='ocrx_word' id='word_1_420' title='bbox 1554 1734 1588 1761; x_wconf 90' lang='lat' dir='ltr'><strong>et</strong></span> <span class='ocrx_word' id='word_1_421' title='bbox 1609 1739 1691 1768; x_wconf 83' lang='lat' dir='ltr'><strong>esse,</strong></span> <span class='ocrx_word' id='word_1_422' title='bbox 1715 1735 1751 1761; x_wconf 85' lang='lat' dir='ltr'><strong>ut</strong></span> <span class='ocrx_word' id='word_1_423' title='bbox 1776 1735 1962 1774; x_wconf 81' lang='lat' dir='ltr'><strong>praesentes</strong></span> <span class='ocrx_word' id='word_1_424' title='bbox 1986 1740 2006 1761; x_wconf 76' lang='lat' dir='ltr'><strong>a</strong></span> <span class='ocrx_word' id='word_1_425' title='bbox 2026 1741 2106 1773; x_wconf 80' lang='lat' dir='ltr'><strong>prae</strong></span> <span class='ocrx_word' id='word_1_426' title='bbox 2129 1734 2162 1762; x_wconf 81' lang='lat' dir='ltr'><strong>ct</strong></span> 
     </span>
     <span class='ocr_line' id='line_1_58' title="bbox 1209 1792 2163 1838; baseline 0 -14"><span class='ocrx_word' id='word_1_427' title='bbox 1209 1804 1297 1832; x_wconf 75' lang='lat' dir='ltr'><strong>esset,</strong></span> <span class='ocrx_word' id='word_1_428' title='bbox 1330 1793 1368 1824; x_wconf 79' lang='lat' dir='ltr'><strong>ef.</strong></span> <span class='ocrx_word' id='word_1_429' title='bbox 1390 1793 1522 1825; x_wconf 77' lang='lat' dir='ltr'><strong>Mntleri</strong></span> <span class='ocrx_word' id='word_1_430' title='bbox 1545 1793 1675 1825; x_wconf 83' lang='lat' dir='ltr'><strong>Etrusc.</strong></span> <span class='ocrx_word' id='word_1_431' title='bbox 1690 1793 1729 1825; x_wconf 89' lang='lat' dir='ltr'><strong>T.</strong></span> <span class='ocrx_word' id='word_1_432' title='bbox 1744 1793 1797 1834; x_wconf 88' lang='lat'><strong>11,</strong></span> <span class='ocrx_word' id='word_1_433' title='bbox 1824 1806 1855 1837; x_wconf 86' lang='lat' dir='ltr'><strong>p.</strong></span> <span class='ocrx_word' id='word_1_434' title='bbox 1872 1794 1932 1834; x_wconf 86' lang='lat'><strong>81,</strong></span> <span class='ocrx_word' id='word_1_435' title='bbox 1953 1792 2009 1838; x_wconf 82' lang='lat' dir='ltr'><strong>qui</strong></span> <span class='ocrx_word' id='word_1_436' title='bbox 2024 1792 2163 1825; x_wconf 82' lang='lat' dir='ltr'><strong>Arnobii</strong></span> 
     </span>
     <span class='ocr_line' id='line_1_59' title="bbox 1212 1855 2162 1900; baseline 0.001 -13"><span class='ocrx_word' id='word_1_437' title='bbox 1212 1867 1342 1900; x_wconf 86' lang='lat' dir='ltr'><strong>quoquc</strong></span> <span class='ocrx_word' id='word_1_438' title='bbox 1363 1855 1435 1888; x_wconf 90' lang='lat' dir='ltr'><strong>loco</strong></span> <span class='ocrx_word' id='word_1_439' title='bbox 1456 1855 1527 1900; x_wconf 82' lang='lat'><strong>(111.</strong></span> <span class='ocrx_word' id='word_1_440' title='bbox 1544 1856 1636 1900; x_wconf 83' lang='lat' dir='ltr'><strong>extr.)</strong></span> <span class='ocrx_word' id='word_1_441' title='bbox 1661 1856 1770 1888; x_wconf 87' lang='lat' dir='ltr'><strong>utitur.</strong></span> <span class='ocrx_word' id='word_1_442' title='bbox 1795 1857 1968 1889; x_wconf 83' lang='lat' dir='ltr'><strong>Praeterea</strong></span> <span class='ocrx_word' id='word_1_443' title='bbox 1992 1856 2162 1888; x_wconf 70' lang='lat' dir='ltr'><strong>observan-</strong></span> 
     </span>
     <span class='ocr_line' id='line_1_60' title="bbox 1213 1919 2165 1963; baseline 0.002 -12"><span class='ocrx_word' id='word_1_444' title='bbox 1213 1919 1306 1960; x_wconf 84' lang='lat' dir='ltr'><strong>dum,</strong></span> <span class='ocrx_word' id='word_1_445' title='bbox 1324 1919 1516 1952; x_wconf 79' lang='lat' dir='ltr'><strong>Martianum</strong></span> <span class='ocrx_word' id='word_1_446' title='bbox 1535 1919 1712 1952; x_wconf 75' lang='lat' dir='ltr'><strong>Consentes</strong></span> <span class='ocrx_word' id='word_1_447' title='bbox 1734 1920 1929 1963; x_wconf 82' lang='lat' dir='ltr'><strong>distinguere</strong></span> <span class='ocrx_word' id='word_1_448' title='bbox 1953 1933 1972 1953; x_wconf 88' lang='lat' dir='ltr'><strong>a</strong></span> <span class='ocrx_word' id='word_1_449' title='bbox 1995 1920 2063 1953; x_wconf 71' lang='lat' dir='ltr'><strong>»bis</strong></span> <span class='ocrx_word' id='word_1_450' title='bbox 2078 1920 2165 1953; x_wconf 82' lang='lat' dir='ltr'><strong>senis</strong></span> 
     </span>
     <span class='ocr_line' id='line_1_61' title="bbox 1213 1981 2163 2027; baseline 0 -13"><span class='ocrx_word' id='word_1_451' title='bbox 1213 1982 1345 2023; x_wconf 83' lang='lat' dir='ltr'><strong>collegis</strong></span> <span class='ocrx_word' id='word_1_452' title='bbox 1362 1981 1493 2022; x_wconf 76' lang='lat' dir='ltr'><strong>Jovis«,</strong></span> <span class='ocrx_word' id='word_1_453' title='bbox 1521 1993 1603 2026; x_wconf 86' lang='lat' dir='ltr'><strong>quos</strong></span> <span class='ocrx_word' id='word_1_454' title='bbox 1626 1981 1772 2026; x_wconf 87' lang='lat' dir='ltr'><strong>plerique</strong></span> <span class='ocrx_word' id='word_1_455' title='bbox 1796 1982 1867 2027; x_wconf 85' lang='lat' dir='ltr'><strong>ipso</strong></span> <span class='ocrx_word' id='word_1_456' title='bbox 1891 1982 1948 2015; x_wconf 90' lang='lat' dir='ltr'><strong>illo</strong></span> <span class='ocrx_word' id='word_1_457' title='bbox 1971 1982 2100 2015; x_wconf 87' lang='lat' dir='ltr'><strong>nomine</strong></span> <span class='ocrx_word' id='word_1_458' title='bbox 2116 1981 2163 2014; x_wconf 81' lang='lat' dir='ltr'><strong>in·</strong></span> 
     </span>
     <span class='ocr_line' id='line_1_62' title="bbox 1212 2045 1362 2088; baseline -0.007 -11"><span class='ocrx_word' id='word_1_459' title='bbox 1212 2045 1362 2088; x_wconf 82' lang='lat' dir='ltr'><strong>signiunt.</strong></span> 
     </span>
    </p>

    <p class='ocr_par' dir='ltr' id='par_1_19' title="bbox 1291 2106 2166 2155">
     <span class='ocr_line' id='line_1_63' title="bbox 1291 2106 2166 2155; baseline -0.001 -16"><span class='ocrx_word' id='word_1_460' title='bbox 1291 2108 1477 2140; x_wconf 75' lang='lat' dir='ltr'><strong>Vulcanum</strong></span> <span class='ocrx_word' id='word_1_461' title='bbox 1509 2106 1682 2155; x_wconf 79' lang='lat' dir='ltr'><strong>Jouialem]</strong></span> <span class='ocrx_word' id='word_1_462' title='bbox 1717 2108 1817 2140; x_wconf 80' lang='lat' dir='ltr'><strong>Haud</strong></span> <span class='ocrx_word' id='word_1_463' title='bbox 1854 2108 1921 2141; x_wconf 87' lang='lat' dir='ltr'><strong>scio</strong></span> <span class='ocrx_word' id='word_1_464' title='bbox 1963 2119 2004 2139; x_wconf 80' lang='lat' dir='ltr'><strong>an</strong></span> <span class='ocrx_word' id='word_1_465' title='bbox 2039 2113 2166 2151; x_wconf 76' lang='lat' dir='ltr'><strong>praeter</strong></span> 
     </span>
    </p>
   </div>
   <div class='ocr_carea' id='block_1_15' title="bbox 2097 2167 2166 2201">
    <p class='ocr_par' dir='ltr' id='par_1_20' title="bbox 2097 2167 2166 2201">
     <span class='ocr_line' id='line_1_64' title="bbox 2097 2167 2166 2201; baseline -0.014 0"><span class='ocrx_word' id='word_1_466' title='bbox 2097 2167 2166 2201; x_wconf 79' lang='lat' dir='ltr'><strong>Sed</strong></span> 
     </span>
    </p>
   </div>
   <div class='ocr_carea' id='block_1_16' title="bbox 1215 2230 2166 2526">
    <p class='ocr_par' dir='ltr' id='par_1_21' title="bbox 1215 2230 2166 2526">
     <span class='ocr_line' id='line_1_65' title="bbox 1215 2230 2165 2273; baseline -0.002 -8"><span class='ocrx_word' id='word_1_467' title='bbox 1215 2231 1308 2265; x_wconf 80' lang='lat' dir='ltr'><strong>facile</strong></span> <span class='ocrx_word' id='word_1_468' title='bbox 1334 2231 1522 2273; x_wconf 78' lang='lat' dir='ltr'><strong>intelligitur</strong></span> <span class='ocrx_word' id='word_1_469' title='bbox 1552 2231 1704 2273; x_wconf 85' lang='lat' dir='ltr'><strong>distingui</strong></span> <span class='ocrx_word' id='word_1_470' title='bbox 1728 2232 1812 2263; x_wconf 87' lang='lat' dir='ltr'><strong>hunc</strong></span> <span class='ocrx_word' id='word_1_471' title='bbox 1834 2230 1929 2262; x_wconf 86' lang='lat' dir='ltr'><strong>deum</strong></span> <span class='ocrx_word' id='word_1_472' title='bbox 1950 2231 1989 2261; x_wconf 87' lang='lat' dir='ltr'><strong>ab</strong></span> <span class='ocrx_word' id='word_1_473' title='bbox 2014 2230 2071 2263; x_wconf 89' lang='lat' dir='ltr'><strong>illo</strong></span> <span class='ocrx_word' id='word_1_474' title='bbox 2096 2230 2165 2263; x_wconf 88' lang='lat' dir='ltr'><strong>sine</strong></span> 
     </span>
     <span class='ocr_line' id='line_1_66' title="bbox 1215 2293 2166 2342; baseline -0.001 -15"><span class='ocrx_word' id='word_1_475' title='bbox 1215 2301 1305 2342; x_wconf 78' lang='lat' dir='ltr'><strong>patre</strong></span> <span class='ocrx_word' id='word_1_476' title='bbox 1329 2301 1422 2336; x_wconf 78' lang='lat' dir='ltr'><strong>nato,</strong></span> <span class='ocrx_word' id='word_1_477' title='bbox 1461 2295 1500 2326; x_wconf 87' lang='lat' dir='ltr'><strong>de</strong></span> <span class='ocrx_word' id='word_1_478' title='bbox 1536 2306 1600 2339; x_wconf 88' lang='lat' dir='ltr'><strong>quo</strong></span> <span class='ocrx_word' id='word_1_479' title='bbox 1633 2295 1715 2325; x_wconf 80' lang='lat' dir='ltr'><strong>infra</strong></span> <span class='ocrx_word' id='word_1_480' title='bbox 1748 2293 1790 2338; x_wconf 62' lang='grc' dir='ltr'><strong>(ἓ.</strong></span> <span class='ocrx_word' id='word_1_481' title='bbox 1815 2293 1886 2337; x_wconf 88' lang='grc'><strong>87).</strong></span> <span class='ocrx_word' id='word_1_482' title='bbox 1916 2293 2166 2340; x_wconf 60' lang='lat' dir='ltr'><strong>Jovialis1enim</strong></span> 
     </span>
     <span class='ocr_line' id='line_1_67' title="bbox 1216 2357 2166 2403; baseline -0.001 -12"><span class='ocrx_word' id='word_1_483' title='bbox 1216 2360 1383 2395; x_wconf 87' lang='lat' dir='ltr'><strong>Vulcanus</strong></span> <span class='ocrx_word' id='word_1_484' title='bbox 1398 2364 1486 2403; x_wconf 87' lang='lat' dir='ltr'><strong>patre</strong></span> <span class='ocrx_word' id='word_1_485' title='bbox 1503 2359 1586 2391; x_wconf 83' lang='lat' dir='ltr'><strong>Jove</strong></span> <span class='ocrx_word' id='word_1_486' title='bbox 1601 2358 1749 2402; x_wconf 87' lang='lat' dir='ltr'><strong>(Homeri</strong></span> <span class='ocrx_word' id='word_1_487' title='bbox 1768 2358 1805 2389; x_wconf 87' lang='lat' dir='ltr'><strong>Il.</strong></span> <span class='ocrx_word' id='word_1_488' title='bbox 1831 2359 1863 2399; x_wconf 89' lang='lat'><strong>1,</strong></span> <span class='ocrx_word' id='word_1_489' title='bbox 1882 2357 2166 2402; x_wconf 76' lang='lat' dir='ltr'><strong>578.Apollod01·.</strong></span> 
     </span>
     <span class='ocr_line' id='line_1_68' title="bbox 1219 2418 2166 2465; baseline -0.005 -10"><span class='ocrx_word' id='word_1_490' title='bbox 1219 2424 1251 2463; x_wconf 84' lang='lat'><strong>1,</strong></span> <span class='ocrx_word' id='word_1_491' title='bbox 1277 2424 1311 2459; x_wconf 83' lang='lat'><strong>5.</strong></span> <span class='ocrx_word' id='word_1_492' title='bbox 1339 2423 1373 2454; x_wconf 80' lang='grc'><strong>6.</strong></span> <span class='ocrx_word' id='word_1_493' title='bbox 1402 2421 1535 2454; x_wconf 85' lang='lat' dir='ltr'><strong>Cornut.</strong></span> <span class='ocrx_word' id='word_1_494' title='bbox 1565 2433 1596 2465; x_wconf 88' lang='lat' dir='ltr'><strong>p.</strong></span> <span class='ocrx_word' id='word_1_495' title='bbox 1617 2421 1684 2452; x_wconf 89' lang='grc'><strong>181</strong></span> <span class='ocrx_word' id='word_1_496' title='bbox 1708 2418 1794 2462; x_wconf 87' lang='lat' dir='ltr'><strong>Gal.)</strong></span> <span class='ocrx_word' id='word_1_497' title='bbox 1823 2419 1890 2451; x_wconf 68' lang='lat' dir='ltr'><strong>sive</strong></span> <span class='ocrx_word' id='word_1_498' title='bbox 1914 2419 2058 2452; x_wconf 82' lang='lat' dir='ltr'><strong>Aethere</strong></span> <span class='ocrx_word' id='word_1_499' title='bbox 2083 2420 2166 2465; x_wconf 88' lang='lat' dir='ltr'><strong>(Cic.</strong></span> 
     </span>
     <span class='ocr_line' id='line_1_69' title="bbox 1216 2481 2166 2526; baseline -0.003 -10"><span class='ocrx_word' id='word_1_500' title='bbox 1216 2484 1256 2516; x_wconf 81' lang='lat' dir='ltr'><strong>N.</strong></span> <span class='ocrx_word' id='word_1_501' title='bbox 1278 2484 1318 2515; x_wconf 86' lang='grc' dir='ltr'><strong>Ι).</strong></span> <span class='ocrx_word' id='word_1_502' title='bbox 1334 2485 1368 2524; x_wconf 85' lang='grc'><strong>5,</strong></span> <span class='ocrx_word' id='word_1_503' title='bbox 1394 2483 1472 2526; x_wconf 72' lang='grc'><strong>21),</strong></span> <span class='ocrx_word' id='word_1_504' title='bbox 1503 2482 1558 2526; x_wconf 86' lang='lat' dir='ltr'><strong>qui</strong></span> <span class='ocrx_word' id='word_1_505' title='bbox 1578 2481 1663 2513; x_wconf 88' lang='lat' dir='ltr'><strong>idem</strong></span> <span class='ocrx_word' id='word_1_506' title='bbox 1682 2486 1747 2522; x_wconf 81' lang='lat' dir='ltr'><strong>est,</strong></span> <span class='ocrx_word' id='word_1_507' title='bbox 1771 2487 1957 2526; x_wconf 89' lang='lat' dir='ltr'><strong>procreatus</strong></span> <span class='ocrx_word' id='word_1_508' title='bbox 1977 2488 2054 2514; x_wconf 85' lang='lat' dir='ltr'><strong>crat.</strong></span> <span class='ocrx_word' id='word_1_509' title='bbox 2081 2482 2166 2524; x_wconf 81' lang='lat' dir='ltr'><strong>Cog-</strong></span> 
     </span>
    </p>
   </div>
   <div class='ocr_carea' id='block_1_17' title="bbox 1212 2168 2041 2214">
    <p class='ocr_par' dir='ltr' id='par_1_22' title="bbox 1212 2168 2041 2214">
     <span class='ocr_line' id='line_1_70' title="bbox 1212 2168 2041 2214; baseline -0.001 -13"><span class='ocrx_word' id='word_1_510' title='bbox 1212 2169 1405 2205; x_wconf 66' lang='lat' dir='ltr'><strong>Mattianum</strong></span> <span class='ocrx_word' id='word_1_511' title='bbox 1432 2181 1527 2202; x_wconf 90' lang='lat' dir='ltr'><strong>nemo</strong></span> <span class='ocrx_word' id='word_1_512' title='bbox 1559 2170 1727 2214; x_wconf 84' lang='lat' dir='ltr'><strong>quisquam</strong></span> <span class='ocrx_word' id='word_1_513' title='bbox 1759 2169 1829 2211; x_wconf 88' lang='lat' dir='ltr'><strong>ejus</strong></span> <span class='ocrx_word' id='word_1_514' title='bbox 1854 2168 2041 2201; x_wconf 84' lang='lat' dir='ltr'><strong>meminerit.</strong></span> 
     </span>
    </p>
   </div>
   <div class='ocr_carea' id='block_1_18' title="bbox 1219 2545 2167 2591">
    <p class='ocr_par' dir='ltr' id='par_1_23' title="bbox 1219 2545 2167 2591">
     <span class='ocr_line' id='line_1_71' title="bbox 1219 2545 2167 2591; baseline -0.003 -12"><span class='ocrx_word' id='word_1_515' title='bbox 1219 2560 1333 2580; x_wconf 81' lang='lat' dir='ltr'><strong>nomen</strong></span> <span class='ocrx_word' id='word_1_516' title='bbox 1365 2552 1529 2591; x_wconf 84' lang='lat' dir='ltr'><strong>practerea</strong></span> <span class='ocrx_word' id='word_1_517' title='bbox 1568 2545 1647 2577; x_wconf 86' lang='lat' dir='ltr'><strong>illud</strong></span> <span class='ocrx_word' id='word_1_518' title='bbox 1683 2545 1752 2577; x_wconf 84' lang='lat' dir='ltr'><strong>aliis</strong></span> <span class='ocrx_word' id='word_1_519' title='bbox 1783 2545 1877 2578; x_wconf 84' lang='lat' dir='ltr'><strong>etiam</strong></span> <span class='ocrx_word' id='word_1_520' title='bbox 1908 2546 1969 2577; x_wconf 90' lang='lat' dir='ltr'><strong>diis</strong></span> <span class='ocrx_word' id='word_1_521' title='bbox 2001 2545 2167 2586; x_wconf 74' lang='lat' dir='ltr'><strong>tribuitur3</strong></span> 
     </span>
    </p>
   </div>
   <div class='ocr_carea' id='block_1_19' title="bbox 1218 2605 2166 2653">
    <p class='ocr_par' dir='ltr' id='par_1_24' title="bbox 1218 2605 2166 2653">
     <span class='ocr_line' id='line_1_72' title="bbox 1218 2605 2166 2653; baseline -0.007 -8"><span class='ocrx_word' id='word_1_522' title='bbox 1218 2612 1261 2645; x_wconf 86' lang='lat' dir='ltr'><strong>ita</strong></span> <span class='ocrx_word' id='word_1_523' title='bbox 1282 2610 1410 2645; x_wconf 42' lang='lat' dir='ltr'><strong>«loriam</strong></span> <span class='ocrx_word' id='word_1_524' title='bbox 1425 2609 1586 2643; x_wconf 64' lang='lat' dir='ltr'><strong>Venerem</strong></span> <span class='ocrx_word' id='word_1_525' title='bbox 1608 2607 1714 2653; x_wconf 87' lang='lat' dir='ltr'><strong>(Grut.</strong></span> <span class='ocrx_word' id='word_1_526' title='bbox 1730 2607 1824 2640; x_wconf 84' lang='lat' dir='ltr'><strong>inser.</strong></span> <span class='ocrx_word' id='word_1_527' title='bbox 1841 2608 1905 2650; x_wconf 80' lang='lat'><strong>59,</strong></span> <span class='ocrx_word' id='word_1_528' title='bbox 1929 2605 1983 2653; x_wconf 85' lang='lat'><strong>8),</strong></span> <span class='ocrx_word' id='word_1_529' title='bbox 2007 2606 2166 2641; x_wconf 80' lang='lat' dir='ltr'><strong>Jovialem</strong></span> 
     </span>
    </p>
   </div>
  </div>
 </body>
</html>
