2310 2860
728 181 926 224 Martiani
965 181 1165 238 Capellae
1207 180 1278 222 lib.
1302 179 1334 222 I.
1367 184 1397 234 ᾗ.
1423 181 1494 224 25.

2034 186 2092 232 61

473 292 610 333 Invito
641 291 717 332 scit
746 305 866 347 posse
895 290 1013 332 Jove.
1065 291 1124 331 Ut
1151 297 1257 331 stent
1287 287 1422 330 ardua
1457 304 1633 345 magno,

470 372 739 414 Alterutrum
771 372 965 414 cumulat
994 372 1176 429 parilem
1207 371 1414 413 meruisse
1446 372 1647 427 jugalem.

299 454 374 496 His
414 453 622 510 Apollinis
666 454 784 495 dictis
829 451 1086 495 laetabunda
1123 451 1294 503 Virtus,
1343 452 1461 507 quod
1502 462 1589 493 tam
1627 454 1866 498 excellentis
1903 456 2089 514 Virginis
2118 455 2177 499 25

130 547 307 576 suasum
341 534 456 576 videt
481 550 569 576 esse
599 534 867 589 conjugium,
898 543 945 574 ut
979 532 1086 574 nihil
1115 532 1320 574 amissum
1346 548 1399 575 ex
1426 534 1768 590 supradictarum
1796 538 1971 581 duceret
1999 540 2092 597 dig-

129 616 278 667 nitato,
316 630 474 656 nomen
510 625 653 656 tamen
684 614 775 667 ejus
805 613 993 667 inquirit.

1058 612 1188 663 Quod
1225 614 1301 655 ubi
1336 616 1530 670 cognovit
1563 616 1840 673 Philologiam
1881 635 1992 672 csse,
2038 622 2092 664 de

129 711 219 752 qua
247 695 398 737 foedus
427 695 628 746 instabat,
674 703 789 737 tanta
826 693 1106 750 gratulatione
1152 695 1454 752 alacritatequc
1487 699 1748 751 concutitur,
1789 710 1836 742 ut
1870 702 2090 758 aliquanto

200 794 261 825 scit
272 789 378 837 posse]
404 790 453 823 Ita
472 790 554 822 insi-a
577 789 674 822 »sciat
693 800 784 821 esse«
808 789 898 821 dixit.
916 789 1020 822 Gnor.
1033 810 1082 816 ·—

126 852 288 899 Equidem
303 852 465 895 intelligo:
486 851 686 893 »Philologia
704 862 737 883 se
763 862 860 895 posse
886 851 966 892 scit,
994 853 1082 896 quod

125 917 226 950 invito
245 917 330 949 Jove
344 916 434 948 nulla
454 917 605 960 superum
625 919 769 960 potestas
795 919 918 946 tentare
942 916 1055 959 possit.
1064 930 1075 944 u

125 981 282 1016 Similiter
304 980 393 1012 solus
412 978 535 1024 Apollo
555 978 649 1011 Jovis
674 983 807 1010 noverat
830 978 974 1020 consilia,
1001 990 1082 1023 quae

123 1049 251 1088 praeter
280 1054 353 1075 eum
382 1041 492 1074 nullus
522 1040 603 1073 scire
634 1045 762 1085 poterat
799 1040 948 1084 (Homeri
974 1042 1082 1085 hymn.

122 1107 156 1139 iu
179 1107 318 1140 Mercur.
344 1105 440 1148 554).
699 1149 705 1152 ᾖ

194 1175 231 1202 ιιι
252 1168 352 1214 stent]
386 1169 458 1210 Ego
488 1167 600 1199 vitium
630 1166 664 1199 in
698 1167 958 1199 distinctiuncula
983 1172 1082 1211 puto,

121 1238 155 1264 et
178 1242 308 1264 sensum
336 1242 426 1262 esse:
456 1229 521 1261 »Ut
546 1229 643 1261 ardua
667 1241 782 1271 magno
809 1234 977 1270 constent,
1008 1241 1080 1273 per-

121 1300 226 1335 stent,
255 1294 477 1334 consentiant,
507 1293 694 1324 alterutrum
722 1304 762 1324 ex
787 1292 838 1324 his
863 1292 978 1324 mereri
1005 1304 1079 1324 con-

115 1357 242 1400 jugium
259 1356 449 1390 Mercuriale
474 1356 508 1388 in
534 1355 754 1387 laudatissima
776 1355 928 1397 virginea«
951 1356 1078 1387 Rumi-

120 1422 258 1466 (advers.
282 1433 313 1464 p.
335 1418 431 1463 954).
449 1437 497 1442 -—-
538 1418 578 1450 In
597 1419 803 1450 distinetione
824 1419 975 1450 mutanda
997 1419 1077 1450 Bar-

118 1485 220 1518 thium
246 1488 376 1515 secutus
397 1487 569 1526 punctum,
603 1481 690 1524 quod
714 1480 830 1512 sustuli
852 1487 927 1525 post
948 1493 1078 1525 τηαφιο,

117 1547 247 1592 reposui
260 1551 335 1591 post
347 1546 440 1578 Jove.
468 1543 599 1576 Etenim
621 1550 659 1575 ut
683 1544 872 1575 concessive
889 1544 1008 1575 dietum
1027 1550 1077 1576 est

117 1623 175 1658 pro
193 1612 284 1649 licet,
309 1615 344 1642 ut
363 1609 431 1642 Cic.
446 1608 486 1640 de
504 1608 565 1639 div.
585 1608 617 1647 1,
641 1607 682 1647 63
711 1607 808 1638 Tusc.
830 1607 860 1646 l,
891 1607 940 1637 59
967 1612 1026 1638 cet.

192 1671 398 1718 alterutrum]
425 1672 651 1710 Alterutrum,
688 1669 828 1715 penitius
849 1669 1004 1710 intuenti,
1037 1682 1074 1701 n-

117 1743 267 1786 tmmque
291 1735 445 1780 Capellae
472 1733 693 1766 Martianismo
731 1732 870 1776 quodam
897 1731 936 1763 de
963 1730 1075 1763 Asi-ica

98 1805 216 1832 motat.
240 1797 365 1830 Ambos
389 1796 544 1836 cumulat,
576 1796 639 1826 hoc
662 1799 712 1825 est
731 1793 912 1833 concludit,
940 1793 1074 1837 parilem

117 1861 285 1903 conjugem
306 1858 471 1891 meruisse.
499 1856 628 1900 Quodsi
649 1855 850 1900 penitissime
873 1855 999 1896 videas,
1029 1856 1073 1887 vi-

118 1922 208 1955 debis
224 1922 416 1954 altmarum
433 1924 581 1951 »mutuo«
599 1929 723 1949 sonare.
749 1916 862 1948 Ardua
879 1917 1002 1959 magnis
1019 1930 1072 1949 cu·

115 1984 239 2017 mulant
252 1994 334 2015 sese.
348 1982 399 2014 Eo
414 1980 561 2024 exemplo
578 1978 733 2011 sermonis
743 1979 962 2011 Tertullianus
975 1972 1084 2024 (apols

116 2059 143 2080 c.
160 2046 238 2091 59):
259 2045 380 2085 »Vide,
413 2044 536 2088 inquit,
559 2048 596 2074 ut
619 2042 755 2075 invicem
779 2054 814 2074 se
838 2042 987 2085 diligant,
1010 2043 1072 2086 ipsi

115 2108 199 2142 enim
214 2107 350 2140 invicem
367 2107 522 2146 oderunt3
547 2110 580 2137 et
601 2110 636 2136 ut
652 2116 711 2149 pro
735 2105 891 2137 alterutro
909 2105 990 2136 mori
1008 2105 1072 2136 sint

118 2170 231 2215 parati,
247 2169 310 2214 ipsi
323 2168 406 2200 enim
423 2167 462 2199 ad
476 2166 685 2199 occidendum
695 2163 887 2199 alterutrum
895 2167 1071 2212 paratiores

115 2240 235 2267 erunt«
290 2232 358 2277 Qui
390 2232 460 2275 ipse
490 2236 522 2263 et
550 2231 738 2263 cumulandi
768 2232 866 2263 verbo
898 2232 943 2263 ita
974 2243 1067 2273 usus,

116 2296 172 2329 sed
187 2296 258 2328 loco
277 2294 371 2327 nobis
389 2293 542 2325 memoria
554 2293 622 2335 jam
639 2293 761 2337 elapso.
787 2293 913 2325 BAnTn.
933 2294 1069 2338 (advers.

115 2373 149 2405 p.
173 2358 269 2402 954).
305 2358 428 2390 Parilis
454 2356 573 2399 jugalis
605 2362 655 2388 est
686 2357 883 2398 Mercurius,
914 2369 978 2401 quo
1004 2370 1070 2391 non

114 2420 275 2462 indignam
296 2418 510 2461 Philologiam
546 2430 699 2463 sponsam
728 2418 781 2460 sel
812 2420 853 2451 ob
882 2419 1069 2452 alterutrum

113 2483 262 2520 meritum
285 2483 406 2525 magiae
437 2487 470 2514 et
500 2482 731 2524 astronomiae,
763 2488 899 2527 utraque
925 2484 1009 2516 enim
1036 2484 1070 2516 in

116 2562 154 2583 ea
177 2546 409 2582 commendavit
432 2545 548 2587 modo,
576 2553 682 2589 retur,
708 2547 794 2592 quod
814 2547 937 2590 junctis
963 2548 1068 2580 amba-

115 2614 175 2646 bus
200 2621 286 2643 nune
310 2607 366 2641 illa
397 2607 547 2640 cumulat.
567 2608 694 2642 BAR'ru.
721 2609 776 2655 (p.
803 2610 900 2643 1242
909 2609 932 2654 ).
952 2628 999 2634 —-
1029 2609 1068 2643 In

1134 793 1317 836 praemissis
1339 793 1467 837 quidem
1490 793 1585 834 nihil,
1613 794 1700 838 quod
1730 795 1769 826 ad
1795 796 1929 838 magiam
1954 805 2089 842 spectet,

1134 854 1269 895 legitur,
1300 855 1357 887 sed
1373 855 1413 887 ad
1428 855 1611 888 inferiorem
1630 856 1738 889 locum
1753 858 1889 890 sortasse
1910 859 1957 891 vir
1975 860 2088 894 doctus

1134 916 1294 960 respexit,
1327 917 1382 948 ubi
1407 917 1479 949 vide
1504 916 1547 962 (§.
1565 919 1613 950 57
1645 918 1678 962 s.)
1705 931 1786 963 quae
1809 925 1966 953 notamus.

1211 979 1367 1026 cumulat]
1390 979 1508 1023 Auget.
1534 980 1659 1024 Sensus
1679 988 1742 1014 est:
1765 983 1845 1016 alter
1865 984 1995 1016 alterius
2015 998 2089 1018 con-

1134 1041 1233 1073 sortio
1262 1042 1396 1083 beatus,
1429 1048 1525 1086 atque
1554 1043 1720 1075 extollitur
1742 1045 1922 1077 Mercurius
1945 1046 2088 1080 Philolo-

1071 1108 1075 1112 ”
1133 1104 1219 1146 giae,
1244 1111 1276 1137 et
1293 1105 1476 1147 philologia
1496 1107 1657 1138 Mercurii.
1673 1107 1775 1140 Vch.
1789 1127 1837 1132 —
1870 1109 1938 1142 Sed
1962 1110 2090 1143 edoceri

1132 1169 1240 1212 potius
1262 1169 1301 1200 ab
1321 1169 1495 1213 interprete
1519 1170 1721 1212 maluissem,
1751 1184 1815 1216 quo
1834 1178 1928 1215 pacto
1946 1174 2090 1206 infinitus

1132 1231 1247 1262 modus
1280 1234 1434 1263 meruisse
1467 1244 1538 1263 cum
1563 1232 1696 1276 reliquis
1722 1234 1828 1265 verbis
1843 1233 1937 1277 jungi
1965 1236 2089 1279 possit,

1132 1295 1219 1338 quod
1237 1294 1313 1326 mihi
1328 1295 1457 1339 quidem
1472 1296 1541 1327 Iicri
1554 1308 1619 1328 non
1631 1309 1729 1341 posse
1748 1298 1885 1338 videtur,
1900 1298 1962 1330 nisi
1979 1310 2088 1332 cumu-

1131 1358 1175 1391 lae
1196 1358 1443 1403 interpretemur
1466 1360 1611 1404 »utrique
1636 1362 1752 1393 honori
1767 1368 1816 1394 est
1833 1362 2005 1394 meruisse«
2028 1368 2088 1396 cet.

1197 1419 1355 1465 jthalevtt]
1383 1420 1574 1463 Conjugem.
1606 1421 1693 1453 Aliis
1714 1422 1793 1455 loeis
1816 1422 1859 1468 (ᾖ.
1873 1425 1933 1456 51.
1950 1423 2012 1468 59)
2028 1425 2088 1456 Ju-

1128 1494 1246 1513 nonein
1262 1483 1403 1526 appellat
1412 1485 1570 1527 jaecyalem,
1595 1485 1652 1516 sed
1674 1485 1758 1519 κατ’
1779 1484 1943 1532 ἐξοχὴν,
1969 1489 2089 1533 quippe

1128 1542 1220 1574 deam
1240 1545 1427 1587 pronubam.
1443 1564 1491 1569 —-—
1511 1544 1664 1577 Ceterum
1682 1546 1852 1577 verborum
1876 1547 1954 1579 ordo
1979 1549 2013 1579 in
2035 1549 2087 1581 his

1127 1604 1272 1635 versibus
1299 1605 1350 1636 hic
1374 1616 1446 1636 esse
1474 1606 1616 1637 videtur:
1641 1606 1720 1637 »Est
1748 1607 1845 1649 igitur
1871 1608 1960 1651 virgo
1988 1610 2088 1653 prisci

1126 1665 1252 1707 generis
1268 1665 1452 1697 doctissima
1468 1666 1595 1698 conscia
1609 1667 1766 1708 Parnaso,
1781 1668 1832 1699 cui
1842 1669 1967 1711 fulgent
1981 1671 2087 1703 sidera

1126 1733 1237 1768 coetu,
1271 1727 1322 1760 cui
1343 1740 1405 1760 nee
1427 1733 1565 1772 possunt
1590 1729 1729 1761 claustra
1755 1730 1915 1763 occultare
1937 1743 2087 1766 recessus

1125 1796 1300 1833 tartareos,
1328 1804 1388 1825 nee
1409 1792 1543 1824 fulmina
1566 1792 1663 1825 rutila
1684 1793 1847 1826 arbitrium
1872 1795 1983 1837 «Iovis,
2010 1809 2088 1841 spe-

1125 1861 1215 1888 ctans
1248 1856 1420 1898 fluctigena
1455 1857 1559 1901 qualis
1589 1856 1669 1902 (sit)
1699 1858 1758 1890 sub
1789 1859 1913 1901 gurgite
1938 1861 2086 1906 Nereus3

1124 1930 1271 1962 quaeque
1297 1918 1387 1950 novit
1420 1925 1494 1951 tuos
1527 1919 1692 1964 (Mercuri)
1721 1931 1872 1953 recursus
1901 1934 1960 1966 per
1985 1935 2085 1965 regna

1123 1979 1244 2023 (trium)
1262 1980 1394 2012 fratrum
1413 1980 1539 2025 (Jovis,
1565 1981 1708 2026 Neptuni
1735 1987 1767 2013 et
1789 1983 1973 2029 Plutonis),
2001 1997 2084 2029 quae

1121 2043 1256 2087 pervigil
1283 2043 1455 2077 immodico
1482 2045 1594 2077 labore
1625 2051 1798 2090 penetrans
1830 2059 1944 2080 areana
1974 2054 2085 2093 potest

1122 2106 1217 2139 docta
1241 2119 1316 2139 eura
1342 2113 1464 2149 totum,
1504 2110 1592 2153 quod
1616 2110 1741 2154 superis
1770 2111 1930 2154 praescire
1957 2112 2077 2155 datum,

1121 2175 1341 2213 praeverteret,
1375 2171 1454 2215 quin
1477 2172 1619 2204 crebrius
1645 2171 1741 2203 etiam
1761 2172 1795 2204 in
1814 2184 1874 2204 nos
1901 2172 2007 2218 (deos)
2025 2175 2082 2218 jus

1121 2233 1216 2265 habet
1233 2233 1306 2275 illa,
1332 2246 1450 2276 urgens
1471 2235 1550 2267 deos
1573 2235 1717 2278 injussa
1746 2242 1875 2269 coactos
1899 2235 1940 2282 (§.
1959 2239 2016 2270 57.
2029 2238 2079 2280 fi),

1121 2300 1154 2326 et
1179 2295 1239 2326 seit
1262 2295 1323 2340 (se)
1345 2308 1443 2340 posse
1466 2297 1553 2342 quod
1577 2297 1666 2330 nulla
1686 2303 1831 2343 potestas
1856 2302 2006 2342 superum
2029 2299 2077 2330 in·

1120 2358 1185 2389 vito
1207 2356 1292 2389 Jove
1314 2363 1438 2391 tentare
1462 2365 1567 2402 queat.
1593 2360 1687 2392 Licet
1709 2360 1807 2403 igitur
1840 2360 1937 2392 ardua
1962 2371 2077 2402 magno

1118 2419 1248 2466 (pretio)
1275 2427 1378 2462 stent,
1416 2423 1542 2467 utrique
1577 2429 1684 2456 tamen
1707 2424 1917 2456 honorificum
1943 2423 2023 2464 erit,
2047 2423 2076 2455 si

1119 2483 1269 2528 (alterum
1291 2485 1365 2530 sibi)
1385 2487 1519 2531 parilem
1545 2488 1716 2529 conjugem
1738 2487 1914 2519 meruerit«

1191 2546 1321 2593 foedus]
1354 2547 1410 2581 Sic
1444 2548 1525 2581 infra
1557 2548 1605 2593 (§.
1626 2548 1698 2592 51)
1725 2548 1885 2592 »pignoris
1910 2547 1991 2593 (filii)
2016 2560 2076 2594 pro

1118 2609 1279 2644 foedere«
1326 2612 1455 2645 Foedus
1481 2613 1668 2658 simpliciter
1689 2622 1748 2656 pro
1785 2611 1943 2655 conjugio.
1971 2611 2076 2650 Gnor,
