2310 2860
763 116 960 159 Martiani
1001 116 1200 173 Capellae
1237 116 1306 158 lib.
1335 116 1388 159 II.
1428 118 1459 168 §.
1483 116 1583 158 215.

2068 114 2159 156 24⁵3

200 226 326 283 pulus
364 224 509 268 studiis
546 225 882 282 discrepantibus
927 224 1188 276 dissonabat3
1249 224 1324 279 qui
1375 223 1552 279 quidem
1592 238 1738 266 omnes
1782 226 1889 266 inter
1928 223 2154 265 Musarum

198 307 388 348 carmina
417 307 728 348 concinentium
760 305 919 358 audiri,
957 305 1053 347 lieet
1083 314 1415 362 perstreperent,
1454 305 1572 346 nullo
1604 315 1779 361 potuere
1809 306 1998 348 reboatu.

2060 306 2150 348 Ve-
2179 299 2269 341 214

198 387 336 428 niente
387 388 514 443 igitur
557 388 900 445 introgressoque
947 388 1142 444 Cyllenio
1194 388 1331 428 onmis
1378 387 1447 428 ille
1494 387 1676 429 deorum
1722 399 1890 430 senatus
1929 397 2155 430 veneratus

197 469 401 511 verticem
443 470 710 526 ingredientis
755 471 953 526 exsurgit.

169 545 172 548 ’
197 549 367 592 Pallade
390 565 413 592 a
435 550 583 594 dextra
616 552 792 604 sociata,
822 550 1015 593 medium
1040 551 1273 594 collocavit.

198 673 340 717 nihilque
363 679 450 706 certo
473 673 547 707 sciri
566 685 663 719 posse
686 673 851 706 asserebat
876 673 1033 715 (meminit
1057 673 1153 715 hujus

198 735 358 778 opinionis
387 734 582 768 Aristoteles
612 736 645 768 in
675 734 914 780 metaphysicis)
942 736 1154 779 utebaturque

196 803 382 838 argumento
407 797 486 828 remi
506 797 649 838 infracti,
685 803 716 829 et
736 797 812 830 colli
836 796 1010 829 columbini
1037 797 1085 841 (ut
1108 802 1153 828 te-

197 858 254 889 stis
269 864 318 889 est
340 859 455 891 Cicero
480 858 512 890 in
535 858 646 901 acad),
667 858 701 890 in
726 870 790 903 quo
816 858 902 890 aliud
923 859 999 903 quid
1018 858 1154 899 videtur,

196 933 291 966 quam
319 933 428 954 revera
461 928 518 954 est.
561 923 637 954 Huc
668 922 781 955 alludit
813 922 957 967 Capella.
981 922 1086 954 Gnor.
1107 941 1154 946 —

196 983 364 1017 Ciceronis
400 984 491 1015 loeus
531 984 565 1015 in
601 983 788 1017 academicis
826 983 1068 1029 quaestionibus
1106 989 1156 1015 est

195 1045 249 1089 (4,
276 1044 348 1088 25).
393 1044 461 1078 Sed
487 1050 559 1077 ante
585 1046 670 1079 hune
695 1045 763 1088 jam
786 1045 957 1079 Lucretius
987 1045 1039 1089 (2,
1069 1045 1155 1089 800)

196 1108 256 1140 hae
278 1106 317 1139 de
340 1119 390 1139 re:

250 1171 387 1203 ”Pluma
413 1171 630 1204 columbarum
655 1185 718 1220 quo
746 1179 840 1217 paeto
859 1175 895 1207 in
917 1174 982 1207 sole
1007 1174 1156 1215 videtur,

244 1233 336 1278 Quae
354 1236 418 1267 sita
443 1237 583 1268 cervices
607 1238 728 1269 circum
751 1238 931 1286 collumque
957 1243 1106 1270 coronae.-

244 1295 396 1343 Namque
414 1297 496 1330 alias
512 1297 570 1340 fit,
591 1300 642 1330 uti
661 1299 761 1332 rubro
786 1300 829 1332 sit
856 1300 945 1332 clara
968 1300 1116 1344 Pyropo,

246 1359 418 1391 Interdum
445 1362 584 1407 quodam
609 1372 708 1394 sensu
725 1361 783 1405 fit,
809 1364 859 1394 uti
877 1364 1028 1395 videatur

245 1423 338 1455 Inter
365 1424 545 1455 coeruleum
563 1425 697 1457 virideis
721 1428 853 1458 miscere
875 1426 1092 1470 smm·aqdos.‹¹

193 1482 290 1516 Adde
311 1485 385 1517 huie
409 1484 567 1518 Senecam
588 1487 665 1531 (nat.
685 1499 739 1532 qu.
764 1489 802 1528 1,
827 1489 860 1520 5.
879 1501 908 1531 p.
925 1488 997 1519 687
1017 1487 1107 1531 Lips.
1125 1493 1157 1518 et

194 1545 286 1590 epist.
307 1547 350 1578 71
375 1546 521 1591 Ρ.512),
547 1552 580 1579 et
603 1546 827 1592 Apollinarem
852 1548 1022 1580 Sidonium
1048 1549 1164 1592 (carm.¹

195 1610 252 1650 15,
265 1609 323 1641 89.
339 1622 370 1653 p.
385 1611 460 1641 577
479 1609 598 1654 Sirm).
616 1611 714 1643 Certe
732 1611 848 1643 Cicero
865 1611 918 1655 (de
936 1612 998 1644 div.
1013 1612 1047 1652 2,
1071 1611 1156 1655 119)

192 1667 351 1701 edixerat:
380 1670 487 1702 »Nihil
513 1677 577 1703 tam
603 1672 740 1704 absurde
762 1672 826 1705 diei
850 1678 958 1718 potest
979 1672 1066 1717 quod
1091 1683 1158 1704 non

192 1731 316 1764 dicatur
343 1733 382 1765 ab
407 1733 515 1778 aliquo
538 1735 833 1780 philosophorum.«
872 1736 971 1780 Quod
997 1736 1157 1780 reliquum

193 1801 252 1837 est,
276 1808 342 1829 non
358 1797 546 1844 reeordatus
570 1803 620 1830 est
639 1797 785 1841 Grotius,
810 1800 898 1844 quod
915 1800 984 1844 ipse
1001 1799 1156 1832 Socrates

192 1866 341 1892 sueverat
366 1861 487 1894 dicere:
510 1862 611 1894 »seire
638 1874 673 1894 se
696 1863 775 1894 nihil
796 1868 925 1907 praeter
947 1865 1010 1896 hoc
1038 1863 1156 1908 ipsum,

193 1923 281 1966 quod
308 1923 388 1955 nihil
420 1924 534 1957 sciret«
568 1925 677 1969 (Πίος.
699 1926 807 1958 Laert.
830 1927 865 1967 2,
886 1927 947 1960 52.
977 1926 1048 1960 Cic.
1067 1927 1156 1960 acad.

196 1985 234 2025 1,
267 1983 335 2028 16)

265 2045 489 2093 palliatorum]
520 2047 560 2080 Id
585 2054 634 2080 est
657 2049 922 2094 philosophorum
945 2049 1155 2089 Graecorum,

192 2116 229 2144 ut
247 2121 288 2143 ex
309 2111 515 2144 inferioribus
533 2111 614 2144 locis
637 2112 733 2156 (225.
752 2113 836 2146 528.
855 2115 940 2146 555.
962 2113 1047 2145 424.
1070 2113 1154 2144 429.

192 2173 280 2217 450)
306 2180 450 2218 apparet.
476 2176 620 2207 Panium
647 2176 776 2219 quidem
795 2177 925 2209 omnino
950 2177 990 2209 ad
1012 2175 1155 2209 Graecae

193 2235 297 2278 gentis
316 2236 459 2268 habitum
479 2236 677 2281 pertinebat,
703 2238 924 2271 Romanorum
948 2244 1054 2271 autem
1075 2243 1154 2270 tem-

193 2310 271 2343 pore
295 2299 318 2331 ii
347 2300 550 2344 potissimum
583 2313 622 2333 eo
657 2302 846 2343 utebantur,
879 2302 935 2347 qui
960 2302 1155 2336 Graecarum

193 2361 356 2395 literarum
371 2363 517 2395 notitiam
537 2365 737 2407 affectabant,
762 2372 797 2398 ut
810 2379 841 2401 v.
861 2378 888 2399 c.
905 2366 1031 2400 Seneca
1046 2367 1156 2399 rhetor

195 2425 351 2469 (controv.
372 2427 408 2467 4,
426 2427 487 2468 29,
503 2440 536 2472 p.
555 2428 629 2461 255
648 2429 780 2474 Elzev.)
802 2436 945 2463 oratores
965 2442 1155 2464 commemo-

195 2492 260 2527 rat,
294 2487 371 2531 »qui
394 2500 492 2531 quum
511 2489 628 2523 Latine
652 2491 922 2534 deelamaverant,
946 2499 1021 2538 toqa
1040 2493 1155 2537 posita,

194 2556 323 2596 sumpto
356 2552 454 2594 palIIo
488 2551 580 2598 quasi
611 2565 751 2599 persona
783 2561 903 2589 mutata
939 2556 1088 2589 redibant
1125 2562 1157 2590 et

1030 470 1126 527 Ipse
1163 468 1328 524 Jupiter
1368 483 1467 510 eum
1510 479 1684 525 propter
1722 485 1848 512 suum
1897 483 2154 519 consessum,

1334 550 1427 592 Nec
1454 550 1579 606 longo
1611 551 1830 606 interjectu
1857 552 1946 607 ipsa
1979 564 2156 606 quoque
2188 550 2273 590 215

1206 671 1329 705 Graece
1359 670 1614 710 declamabant«,
1647 670 1743 715 inque
1774 671 1881 715 primis
1912 671 2095 716 philosophi
2118 682 2158 704 eo

1205 735 1348 778 insignes
1377 739 1484 775 crant,
1511 734 1568 779 qui
1588 735 1707 766 diutius
1735 747 1828 779 quam
1853 735 1906 767 alii
1927 741 2067 768 veterem
2091 735 2156 768 cul·

1204 803 1257 829 tus
1281 796 1516 841 simplicitatem
1541 803 1703 829 servarent
1725 798 1820 840 (conf.
1846 797 1955 830 valer.
1975 798 2104 831 Maxim.
2123 797 2159 837 2,

1203 860 1238 899 6,
1268 860 1312 891 10
1334 859 1441 903 ibique
1458 859 1569 891 Vorst.
1588 871 1618 890 n.
1637 860 1684 891 65
1703 872 1733 903 p.
1753 860 1824 890 178
1844 859 1954 900 Tou-,3
1978 858 2158 904 Apollinar.

1206 921 1320 955 Sidon.
1340 922 1433 966 epist.
1455 923 1488 953 9.
1507 923 1541 962 9,
1560 935 1591 966 p.
1614 922 1686 955 285
1715 921 1828 964 Sirm.,
1859 928 1892 955 et
1919 923 1951 955 in
1977 923 2159 956 universum

1206 985 1400 1020 salmasium
1425 986 1465 1018 ad
1491 987 1625 1018 Tertull.
1651 987 1689 1018 de
1713 987 1835 1031 pallio).

1281 1059 1478 1107 dissonabat]
1505 1061 1591 1093 Infra
1616 1061 1657 1106 (ἓ.
1676 1062 1762 1106 912)
1784 1068 1911 1094 noster:

1265 1152 1276 1166 »
1288 1137 1329 1169 Ut
1355 1138 1438 1169 nulli
1459 1143 1611 1170 scateant
1631 1137 1762 1170 dissona
1786 1139 1921 1171 litibus.‹·

1206 1212 1305 1245 Ridet
1331 1212 1549 1257 discrepantes
1582 1213 1622 1245 de
1649 1225 1755 1245 rerum
1781 1212 1945 1258 principiis
1974 1212 2162 1257 opinioneS,

1208 1288 1303 1319 quenl
1332 1275 1597 1320 philosophorum
1629 1275 1809 1307 dissensum
1846 1276 1899 1307 alii
1928 1275 2019 1307 multi
2047 1274 2165 1319 pariter

1206 1340 1482 1384 reprehenderunt
1509 1341 1612 1384 (Max,
1644 1341 1720 1384 Tyr.
1744 1341 1811 1381 52,
1851 1341 1884 1371 2.
1910 1340 1946 1371 T.
1974 1339 2007 1371 2.
2038 1352 2068 1383 p.
2093 1338 2164 1370 119

1206 1402 1316 1434 Reisk.
1338 1403 1465 1435 Vitruv.
1487 1403 1525 1443 2,
1552 1404 1584 1434 2.
1617 1408 1649 1434 et
1677 1404 1698 1434 8
1728 1403 1825 1446 praef.
1849 1401 1982 1434 Tertull.
2010 1401 2050 1432 de
2072 1400 2165 1431 anim.

1207 1464 1256 1495 52
1275 1469 1307 1495 et
1330 1464 1400 1496 adv.
1422 1465 1520 1495 Marc.
1544 1465 1575 1501 1,
1608 1466 1661 1495 15.
1682 1463 1806 1496 Arnob.
1831 1464 1864 1495 2.
1885 1477 1917 1507 p.
1936 1464 1995 1495 48.
2022 1462 2163 1494 Mam-ob.

1208 1537 1311 1558 somn.
1327 1524 1382 1558 Sc.
1396 1526 1427 1563 1,
1452 1526 1506 1557 14.
1534 1525 1646 1557 Sidon.
1665 1537 1758 1557 earm.
1776 1526 1811 1565 2,
1838 1527 1907 1557 156
1927 1537 2016 1568 sequ.
2037 1524 2164 1568 p-294.

1208 1587 1304 1620 Sirm.
1324 1587 1443 1619 Minue.
1463 1587 1532 1618 Fel.
1560 1588 1614 1618 19.
1640 1587 1802 1618 Plutarch.
1831 1587 1870 1619 dc
1895 1587 1975 1631 plac.
1998 1586 2114 1630 philos
2134 1584 2162 1620 Ῑ.

1207 1663 1238 1695 p.
1262 1651 1335 1682 874
1359 1662 1450 1694 sequ.
1473 1650 1594 1682 Euseb.
1618 1662 1726 1694 praep.
1755 1662 1802 1682 ev.
1824 1652 1861 1691 1,
1894 1652 1925 1682 5.
1946 1663 1976 1694 p.
2002 1650 2050 1681 22
2074 1661 2160 1693 sequ.

1207 1713 1329 1746 Justin.
1356 1714 1450 1747 Mart.
1479 1714 1518 1745 ad
1543 1714 1600 1747 Gr.
1627 1713 1730 1759 Oper.
1758 1727 1788 1758 p.
1808 1716 1841 1746 6.
1865 1714 2025 1746 Theodor.
2053 1726 2079 1746 e.
2105 1714 2159 1746 Gr.

1207 1778 1248 1812 de
1272 1785 1381 1811 mater.
1396 1780 1428 1811 4.
1462 1778 1629 1811 Claudian.
1656 1779 1779 1811 consul.
1802 1779 1906 1811 Mallii
1930 1779 1979 1811 84
2002 1778 2112 1823 sequ.)

1281 1839 1427 1886 reboatu]
1454 1841 1504 1873 Ita
1528 1841 1654 1873 codices
1681 1841 1956 1882 Cantabrigicnsis
1985 1847 2016 1872 ct
2041 1839 2158 1881 Hugia-

1206 1915 1268 1935 nus
1295 1915 1371 1935 saue
1394 1903 1508 1934 melius
1531 1915 1590 1947 pro
1615 1903 1772 1936 Grotiano
1799 1904 1960 1934 rabulam.
1994 1902 2158 1946 Superiori

1205 1964 1279 1998 loco
1309 1964 1351 2010 (ξ.
1372 1965 1434 2008 98)
1463 1976 1581 1997 nomeu
1612 1965 1748 2008 simplex
1774 1965 1901 1996 boatum
1925 1965 2068 2007 legimus.
2109 1965 2156 1995 De

1204 2036 1339 2069 prorsus
1368 2024 1575 2057 dissimilibus
1601 2025 1868 2069 philosophorum
1895 2026 2060 2058 sententiis
2088 2026 2156 2068 lege

1205 2093 1239 2121 et
1266 2087 1457 2121 Ciceronem
1484 2088 1537 2133 (de
1562 2088 1690 2120 divinat.
1711 2090 1750 2130 2,
1781 2091 1827 2122 57
1853 2096 1884 2122 et
1911 2092 1984 2135 58).

1279 2175 1426 2222 propter]
1455 2176 1569 2209 Codex
1594 2177 1868 2220 Cantahrigiensis
1891 2179 2019 2223 quidem
2042 2190 2154 2223 prope,

1206 2237 1265 2271 sed
1293 2250 1392 2273 unum
1425 2237 1574 2284 idemque
1607 2244 1673 2281 est,
1714 2239 1859 2284 illudque
1890 2248 2000 2273 noster
2030 2240 2154 2283 saepius

1207 2313 1307 2346 aeque
1344 2307 1439 2347 atque
1468 2301 1653 2347 Appulejus
1690 2304 1738 2348 (v.
1772 2304 1921 2337 Oudend.
1955 2305 1995 2336 ad
2029 2315 2100 2338 eum
2131 2302 2158 2335 Ῑ.

1205 2376 1238 2408 p.
1261 2363 1360 2407 245),
1386 2369 1418 2396 et
1443 2365 1531 2408 quod
1555 2365 1658 2407 majus
1691 2371 1751 2406 est,
1776 2366 1890 2399 Cicero
1912 2366 1963 2409 (N.
1980 2366 2021 2396 1).
2037 2367 2072 2406 5,
2092 2365 2155 2396 22:

1206 2425 1246 2458 de
1274 2425 1393 2457 invent.
1423 2426 1463 2466 2,
1491 2426 1559 2470 51)
1595 2427 1745 2459 adhibuit.
1787 2427 1890 2459 Paulo
1925 2426 2069 2468 inferius,
2104 2425 2151 2459 ulJi

1207 2486 1341 2520 Grotius
1362 2488 1530 2533 interjecta
1552 2488 1665 2529 habet,
1692 2488 1809 2520 rectius
1832 2487 2016 2528 nugifluus,
2042 2488 2150 2521 narm-

1207 2550 1373 2584 stattensis
1399 2556 1432 2583 et
1458 2551 1731 2593 Cantabrigiensis
1756 2549 1906 2582 exhibent
1930 2551 2104 2598 interjectu.

1701 2613 1750 2646 52
