2310 2860
777 122 975 164 Martiani
1007 120 1207 176 Capellae
1239 119 1312 161 lib.
1337 116 1413 159 VI.
1445 119 1478 169 ᾗ.
1504 118 1602 159 681.

186 133 279 176 554

194 241 354 291 amnis3
384 239 491 278 inter
513 234 682 290 Syriam
704 240 743 273 et
763 230 979 272 Parthiam
1010 225 1218 283 oppidum
1246 225 1470 280 Palmyra,
1502 239 1694 280 moxque
1711 225 1951 281 Euphrates
1976 228 2150 283 fluvius,

195 323 315 375 cujus
345 318 491 359 decem
524 315 692 357 dierum
724 312 990 368 navigatione
1021 309 1064 350 in
1096 307 1232 363 ipsam
1266 306 1505 348 Seleuciam
1537 307 1796 348 Parthorum
1829 308 1982 348 urbem
2013 309 2152 351 maxi-

193 414 310 442 mam
350 396 609 453 pervenitur.
676 394 758 435 Sed
797 393 946 434 scissus
985 386 1228 442 Euphrates
1269 385 1515 427 laevorsum
1553 386 1597 427 in
1638 386 1993 442 Mesopotamiam
2038 388 2153 430 vadit

195 488 235 519 et
261 477 426 532 Tigridi
459 475 720 525 infunditur,
766 473 915 514 dextro
947 479 1090 511 autem
1124 477 1270 509 meatu
1300 468 1583 522 Babyloniam
1620 469 1738 523 petit,
1771 483 1883 523 quae
1914 469 2152 511 Chaldaeae

70 564 160 610 682
194 569 322 615 caput
359 567 429 598 est.
489 556 572 598 Sed
609 553 880 597 redeundum
922 551 972 592 ad
1008 565 1130 591 oram
1168 549 1340 603 Syriae,
1389 550 1457 590 cui
1491 548 1665 590 confinis
1694 559 1753 590 est
1784 549 1949 601 Cilicia,
1992 551 2035 590 in
2068 563 2154 604 qua

196 639 404 696 oppidum
434 637 636 686 Veneris,
667 644 706 675 et
736 633 902 688 Cypros
932 630 1089 681 insula,
1121 628 1373 684 fluviusque
1403 629 1640 670 Paradisus.
1703 629 1874 670 Ciliciae
1899 629 2153 684 Pamphylia

195 722 400 772 sociatur,
440 718 561 771 cujus
596 715 746 756 ultima
775 711 982 762 Phaselis,
1027 709 1270 763 dehincque
1301 710 1519 764 Lycaonia
1560 711 1600 750 in
1639 709 1868 751 Asiaticam
1900 709 2154 762 jurisdictio-

196 815 296 840 nem
336 812 483 847 versa,
527 809 640 850 quae
671 794 723 834 ab
754 792 825 833 illa
858 800 998 846 parte,
1047 804 1132 844 qua
1166 790 1356 831 Galatiae
1389 791 1650 832 contermina
1683 801 1766 842 est,
1810 792 1938 832 habet
1969 792 2154 832 civitates

81 886 164 927 [335
196 879 536 937 quatuordecim.
592 876 762 918 Verum
788 871 1072 927 Pamphyliae
1105 871 1250 924 juncta
1281 872 1434 926 Lycia,
1467 886 1489 912 a
1522 886 1608 926 qua
1638 871 1782 926 incipit
1814 886 1937 912 mons
1967 873 2153 922 Taurus,

199 977 332 1018 paene
373 959 636 1001 mediatenus
675 956 787 997 orbis
835 953 1048 1003 conscius,
1103 967 1231 1008 quem
1281 964 1544 1009 peragraret,
1590 954 1666 994 nisi
1716 954 1852 995 maria
1895 954 2154 1004 restitissent,

198 1043 272 1098 qui
303 1040 532 1095 aliquando
564 1038 781 1079 flexuosus
813 1034 976 1085 evadit,
1008 1044 1047 1074 et
1072 1035 1113 1074 in
1138 1034 1433 1089 Riphaeorum
1461 1035 1672 1075 montium
1704 1034 1804 1088 juga
1825 1034 1905 1073 suh
1928 1032 2150 1072 nominum

196 1123 435 1165 diversitate
470 1119 745 1175 protenditur.
805 1117 919 1156 Nam
962 1115 1070 1155 inter
1101 1125 1238 1155 cetera
1278 1116 1452 1155 nomina
1490 1115 1604 1155 idem
1636 1114 1843 1168 Niphates
1871 1123 1952 1164 est,
1988 1113 2153 1153 Cauca-

196 1217 289 1253 sus,
328 1210 368 1241 et
397 1197 639 1253 Sarpedon,
682 1196 908 1236 Portarum
939 1194 1065 1235 ctiam
1097 1195 1268 1236 nomine
1300 1204 1515 1246 censetur,
1556 1203 1595 1235 et
1630 1194 1728 1235 alibi
1762 1193 2014 1245 Armeniae,
2054 1193 2152 1234 alibi

198 1373 314 1414 tensis,
337 1378 368 1403 et
389 1372 601 1404 Monacenses
619 1366 673 1412 (A.
697 1367 755 1410 C),
781 1373 877 1410 atque
903 1365 997 1397 etiam
1022 1364 1148 1396 Plinius

197 1438 249 1480 (ὅ,
277 1436 343 1475 24,
367 1435 447 1478 20),
475 1433 569 1474 vulgo
601 1431 755 1474 Capodes.

272 1496 436 1542 „Mar-sym]
463 1496 605 1528 Plinius:
629 1507 666 1526 »a
692 1493 871 1527 Samosatis
900 1498 1022 1532 autem,
1048 1491 1148 1523 latere

196 1560 325 1604 Syriae,
353 1560 498 1602 Marsyas
528 1557 628 1589 amnis
654 1556 782 1587 influit«
832 1554 917 1586 Vide
944 1554 1148 1587 Mannertum

196 1625 247 1667 (T.
265 1623 330 1663 VI,
353 1623 391 1653 P.
414 1623 451 1662 1,
478 1634 508 1664 p.
524 1621 620 1663 507).

271 1690 302 1715 et
324 1680 514 1726 Parthiam]
551 1680 693 1711 Plinius:
723 1678 891 1721 »Palmyra
925 1677 1002 1708 urbs
1030 1675 1147 1708 nobilis

196 1747 271 1785 situ,
293 1746 410 1777 divitiis
429 1745 490 1776 soli
517 1749 548 1775 et
565 1743 655 1786 aquis
674 1742 834 1782 amoenis,
862 1746 953 1771 vasto
974 1740 1148 1771 ambitu——

198 1808 320 1850 privata
348 1813 434 1838 sorte
458 1807 541 1837 inter
561 1805 623 1835 (luo
642 1803 772 1846 imperia
794 1815 851 1832 sm:
866 1817 883 1832 u
900 1815 914 1832 1·
929 1802 1148 1832 Romanorum

198 1872 451 1913 Parthorumque
464 1887 511 1892 —
527 1868 616 1899 abest
633 1879 649 1897 a
667 1865 815 1898 Seleucia
835 1866 1042 1903 Parthorum,
1066 1875 1147 1907 quae

196 1935 326 1962 vocatur
348 1932 387 1960 ad
417 1930 543 1971 Tigrin,
585 1927 854 1960 CCCXXXVII!
882 1926 958 1957 mill.
984 1937 1148 1969 passuum,

198 2005 216 2023 a
240 1991 383 2035 proximo
407 2003 481 2022 vero
505 1990 618 2032 Syriae
642 1989 748 2019 littore
773 1988 882 2019 CCIH
911 1987 1079 2018 millibus«

267 2050 467 2096 Paradisus]
499 2051 567 2081 Alii
597 2056 703 2081 tamen
732 2050 841 2080 nrbem
874 2050 958 2093 apud
988 2049 1148 2080 Libanum

196 2120 335 2146 montem
366 2125 437 2144 esse
468 2112 571 2153 ajunt,
603 2123 668 2141 non
697 2111 841 2151 fluvium,
870 2111 954 2142 inter
978 2123 1060 2154 quos
1081 2111 1148 2142 Pli-

197 2175 279 2206 nius.
295 2175 399 2207 GnoT.
415 2192 462 2196 —-
491 2173 541 2204 Ne
568 2173 687 2202 eredas.
724 2172 783 2203 Ille
814 2173 898 2204 enim
921 2174 974 2217 (5,
998 2174 1058 2213 27,
1085 2173 1149 2216 22)

198 2235 385 2267 Paradisum
410 2235 493 2266 intel·
517 2233 633 2264 fluvios
654 2233 759 2263 refert.

272 2295 486 2341 mediatenus]
504 2297 606 2327 Nimis
627 2301 719 2337 auget
733 2297 909 2327 Martianus
927 2309 1006 2340 quae
1026 2297 1149 2328 dixerat

197 2362 324 2395 Plinius
344 2363 391 2405 (ὅ,
416 2361 475 2399 27,
494 2360 571 2402 27):
596 2359 811 2402 »mediamque
831 2360 1010 2392 distrahens
1024 2360 1147 2400 Asiam,

197 2426 260 2458 nisi
282 2424 471 2469 opprimenti
492 2429 592 2455 terras
615 2428 817 2454 occurrerent
836 2424 960 2454 mariam
993 2425 1059 2455 Pro
1076 2436 1148 2455 enn-

198 2492 285 2521 «τοίας
303 2500 412 2531 parum
435 2487 561 2518 aberam
584 2486 661 2530 quin
678 2497 876 2526 revocarem,
905 2487 990 2529 quod
1016 2488 1048 2517 in
1068 2499 1148 2518 mar·-

201 2550 306 2592 ginem
322 2549 454 2581 Grotius
473 2547 600 2590 rejecit,
630 2548 841 2587 constitutus,
866 2547 926 2581 nisi
950 2547 982 2581 in
1009 2554 1145 2581 mentem

1202 1364 1324 1396 veniret
1340 1363 1532 1397 Martialium
1555 1374 1721 1406 perperam
1738 1361 1936 1393 intellexisse
1961 1360 2047 1404 quod
2071 1361 2154 1404 apud

1199 1426 1341 1458 Plinium
1360 1431 1409 1457 est
1434 1426 1687 1456 »innumerarum
1710 1424 1851 1465 gentium
1874 1424 2023 1454 arbam-‚u

1274 1489 1440 1519 nominum
1451 1484 1649 1531 diuersitate]
1665 1485 1749 1517 Vide
1768 1490 1799 1516 et
1814 1484 2005 1527 Dionysium
2021 1482 2153 1527 (perieg.

1199 1552 1300 1594 (347):

1258 1609 1329 1647 »Οὐ
1359 1610 1430 1656 μὲν
1459 1609 1687 1654 ἐπωνυμίαν
1718 1608 1812 1653 μίαν
1844 1609 2034 1652 ἔλλαχεν,
2069 1603 2152 1642 ἀλλ’

1597 1675 1640 1709 ἐν
1667 1670 1805 1718 ἑκάστῃ

1251 1733 1389 1781 Οὔνομ’
1411 1737 1496 1781 ἔχει
1520 1733 1794 1783 στροφάλιγγι·
1822 1732 1869 1768 τίς
1888 1729 1971 1767 a'liv
1997 1730 2151 1767 κείνοιῦι

1599 1796 1756 1839 μέλοιτο

1245 1861 1455 1907 Ἀνὸραόιν,
1488 1861 1530 1896 οἱ
1553 1858 1651 1894 κατὰ
1672 1859 1812 1905 χῶρον
1839 1853 2022 1903 ὁμούριον
2046 1853 2154 1892 οἶκον

1598 1922 1770 1956 samma«

1273 1982 1460 2028 Nipltalem]
1486 1983 1570 2015 Vide
1595 1982 1743 2014 Servium
1766 1981 1806 2013 ad
1826 1980 1908 2012 illud
1932 1979 2076 2021 Virgilii:

1257 2047 1403 2079 »Addam
1427 2047 1520 2078 urbes
1540 2047 1640 2078 Asiae
1660 2046 1795 2077 ‹lonnitas
1818 2045 2009 2088 pulsumque
2028 2041 2151 2084 Nipha-

1602 2113 1680 2139 tem«

1200 2176 1233 2203 et
1263 2170 1455 2203 Strabonem
1481 2170 1538 2202 lib.
1553 2170 1594 2201 11.
1613 2170 1716 2202 Gnor.
1734 2186 1782 2191 ——
1813 2166 1899 2200 Male
1927 2164 2061 2197 Grotius
2084 2165 2151 2206 Ny-

1197 2236 1326 2278 pliatem
1355 2239 1387 2265 et
1415 2234 1605 2276 lYiplmIem,
1647 2243 1727 2274 quum
1757 2229 1881 2261 correxi
1915 2240 1932 2259 e
1963 2228 2071 2259 Plinio
2098 2228 2151 2271 (ό,

1199 2299 1258 2337 27,
1281 2297 1343 2338 27)
1370 2302 1401 2327 et
1419 2296 1556 2337 Virgilio
1575 2295 1745 2338 (georg.5,
1769 2293 1840 2335 50).
1867 2293 2080 2324 Monacenses
2098 2289 2151 2333 (A.

1199 2361 1240 2403 C)
1262 2359 1401 2402 IVisitles.

1272 2417 1467 2462 Portarum]
1502 2416 1621 2449 Omisit
1649 2416 1801 2453 Cilicius,
1835 2427 1917 2459 quae
1942 2415 2072 2459 proprio
2095 2426 2150 2446 no-

1198 2481 1282 2513 mine
1315 2481 1414 2511 Tauri
1436 2480 1528 2521 pylae
1554 2483 1707 2509 vocantur
1727 2490 1745 2508 a
1765 2477 1923 2509 Cicerone
1949 2477 2004 2521 (ad
2023 2476 2094 2512 Au.
2117 2477 2149 2518 5,

1198 2546 1270 2590 20).
1297 2546 1418 2578 Confer
1439 2542 1614 2577 cellarium
1637 2543 1687 2586 (T.
1705 2541 1754 2582 Π,
1780 2553 1811 2585 p.
1826 2541 1922 2584 262).
