2310 2860
721 135 920 177 Martiani
951 133 1150 190 Capellae
1177 133 1249 174 lib.
1279 132 1375 174 VII.
1413 134 1444 184 §.
1470 131 1568 173 725.

2036 131 2124 173 579

479 242 702 298 Approbat
732 242 1009 298 armipotens,
1049 251 1095 282 tu
1125 240 1252 296 optati
1283 240 1420 280 lentus
1451 239 1607 280 amoris

479 323 647 364 Gaudia
677 323 801 378 longa
832 322 983 373 trahis,
1023 330 1285 377 captumque
1315 319 1450 361 eludis
1480 319 1720 361 honorem?

482 403 598 444 Seria
631 412 891 443 marcentem
922 402 1136 457 stupidant
1169 411 1408 443 commenta
1442 402 1658 443 maritum.

483 483 608 524 Talia
642 483 891 538 complacita
921 490 1078 538 spectat
1108 481 1272 522 fastidia
1306 481 1447 536 virgo,

479 563 569 604 Nec
600 572 639 603 te
671 576 772 603 cura
804 561 904 611 tori,
950 576 1027 602 nec
1060 570 1100 601 te
1130 575 1238 616 puer
1270 560 1401 600 ambit
1431 559 1596 610 herilis,

474 644 564 686 Nec
590 658 686 684 mea
716 642 842 683 mella
873 643 1006 696 rapis3
1037 655 1252 696 quaenam
1277 640 1382 681 haec
1409 638 1641 695 hymene'la
1664 638 1734 680 lex
1765 639 1852 681 est‘?

479 723 529 765 In
559 724 738 766 Veneris
772 737 869 778 agro
900 722 1036 763 Pallas
1070 724 1148 763 sibi
1183 722 1367 764 vindicat
1396 735 1547 771 usum3

480 804 626 854 Quam
658 803 810 844 melius
841 802 1030 843 thalamo
1059 802 1193 844 dulcis
1229 802 1458 856 petulantia
1492 801 1647 843 fervet!

479 883 605 925 Casta
636 883 875 924 maritalem
905 883 1100 937 reprimit
1129 883 1321 924 Tritonia
1353 892 1564 933 mentem,

478 964 533 1005 Et
561 974 719 1019 nuptae
749 978 834 1004 non
867 977 1005 1018 aequa
1036 963 1170 1014 venit3
1210 961 1421 1017 poscenda
1451 962 1590 1002 Dione
1624 971 1704 1014 est,

477 1042 832 1099 Conveniensque
863 1044 937 1084 tibi
968 1044 1106 1099 potius
1142 1044 1356 1084 celebrare
1395 1043 1614 1099 Priapum.

166 1121 241 1164 His
271 1121 529 1164 Atlantiades
563 1123 734 1175 auditis,
773 1124 868 1165 licet
897 1125 1034 1165 risum
1062 1123 1256 1164 inhibere
1285 1125 1358 1165 vix
1388 1133 1546 1180 posset,
1585 1140 1639 1165 ne
1673 1125 1877 1167 infacetus
1908 1134 2050 1168 tamen
2085 1134 2125 1166 et
2153 1127 2241 1170 726

165 1206 306 1261 impar
335 1203 532 1261 lepidulis
563 1203 816 1256 haberetur,
862 1205 999 1246 hilaro
1031 1206 1326 1246 susurramine
1356 1205 1415 1246 sic
1447 1205 1679 1262 respondit:

762 1285 883 1326 Licet
915 1299 1066 1340 urgeas
1075 1317 1087 1336 ,
1126 1286 1336 1342 Voluptas
1346 1319 1358 1338 ,

762 1365 997 1406 Thalamos
1027 1367 1134 1408 inire
1163 1367 1366 1417 suadens,

766 1445 934 1486 Tamen
967 1456 1131 1487 exseret
1160 1446 1313 1503 peritas

243 1549 451 1596 armipotens]
479 1549 535 1585 Sic
552 1550 687 1585 Grotius
713 1551 800 1583 addit
821 1552 1050 1596 confirmatque
1071 1563 1123 1585 eo·

170 1613 234 1645 dex
257 1613 523 1646 Darmstattensis
548 1627 619 1647 eum
647 1621 782 1659 utroque
802 1615 1006 1655 Monacensi3
1041 1615 1124 1647 male

170 1674 343 1707 anteriores
365 1678 582 1719 onzvzipotens,
608 1677 694 1721 quod
718 1676 831 1707 mirum
850 1682 899 1708 est
918 1676 1023 1719 ipsum
1040 1676 1124 1708 Gro-

169 1736 248 1769 tium
271 1737 443 1780 probasse,
477 1738 569 1781 quasi
592 1738 631 1769 de
653 1738 738 1770 Jove
761 1749 864 1769 sermo
884 1739 984 1769 esset!
1004 1738 1122 1770 Miner-

169 1809 241 1830 vam
264 1798 348 1829 euim
368 1798 505 1840 intelligi
526 1799 603 1830 satis
628 1805 731 1843 patet,
759 1811 854 1843 quam
881 1801 1124 1842 αηηίροίεηίειη

170 1858 233 1891 dici
255 1869 351 1902 supra
378 1859 431 1903 (ad
455 1859 486 1903 ἓ.
502 1860 588 1902 567)
611 1860 737 1891 abunde
759 1860 927 1904 probatum
949 1865 1008 1892 est.

246 1918 366 1964 optati]
401 1919 516 1952 Codex
549 1921 815 1953 Darmstattensis
853 1927 979 1965 optata,
1014 1927 1124 1954 eontra

170 1985 314 2013 metrum.

246 2039 367 2086 eludis]
402 2040 536 2073 Grotius
560 2042 595 2073 in
621 2042 777 2085 margine:
805 2043 861 2075 »al.
881 2049 1009 2088 captum
1031 2056 1124 2092 quem

171 2105 278 2137 laudis
295 2105 486 2145 honorem«,
514 2105 583 2138 sine
605 2117 718 2148 sensu,
743 2119 925 2152 quanquam
943 2114 975 2140 et
989 2108 1124 2140 Reiche-

171 2167 322 2200 nauensis
353 2169 456 2201 codex
481 2174 514 2201 et
539 2169 744 2203 Monacensis
774 2176 911 2216 uterque
939 2172 1044 2205 laudis
1070 2184 1124 2205 ex-

173 2229 312 2261 hibeant.

244 2291 424 2337 stupidant]
451 2293 536 2327 vide
553 2295 750 2339 superiorem
766 2295 873 2329 locum
891 2296 934 2341 (ἓ
946 2298 1018 2329 572
1035 2298 1126 2341 not).

244 2353 397 2400 fastidia]
416 2356 529 2399 Margo
548 2358 705 2391 Gratiana
722 2365 754 2391 et
769 2360 871 2393 codex
886 2360 1128 2393 lsteichenauen-

174 2417 219 2450 sis
242 2417 393 2461 fastiqia,
417 2417 534 2463 inepte.

246 2479 371 2527 herilis]
397 2480 515 2523 Amor,
541 2483 625 2516 filius
651 2485 808 2527 Veneris,
840 2499 923 2532 quae
943 2486 1129 2531 Voluptatis

176 2542 253 2574 hera
274 2547 336 2574 est.

1246 1551 1363 1598 feruet]
1386 1551 1499 1585 Codex
1513 1552 1717 1585 Monacensis
1733 1552 1788 1597 (C)
1804 1553 1922 1592 servit3
1947 1562 2013 1584 non
2032 1562 2123 1595 opus.

1247 1614 1417 1660 Priapum]
1437 1616 1555 1659 Priapo
1577 1616 1609 1648 in
1634 1617 1753 1660 nuptiis
1777 1616 1986 1649 sacrificatum
2006 1614 2124 1646 Festus

1175 1677 1286 1717 docet,
1322 1678 1418 1721 idque
1452 1678 1534 1719 togis
1561 1679 1784 1721 praetextatis3
1815 1690 1910 1722 quem
1941 1676 2124 1715 illustrabo,

1174 1739 1349 1783 eademque
1385 1751 1481 1783 opera
1517 1739 1709 1771 Martianum
1739 1735 1899 1780 nostrum,
1937 1737 2127 1782 quibusdam

1175 1803 1431 1835 Christianorum
1455 1802 1644 1846 scriptorum
1664 1803 1756 1835 locis.
1784 1802 1951 1834 Arnobius
1975 1801 2045 1833 Lib.
2061 1799 2125 1832 IV:

1181 1864 1370 1904 ffllutunus,
1407 1864 1498 1906 cnjus
1530 1864 1720 1896 immanibus
1757 1864 1917 1908 pudendis
1952 1861 2124 1895 horrendo-

1175 1940 1237 1973 que
1263 1927 1384 1959 fascino
1411 1933 1532 1959 vestras
1563 1927 1741 1972 inequitare
1773 1933 1933 1959 matronas
1962 1933 1993 1958 et
2021 1924 2124 1968 auspi-

1174 1991 1275 2025 cabiie
1298 1990 1429 2023 ducitis«
1456 1996 1516 2024 cet.
1548 1991 1751 2023 Lactantius:
1772 1991 1952 2030 »Mutinus‚
1976 1989 2011 2021 in
2034 1988 2124 2030 cujus

1175 2056 1247 2088 sinu
1273 2054 1422 2098 pudendo
1448 2055 1607 2087 nubentes
1632 2055 1832 2099 praesident,
1863 2059 1899 2086 nt
1924 2053 2049 2085 illarum
2069 2062 2126 2096 pll-

1176 2117 1313 2149 dicitiam
1329 2117 1417 2161 prior
1430 2116 1509 2149 deus
1525 2117 1683 2149 delibasse
1698 2116 1885 2149 videndun«
1907 2114 2126 2158 Augustinus:

1184 2180 1269 2214 »Sed
1287 2180 1363 2224 quid
1387 2181 1465 2222 hoc,
1490 2193 1588 2225 quum
1609 2180 1654 2212 ibi
1673 2181 1715 2212 sit
1734 2185 1766 2213 et
1780 2180 1917 2224 Priapus
1934 2178 2027 2210 nimis
2044 2187 2124 2208 mas-

1176 2243 1283 2282 culus,
1321 2253 1417 2286 super
1443 2243 1534 2285 cujus
1559 2242 1821 2274 immanissimum
1852 2246 1885 2272 et
1909 2237 2126 2282 turpissimum

1175 2304 1332 2337 fascinum
1355 2303 1466 2335 sedere
1486 2316 1568 2335 nova
1588 2309 1688 2347 nupta
1707 2303 1838 2345 jubetur
1859 2312 1947 2333 more
1971 2298 2127 2332 honestis-

1178 2368 1258 2400 simo
1279 2368 1531 2398 matronarum&
1560 2367 1663 2399 Gno’r.

1253 2426 1419 2473 lepidulis]
1464 2427 1622 2472 Lepidula
1654 2423 1702 2461 τὰ
1736 2422 1886 2469 ἆότεῖα,
1919 2421 2125 2467 ἆότεϊόμοὶ.

1182 2489 1286 2524 Gno‘r.

1253 2549 1391 2597 peritas]
1417 2551 1530 2594 Margo
1553 2549 1708 2582 Grotiana
1729 2554 1872 2591 paratas.
1898 2548 2062 2581 Ambitum
2082 2547 2128 2579 in-

1643 2610 1689 2643 75
1714 2607 1737 2633 >k
