2310 2860
608 211 808 252 Martiani
848 211 1048 267 Capellae
1086 211 1158 253 lib.
1176 210 1232 253 ΙΙ.
1269 212 1303 264 ᾗ.
1326 211 1425 253 152.
1908 216 1990 258 185

32 326 252 363 venustate
281 318 549 371 luculentae,
579 319 697 360 sertis
728 318 928 374 religatae
958 318 1145 360 invicem
1175 332 1329 361 manus
1360 333 1647 376 rosarumque
1674 320 1846 377 spiculis
1874 321 1989 364 redi·

28 402 177 452 mitae,
221 398 275 442 ad
312 400 522 456 virginem
553 414 805 442 convenere.
854 400 1057 450 Quarum
1088 414 1176 442 una
1205 399 1449 443 deosculata
1489 400 1748 459 philologiae
1777 403 1988 456 frontem,

26 480 111 523 illic
147 481 223 522 ubi
266 481 427 537 pubem
468 481 666 522 ciliorum
703 480 967 522 discriminat
1002 479 1185 536 glabella
1221 481 1448 535 medietas,
1500 483 1584 526 alia
1621 499 1666 526 os
1705 486 1818 540 ejus,
1866 487 1989 529 tertia
2032 472 2035 475 ἢ

28 572 176 620 pectus
207 562 510 621 apprehendit3
549 562 742 606 videlieet
771 563 935 619 prima,
983 569 1032 602 ut

623 667 671 676 -
702 645 832 686 laetos
858 643 992 686 oeulis
1022 643 1184 685 afflaret
1212 642 1419 698 honores;

28 723 215 768 secunda
238 727 417 782 gratiam
448 725 615 783 linguae
643 726 898 783 inspirabat5
930 727 1073 769 animo
1104 725 1225 766 tertia
1252 726 1509 768 comitatem.
1548 726 1720 784 Quippe
1749 730 1846 771 illae
1873 730 1988 773 Cha-

29 807 125 847 rites
155 805 426 859 dicebantur,
458 816 498 848 et
528 806 742 863 quidquid
774 807 1146 864 apprehenderant
1176 806 1470 849 venustabant.
1533 807 1658 858 Quae
1691 809 1868 864 quidem
1898 811 1988 852 vin-

28 887 168 941 ginem
192 897 419 945 postquam
442 887 604 929 lumine
629 888 865 945 replevere,
891 888 1025 930 Musis
1045 887 1259 930 admixtae
1283 888 1410 930 etiam
1429 889 1763 944 gesticulationes
1786 906 1989 934 consonas

103 1019 232 1068 manus]
261 1022 385 1055 Graeca
403 1024 481 1056 haec
499 1024 696 1057 constructio
715 1030 781 1056 est:
807 1024 920 1057 »sertis
937 1034 987 1056 re-

27 1085 143 1128 ligatae
165 1099 314 1127 manus«,
343 1099 401 1131 pro
436 1088 599 1120 »manibus
625 1088 793 1131 religatis.«
833 1088 987 1122 Ceterum

28 1149 157 1183 Gratias
184 1150 268 1182 inter
296 1162 330 1182 se
358 1151 506 1195 amplecti
535 1164 601 1184 nou
630 1158 745 1196 poetae
779 1158 903 1184 tantum
929 1152 986 1183 do-

27 1219 117 1255 cent,
136 1213 195 1247 scd
218 1214 253 1246 in
279 1215 411 1256 gemmis
430 1216 525 1247 ctiam
554 1227 680 1261 semper
700 1214 887 1262 συζυγίαι,
906 1212 986 1251 Χά-

29 1286 149 1321 ριτες,
176 1281 213 1308 ut
234 1288 306 1308 eum
328 1276 483 1321 Euripide
508 1277 554 1322 (in
581 1277 683 1323 Hipp.
706 1278 816 1321 1147)
837 1277 985 1319 scribam,

28 1343 229 1381 comparentz
251 1339 343 1379 cujus
370 1339 417 1370 rei
442 1352 554 1371 causas
576 1340 679 1371 varias
706 1341 842 1372 afferunt
859 1346 984 1372 veteres

28 1397 158 1441 (Senec.
181 1399 221 1430 dc
246 1399 351 1432 benef.
379 1402 410 1440 1,
440 1402 473 1432 5.
497 1413 526 1444 p.
550 1401 623 1433 265
646 1401 760 1444 Lips.).

102 1473 313 1510 rosarumque
350 1462 498 1508 spiculis]
531 1463 571 1495 Iu
602 1463 695 1496 editis
733 1469 801 1495 erat
837 1464 984 1507 speculis.

29 1523 245 1556 —Florihus
263 1526 367 1557 Vt‘xrc.
389 1544 436 1551 --
462 1525 560 1556 Forte
580 1537 791 1572 rosarumque
812 1526 985 1569 stephanis.

30 1584 238 1633 Στέφανος
257 1586 391 1618 Graccis
410 1598 546 1626 corona,
572 1593 704 1619 sertum.
728 1585 786 1619 An
811 1587 851 1618 ad
874 1599 985 1631 specu-

29 1650 69 1682 lis
101 1650 152 1684 hic
181 1650 355 1694 quidquam
393 1650 504 1682 feccrit
538 1645 735 1694 ὄπεκλόω,
772 1650 860 1694 quod
895 1656 986 1682 notat

28 1712 153 1756 implico
158 1734 172 1752 ,
198 1711 314 1743 viderit
348 1711 438 1743 alius.
470 1710 610 1756 Saepius
633 1717 719 1744 certe
747 1712 872 1745 Graeca
892 1724 985 1744 voca·

28 1773 104 1806 lmla
126 1773 314 1807 Latinorum
338 1774 377 1805 ad
403 1785 496 1805 usum
520 1774 657 1806 formare
687 1779 720 1805 et
750 1773 886 1806 orationi
910 1785 987 1806 suae

26 1838 168 1871 inserere
189 1843 301 1871 noster
325 1838 458 1870 adamat.
484 1837 541 1870 Sic
569 1850 665 1882 supra
689 1844 834 1871 cruenta.
858 1838 986 1870 Voxcn.

28 1900 171 1945 (specim.
194 1901 262 1932 crit.
288 1913 320 1945 p.
342 1899 413 1944 81).
430 1918 479 1924 —-
509 1899 578 1932 Sed
599 1905 736 1945 utroque
760 1900 795 1932 in
822 1900 895 1933 loco
924 1900 987 1932 iste

28 1962 130 1994 falsus
162 1967 212 1994 est
233 1962 390 2006 interpres
417 1961 513 2006 (conf.
540 1960 568 2005 §.
593 1959 688 2005 120).
726 1961 842 2006 Neque
867 1961 987 1994 Vulca-

0 2013 2 2015 Ι
28 2025 101 2059 nius
121 2025 284 2057 satisfacit.
306 2025 478 2069 Equidem,
498 2036 596 2069 quum
616 2025 728 2057 literae
747 2025 766 2057 1
791 2031 824 2057 et
838 2025 868 2057 E
891 2037 987 2070 saepe

28 2099 103 2120 vera
121 2087 267 2129 neglecta
293 2086 555 2131 pronuntiatione
580 2087 834 2129 confundantur,
857 2087 988 2132 reposui

29 2152 169 2195 spiculis.
207 2150 263 2183 Sic
298 2150 383 2183 enim
413 2151 447 2182 in
477 2150 579 2196 primo
616 2151 843 2195 epigrammate
872 2163 891 2183 a
914 2150 987 2184 Sal-

30 2213 128 2245 masio
158 2213 198 2245 ad
231 2212 395 2244 Historiae
431 2211 599 2255 Augustae
636 2213 808 2259 scriptores
845 2213 987 2246 exhibito

32 2277 165 2319 legitur:

89 2340 279 2373 -Venerunt
299 2341 475 2389 aliquando
497 2351 606 2372 rosae:
630 2341 712 2383 proh
736 2342 821 2373 veris
838 2343 966 2375 amoem'

80 2404 270 2448 Inqem‘um!
294 2417 362 2436 una
385 2406 452 2436 dies
471 2405 609 2436 ostendit
631 2404 753 2449 spicula
772 2405 919 2450 florum·

33 2468 74 2512 (v.
102 2466 249 2499 Baudisii
274 2479 370 2499 amor.
397 2480 427 2511 p.
445 2468 530 2500 446.
553 2468 602 2501 ed.
627 2468 750 2513 1658).

109 2529 312 2575 deosculata]
346 2531 420 2564 Mos
447 2530 558 2562 oeulos
582 2531 791 2566 deosculandi
820 2532 914 2567 facile
938 2532 986 2566 in·

35 2592 189 2633 notescit,
218 2591 270 2624 vel
293 2603 334 2623 cx
358 2591 453 2624 unico
479 2591 600 2624 Catulli
625 2593 714 2625 loeo:

94 2656 299 2690 zJucundum
327 2667 361 2688 os
384 2656 552 2704 oculosque
578 2657 751 2689 basiabor..

1038 1023 1173 1067 Capella
1193 1035 1268 1057 vero
1288 1023 1395 1057 locum
1416 1023 1554 1068 aliquem
1571 1023 1766 1066 singularem
1778 1024 1862 1057 circa
1877 1024 1990 1057 oculos

1038 1087 1200 1129 designat,
1238 1087 1294 1119 ubi
1324 1099 1438 1132 nempe
1468 1088 1618 1131 pellicula
1648 1088 1687 1120 ah
1720 1088 1789 1132 ipsa
1821 1089 1926 1121 fronte
1956 1088 1989 1120 in

1037 1149 1204 1181 oculorum
1237 1149 1408 1181 interstitio
1438 1161 1535 1194 supra
1564 1149 1635 1182 nasi
1662 1161 1840 1194 supremam
1867 1155 1990 1195 partem

1035 1211 1206 1257 impendet.
1229 1210 1333 1243 Gnor.

1111 1270 1270 1319 ciliorum]
1298 1273 1337 1305 In
1360 1272 1455 1304 editis
1479 1273 1626 1305 omuibus
1650 1273 1693 1305 ita
1711 1273 1844 1315 legitur:
1862 1279 1895 1304 ct
1915 1272 1991 1305 lieet

1034 1336 1068 1369 in
1090 1337 1200 1370 codice
1222 1337 1262 1369 ad
1284 1337 1457 1379 marginem
1475 1337 1548 1369 libri
1563 1338 1842 1380 Norimhergensis
1861 1338 1991 1369 laudato

1035 1405 1161 1432 exstare
1190 1401 1314 1432 dicatur
1336 1402 1600 1445 superciliorum,
1625 1402 1752 1434 videtur
1778 1408 1882 1433 tamen
1912 1403 1992 1433 hace

1033 1464 1188 1496 correctio
1214 1475 1286 1495 esse
1307 1464 1423 1496 insulsi
1448 1465 1609 1505 hominis,
1636 1466 1688 1497 cui
1716 1466 1771 1497 issa
1796 1477 1859 1498 vox
1882 1466 1992 1508 ignota

1035 1530 1131 1556 esset.
1159 1525 1257 1557 Certe
1274 1524 1420 1557 Isidorus
1441 1525 1547 1568 (etym.
1567 1527 1624 1566 11,
1649 1527 1681 1566 1,
1699 1526 1757 1558 42.
1779 1508 1991 1570 Ρ.7“Αι“ον.);

1042 1588 1135 1619 »cilia
1157 1592 1232 1618 sunt
1258 1586 1414 1628 tegmina,
1444 1587 1560 1630 quibus
1589 1587 1817 1631 cooperiuntur
1837 1588 1934 1629 oculi>
1958 1593 1992 1621 et

1036 1650 1121 1682 (licta
1147 1650 1238 1690 cilia,
1261 1650 1350 1692 quod
1371 1648 1476 1681 celent
1506 1649 1618 1681 oeulos
1635 1652 1867 1694 ——supereiliu
1895 1652 1991 1692 dicta,

1035 1711 1110 1757 quia
1134 1710 1337 1754 superposita
1366 1716 1441 1741 sunt
1464 1710 1579 1745 ciliis,u

1109 1773 1259 1820 ylabella]
1286 1773 1361 1807 Non
1379 1775 1533 1818 ylcaebellae
1542 1798 1555 1814 ,
1582 1780 1618 1806 ut
1640 1786 1657 1806 e
1681 1773 1753 1807 MS.
1771 1773 1907 1807 Grotius
1924 1775 1992 1818 jam

1036 1842 1217 1877 notaverat,
1245 1841 1278 1868 et
1299 1835 1488 1868 confirmant
1511 1836 1776 1868 Darmstattensis
1800 1837 1903 1869 codex
1919 1838 1991 1870 viri·

1037 1910 1101 1943 que
1125 1898 1212 1930 docti
1234 1898 1273 1929 ad
1300 1896 1497 1942 Appulejum
1521 1898 1568 1941 (1.
1597 1910 1628 1943 p.
1647 1899 1715 1931 151
1744 1899 1853 1944 Oud.).

1112 1957 1225 2005 laetos]
1251 1960 1280 1992 E
1297 1959 1435 2003 Virgilio
1454 1959 1553 2005 (Aen.
1569 1961 1602 2001 1,
1622 1961 1717 2005 591).
1742 1960 1839 1994 Adde
1853 1961 1992 1995 Homeri

1038 2024 1116 2069 (Od.
1138 2026 1180 2066 6,
1217 2024 1294 2069 18):

1088 2107 1137 2112 ——
1153 2107 1202 2112 —
1217 2086 1406 2135 Χαρίτων
1426 2085 1506 2123 ἄπο
1527 2084 1672 2129 κάλλος
1695 2089 1874 2135 ἔχουσαι.

1113 2150 1258 2198 linquae]
1282 2152 1399 2184 Delevi
1422 2154 1511 2197 ejus,
1540 2153 1627 2197 quod
1647 2166 1813 2197 perperam
1838 2155 1873 2187 in
1896 2154 1991 2188 editis

1037 2213 1196 2245 intrusum
1216 2213 1335 2255 legitur
1362 2219 1395 2245 et
1420 2214 1548 2246 exsulat
1567 2226 1586 2246 a
1608 2215 1772 2248 codicibus
1787 2217 1989 2251 Monacensi-

1037 2275 1098 2309 bus
1119 2276 1171 2320 (B.
1191 2276 1233 2307 D.
1252 2275 1313 2320 E),
1341 2276 1591 2308 Darmstattcnsi
1613 2282 1645 2308 et
1668 2278 1856 2311 Dresdensi.

1111 2337 1246 2384 lmnine]
1272 2338 1361 2381 Lege
1387 2341 1527 2371 numine.
1544 2340 1670 2372 vom.
1697 2341 1758 2386 (sp.
1781 2342 1849 2375 erit.
1871 2354 1904 2387 p.
1927 2342 1988 2387 82)

1037 2421 1086 2427 —
1111 2401 1158 2434 At
1182 2414 1257 2434 vcro
1282 2402 1379 2435 uolo!
1406 2415 1543 2447 namque
1567 2403 1601 2435 in
1624 2405 1714 2437 nullo
1731 2405 1849 2448 legitur
1870 2406 1987 2439 codice.

1036 2464 1188 2497 Profecto
1214 2475 1280 2496 non
1308 2464 1492 2498 Gratiarum
1517 2471 1585 2497 erat
1607 2469 1738 2499 numine
1769 2468 1899 2511 implere
1927 2467 1985 2498 vir-

1039 2528 1144 2571 ginem
1177 2526 1212 2559 in
1241 2526 1367 2560 coelum
1399 2539 1619 2570 ascensuram,
1657 2529 1714 2560 sed
1745 2528 1987 2571 Apotlieoseos‚

1040 2601 1122 2635 quae
1139 2576 1141 2578 .
1158 2588 1313 2633 sequitur.
1357 2589 1483 2634 Quidni
1520 2589 1667 2630 Gratiae,
1703 2601 1781 2632 quas
1811 2590 1988 2623 luculentas

1040 2657 1152 2686 noster
1172 2650 1268 2684 modo
1289 2650 1435 2693 dixerat,
1458 2651 1566 2682 lumen
1587 2650 1617 2681 ci
1636 2650 1794 2693 impertire
1816 2641 1987 2695 poterant?

1540 2710 1588 2742 24
