2310 2860
694 111 894 153 Martiani
926 109 1127 166 Capellae
1159 109 1230 151 lib.
1258 110 1374 156 VIII.
1406 113 1436 162 §.
1460 112 1557 153 857.
2011 114 2100 155 669

143 219 315 260 castiore
346 218 652 273 diffusioreque
685 227 901 259 curvetur.
960 218 1075 258 Nam
1106 217 1252 267 Luna,
1295 233 1406 273 quae
1437 219 1719 274 propinquior
1749 220 1869 260 terris
1901 229 1980 270 est,
2020 235 2095 275 per

141 315 247 355 quos
278 300 439 341 feratur
472 300 709 350 anfractus,
747 299 921 340 interius
954 298 1225 349 memorab03
1266 307 1356 352 post
1385 299 1509 351 cujus
1539 300 1688 340 orbem
1721 301 1790 341 alii
1820 301 2094 342 Mercurium

137 381 465 435 Veneremque,
512 381 579 421 alii
618 381 748 436 ipsius
789 380 998 420 circulum
1030 379 1134 420 Solis
1172 394 1261 419 esse
1293 390 1555 431 concortant3
1596 381 1747 422 deinde
1777 382 1946 433 Martis,
1979 383 2095 424 Jovis

138 477 185 503 ac
217 464 407 513 Saturni,
453 477 561 516 quos
596 476 743 502 omnes
787 470 835 500 ut
872 460 958 500 suis
999 458 1351 514 amplitudinibus
1392 461 1644 512 metiamur,
1686 462 1800 515 quod
1847 478 1932 502 non
1972 463 2094 504 facile

137 544 329 599 astrologi
375 544 570 593 voluere,
624 542 676 582 ab
719 556 804 582 uno
845 541 1101 595 geometriae
1142 556 1336 582 concesso
1370 543 1538 582 assertio
1570 552 1629 583 est
1667 544 1928 597 i11choanda3
1975 546 2093 600 quod

135 632 173 663 ct
201 624 290 679 ipsa
321 624 504 678 suggerit
537 623 578 663 in
610 622 837 678 praesenti,
877 631 915 660 et
947 622 999 661 ab
1029 620 1306 661 Eratosthene
1348 620 1693 676 Archimedeque
1728 638 2004 677 persuasum,
2049 627 2091 667 in

134 704 312 745 circuitu
353 713 489 744 terrae
535 718 622 743 esse
667 701 975 756 quadringenta
1014 716 1087 741 sex
1127 702 1260 743 millia
1299 702 1533 744 stadiorum
1576 714 1614 744 ct
1644 705 1789 746 decem
1831 706 1983 758 stadia,
2035 708 2090 748 ita

131 794 178 825 ut
222 785 274 825 ab
320 785 401 825 hoc
447 782 688 824 indubitatis
729 781 960 822 rationibus
1000 782 1284 836 approbetur,
1337 783 1488 823 Lunae
1527 783 1735 824 circulum
1788 785 1940 824 centies
1979 795 2088 826 terra

131 878 218 904 csse
269 865 498 917 majorem,
560 864 634 917 qui
685 863 795 903 idem
851 861 1034 903 circulus
1081 862 1171 917 ipsa
1221 864 1347 903 Luna
1400 864 1631 904 sexcenties
1676 864 1812 918 potior
1857 866 2083 906 invenitur.

130 943 254 992 Quae
284 944 369 984 duo
409 959 460 984 ex
492 942 724 983 defectibus
756 941 861 982 Solis
894 942 1093 992 assiduis,
1138 954 1349 1000 quantum
1381 945 1564 986 umbrae
1596 947 1722 987 Luna
1764 947 1950 1000 subjecta
1987 947 2084 987 red-

126 1022 302 1072 diderit,
343 1032 381 1063 et
412 1023 540 1074 ipsius
572 1022 754 1062 umbrae
787 1021 1007 1061 collatione
1042 1036 1140 1063 cum
1174 1024 1264 1078 ipso
1296 1025 1445 1065 Lunae
1481 1039 1659 1079 corpore
1692 1040 1793 1066 vera
1825 1025 2087 1067 dimensione

124 1112 436 1154 monstrantur3
488 1116 600 1155 quae
640 1102 719 1141 nisi
761 1115 933 1141 morosa
974 1101 1073 1151 sint,

121 1183 277 1224 strabo.

123 1279 176 1304 ex
219 1265 336 1304 omni
382 1274 500 1319 parte
547 1273 683 1304 totum
728 1263 1007 1304 obumbravit
1045 1263 1214 1315 orbein3

993 1343 1210 1397 apparuit,
1268 1343 1311 1382 in
1360 1343 1527 1383 climate
1578 1358 1680 1384 vero
1729 1345 2084 1400 Diaborysthenis

123 1343 348 1384 Diarhodu
360 1375 372 1394 ,

430 1343 567 1399 portio
626 1343 931 1384 obscurationis

195 1475 352 1522 castiore]
390 1476 499 1509 Primo
527 1477 681 1520 adspectu
716 1476 881 1520 apparebit
905 1476 1077 1518 legendum

118 1551 190 1572 csse
226 1543 362 1572 vastiore
371 1554 384 1579 ‚-
429 1540 505 1584 quid
542 1540 625 1571 enim
656 1539 795 1571 castitati
829 1552 901 1571 eum
925 1540 1077 1572 Venere?

117 1603 176 1635 scd
197 1603 306 1634 invitis
332 1603 496 1635 codicibus
522 1604 601 1634 nibil
627 1609 725 1634 muto.

189 1665 248 1696 alii
263 1663 483 1708 „Herem-ium]
512 1665 649 1695 Uberius
681 1666 740 1695 hac
773 1664 812 1695 de
846 1676 881 1695 re
913 1664 1075 1708 disputavi

117 1726 151 1757 in
175 1726 428 1769 Palaeograplnia
461 1724 509 1769 (ἓ.
534 1726 624 1765 284,
655 1738 684 1769 p.
703 1725 807 1768 558).
847 1725 969 1757 Confer
996 1725 1072 1757 Plu-

115 1790 258 1820 tarchum
282 1789 336 1832 (de
359 1789 467 1832 placit.
489 1789 606 1832 philos.
623 1789 663 1829 2,
696 1790 758 1828 153
785 1801 816 1832 p.
835 1788 923 1831 889)
950 1794 982 1820 et
1003 1789 1070 1821 Ma-

114 1852 256 1884 crobium
277 1852 324 1895 (in
349 1863 450 1883 somn.
477 1851 565 1895 Seip.
584 1853 621 1889 1,
651 1853 696 1894 19
720 1857 753 1882 ct
777 1851 850 1894 21).

188 1914 228 1945 ab
248 1911 476 1957 Eratosthene]
504 1913 618 1945 Codex
640 1912 1070 1944 Ettenheimmunsteriensis

112 1976 298 2014 Aristotele,
321 1975 407 2017 quod
429 1980 533 2005 tamen
554 1974 645 2005 facile
667 1973 832 2017 apparebit
852 1974 967 2005 falsum
985 1986 1068 2015 csse,

112 2048 211 2081 quum
242 2036 313 2080 ipse
338 2035 515 2068 Martianus
543 2035 682 2067 lectores
709 2046 785 2066 suos
815 2035 855 2066 ad
887 2034 961 2066 libri
986 2036 1069 2068 sexti

110 2099 216 2132 locum
243 2100 404 2131 remittere
433 2099 578 2131 videatur
604 2098 647 2143 (ξ.
668 2098 770 2142 596),
798 2098 854 2130 ubi
882 2103 984 2130 terrae
1008 2100 1067 2132 eir-

112 2162 231 2195 auitum
253 2175 294 2195 ex
318 2163 476 2195 sententia
494 2162 718 2194 Eratosthenis
738 2162 919 2194 declaravit.
954 2164 1065 2206 Quan-

110 2236 205 2269 quam
221 2224 355 2266 insignis
378 2229 428 2256 est
444 2236 650 2256 numerorum
666 2223 750 2255 inter
768 2229 938 2267 utrumque
957 2224 1065 2257 locum

110 2286 296 2326 diversitas,
330 2292 367 2317 ut
389 2288 463 2328 jure
492 2288 625 2319 miretur
648 2287 878 2330 Bernhardyus
911 2287 958 2331 (in
983 2288 1063 2320 Era-

108 2349 296 2382 tostheuieis
315 2361 346 2393 p.
361 2349 437 2392 62),
459 2351 544 2382 uude
565 2363 654 2383 suam
678 2351 867 2395 sapientiam
885 2351 1062 2384 Martianus

108 2413 267 2453 elicuerit,
303 2424 402 2456 quum
429 2413 554 2457 reliqua
581 2415 765 2448 testim0nia
793 2415 900 2448 omnia
923 2416 1061 2449 ducenta

109 2477 346 2524 quinquanginta
370 2475 471 2507 millia
493 2475 628 2508 tradant.

181 2541 228 2572 ita
257 2545 296 2574 ut
320 2539 360 2572 ab
385 2536 462 2585 hoc]
487 2538 629 2573 Restitui
659 2541 852 2575 anteriorum
882 2541 1057 2576 editionum

1128 1103 1499 1156 quemadmodum
1535 1103 1724 1144 dimensa
1758 1105 1860 1157 sim,
1908 1105 2087 1146 demon-

351 1183 514 1224 Crebro
566 1183 609 1223 in
663 1182 829 1222 climate
883 1181 1130 1223 Diamero'es
1182 1185 1435 1238 proveniens
1485 1185 1590 1224 Solis
1644 1185 1832 1225 desectus
1890 1187 2084 1239 ejusdem

1279 1264 1354 1305 sed
1397 1264 1641 1319 propinquo
1695 1265 1872 1316 climati,
1932 1266 1976 1307 id
2025 1275 2087 1307 est

1126 1477 1312 1518 lectionem,
1341 1477 1610 1520 adstipulantibus
1630 1477 1792 1508 codicibus
1810 1478 1997 1510 monacensi
2013 1478 2082 1521 (C),

1126 1540 1556 1579 Ettenlicimmi‘xnstericnsi,
1604 1546 1635 1571 et
1670 1541 1934 1580 Dal-instattcnsi3
1984 1554 2082 1586 quum

1126 1604 1210 1646 apud
1229 1590 1378 1635 Grotium
1401 1603 1563 1644 legeretur
1578 1603 1639 1633 »ob
1654 1604 1715 1634 hoc
1734 1615 1809 1644 crgo
1827 1604 2012 1636 indubitatis
2031 1617 2080 1637 ra·

1125 1666 1266 1696 tionibus
1293 1666 1522 1709 approbetur«,
1549 1665 1725 1708 praemisso
1750 1667 1861 1697 titulo:
1892 1668 1995 1710 ”quod
2021 1668 2079 1700 cir-

1123 1729 1214 1761 culus
1249 1728 1362 1760 Lunae
1386 1728 1488 1769 major
1514 1728 1555 1758 sit
1579 1740 1673 1770 quam
1711 1729 1843 1769 tellusu,
1879 1742 1974 1773 quem
2004 1742 2077 1763 con-

1121 1792 1243 1823 tinuata
1273 1803 1343 1822 cum
1373 1790 1635 1823 antecedentibus
1659 1792 1816 1823 sententia
1842 1792 1978 1825 retinere
2012 1806 2078 1826 non

1121 1853 1221 1897 potui.
1246 1853 1397 1884 Nostram
1426 1851 1597 1884 lectionem
1626 1864 1734 1894 margo
1766 1865 1894 1897 quoqne
1922 1854 2076 1886 Grotiana

1121 1916 1266 1956 exhibet,
1297 1916 1354 1947 sed
1379 1915 1486 1947 addito
1510 1927 1605 1959 cryc,
1628 1916 1716 1959 quod
1736 1916 1863 1949 codices
1885 1917 1987 1949 nostri
2010 1930 2076 1950 non

1120 1979 1316 2012 confirmant.

1195 2043 1253 2087 qui
1267 2039 1363 2085 idem]
1393 2039 1449 2073 Sic
1470 2040 1572 2073 codex
1588 2039 1880 2082 Reielienauensis3
1905 2041 2001 2084 vulgo
2018 2045 2076 2090 qui

1119 2102 1255 2149 quidem.

1190 2171 1350 2212 quantum
1366 2163 1516 2209 umbrae]
1544 2163 1613 2195 Alii
1639 2171 1761 2204 tert-ae,
1795 2171 1877 2197 teste
1901 2165 2014 2199 Grotio
2038 2169 2070 2199 in

1115 2226 1278 2267 margiue3
1304 2227 1441 2257 sortasse
1473 2231 1642 2270 utrumque
1669 2226 1936 2268 conjungendum.

1188 2291 1225 2321 in
1254 2287 1397 2333 elimate]
1433 2289 1483 2320 De
1507 2289 1556 2321 his
1583 2289 1761 2321 climatibus
1790 2289 1936 2332 pluribus
1956 2297 2068 2323 noster

1113 2350 1177 2393 agit
1199 2350 1281 2382 infra
1304 2349 1346 2394 (§.
1362 2349 1461 2392 876).

1185 2415 1220 2446 id
1250 2419 1299 2446 est
1330 2411 1520 2458 Dim-hodic]
1557 2413 1613 2445 Sic
1643 2413 1744 2444 codex
1773 2413 2065 2455 Reiclienanensi53

1110 2477 1206 2519 vulgo
1240 2477 1324 2521 apud
1355 2477 1504 2510 Grotium
1534 2476 1743 2513 Dim-hodon,
1785 2475 1817 2506 in
1852 2477 2064 2509 anterioribus

1109 2551 1185 2574 vero
1209 2539 1400 2579 Dim-hodii,
1428 2538 1483 2571 ubi
1513 2549 1605 2572 verae
1637 2535 1784 2569 lectionis
1809 2537 1942 2580 vestigia
1967 2540 2060 2572 facile

2118 940 2206 979 8:59
