2310 2860
790 121 988 166 Martiani
1027 123 1226 182 Capellae
1266 124 1337 168 lib.
1363 124 1395 166 Ι.
1437 126 1560 178 §.55

211 229 323 272 lento
361 239 535 287 repente
574 244 769 273 marcore
807 241 1012 289 torperet,
1058 240 1099 274 et
1136 232 1226 289 jam
1266 232 1384 275 velut
1413 237 1599 281 maritali
1629 242 1850 284 vacatione
1877 244 2052 287 feriatus
2082 246 2169 289 dis-

211 326 384 354 cursare
428 313 508 354 suh
547 314 780 370 praeceptis
826 314 1063 356 Jovialibus
1106 312 1344 370 denegaret.

1417 318 1532 361 Nam
1570 319 1695 364 illum
1732 325 1822 379 jam
1859 326 2048 383 pridem,
2095 328 2162 381 ait,

207 393 466 449 Philologiae
488 396 620 437 sentio
653 410 799 438 amore
825 397 997 448 torreri,
1036 395 1215 451 ejusque
1245 398 1383 440 studio
1408 413 1674 458 comparatas
1700 404 1862 450 habere
1886 410 2169 466 quamplures

206 475 248 516 in
286 474 499 518 famulitio
547 477 808 534 disciplinas,
859 478 1094 533 ipsumque
1141 478 1312 534 linguae
1353 481 1524 537 insignis
1571 487 1788 529 ornatibus
1828 489 1945 532 fandi
1984 492 2161 535 nimiam

207 567 472 600 venustatem
506 574 593 615 quo
621 560 809 616 placeret
833 560 983 615 virgini
1008 570 1300 613 consecutum,
1331 562 1484 604 deinde
1514 565 1680 608 barbito
1707 580 1945 627 aurataque
1971 573 2095 628 chely
2120 589 2168 616 ac

202 637 332 681 doctis
357 640 513 682 fidibus
537 657 781 698 personare.
810 642 935 684 Addo
959 642 1076 698 quod
1101 643 1286 685 celebrat
1308 644 1505 686 mirabile
1525 651 1799 706 praestigium
1822 653 2165 711 elegantiamque

200 720 398 777 pingendi
424 737 564 778 quum
586 723 708 765 vivos
732 723 858 764 etiam
884 723 1029 765 vultus
1061 724 1168 766 aeris
1191 734 1264 766 aut
1289 728 1517 769 marmoris
1541 730 1720 786 signifex
1744 734 1953 778 animator
1978 736 2164 792 inspirat.

271 850 468 897 repz’ffratus]
495 852 547 886 De
581 855 680 887 verbo
709 856 874 899 repis-qnare
899 867 965 889 non
988 854 1156 901 Appuleio

197 918 320 946 tantum
354 919 387 945 ct
412 920 543 955 nostro,
581 916 639 947 scd
673 915 797 949 Saxoni
825 918 920 950 etiam
950 918 1156 960 grammatico

197 977 347 1010 familiari
371 978 423 1010 adi
448 978 660 1023 Stephanium
684 981 737 1024 (ad
767 982 853 1013 hunc
873 994 904 1026 p.
934 981 1031 1026 151).

267 1039 449 1085 vacatione]
475 1039 544 1072 Alii
576 1041 650 1073 libri
682 1042 792 1085 scripti
823 1045 989 1075 vocatione
1025 1043 1155 1083 liabent,

192 1103 279 1147 quod
303 1103 343 1134 ad
366 1104 538 1145 marginem
562 1110 624 1135 tam
645 1105 945 1147 NorimbcrgcnsiS,
975 1119 1073 1149 quam
1098 1106 1152 1138 Li-

190 1165 329 1209 psiensis
359 1167 434 1198 libri
465 1168 652 1200 adnotatum
687 1168 759 1210 legi.
815 1169 883 1201 Sed
908 1170 989 1201 illud
1019 1169 1152 1201 melius:

190 1230 387 1263 vacationem
425 1231 581 1274 significat·
609 1245 627 1265 a
659 1232 763 1264 nuntii
794 1233 1002 1265 discurrentis
1037 1234 1153 1277 officio,

191 1302 256 1334 quo
278 1292 418 1336 aspirare
440 1299 552 1336 posset
567 1294 759 1335 Mercurius,
785 1295 813 1326 si
838 1295 871 1326 in
894 1295 993 1339 patris
1015 1296 1151 1328 familias

193 1359 309 1386 statum
336 1356 546 1398 pervenisset.
865 1345 871 1349 μ

265 1415 487 1463 quamplures]
517 1415 652 1449 Grotius
679 1419 950 1465 quamplurimas3
977 1419 1034 1450 sed
1058 1430 1150 1462 prae·

189 1484 250 1511 stat
270 1479 372 1519 illud,
403 1480 490 1523 quod
513 1491 530 1511 e
550 1481 714 1512 codicibus
729 1482 1005 1523 Reichenauensi‚
1033 1482 1147 1515 Darm—

186 1542 335 1576 stattcnsi
361 1548 394 1574 et
422 1543 607 1575 Basilecnsi
633 1544 751 1587 recepi.

262 1603 462 1650 disciplinas]
489 1605 562 1637 Hac
590 1610 713 1649 septem
732 1604 808 1636 illae
830 1610 906 1636 sunt
930 1611 1034 1645 artes,
1065 1615 1145 1648 quas

185 1668 266 1701 infra
298 1669 502 1711 Philologiae
526 1669 559 1701 in
582 1668 702 1701 donum
729 1669 872 1713 nuptiale
902 1667 945 1713 (ξ.
972 1670 1041 1701 115
1066 1667 1146 1711 not.)

184 1731 308 1763 confert
328 1731 529 1773 Mercurius,
554 1743 701 1776 quaeque
725 1736 850 1776 septem
871 1730 962 1762 libris
986 1728 1143 1774 posterio-

183 1795 271 1827 ribus
296 1795 475 1829 traduntur.

256 1858 393 1904 barbito]
410 1860 508 1891 llaud
525 1859 625 1891 semel
641 1871 659 1891 a
674 1865 785 1891 nostro
800 1863 994 1890 memoratur
1007 1857 1142 1901 (§.910.

183 1920 270 1964 915)
294 1922 355 1953 hoe
379 1921 627 1953 instrumentum
652 1921 809 1953 musicum
832 1919 994 1964 (Euripid.
1017 1918 1142 1951 Ale-cst.

181 1983 265 2016 545.
286 1981 475 2014 Athenaeus
502 1983 559 2015 14.
587 1994 619 2026 p.
643 1983 727 2014 655.
757 1983 831 2014 656
858 1981 997 2014 Casaub.
1019 1980 1140 2012 Pollux

180 2043 216 2084 4,
238 2045 296 2075 56.
315 2043 430 2076 Horat.
451 2043 505 2077 od.
520 2045 562 2084 1,
584 2044 616 2084 1,
636 2044 686 2076 54
712 2049 745 2075 et
764 2045 800 2084 5,
826 2043 886 2083 26,
911 2043 945 2074 4.
971 2042 1066 2074 ovid.
1084 2044 1139 2074 he-

179 2107 259 2139 roid.
283 2108 341 2148 15,
367 2108 399 2139 8.
427 2106 583 2151 Stephan.
605 2107 646 2139 ad
672 2105 795 2140 Saxon.
818 2119 849 2151 p.
867 2107 927 2140 87.
952 2106 1079 2138 lleskin
1103 2107 1137 2139 in

179 2168 275 2202 Bion.
300 2181 331 2213 p.
348 2169 396 2201 27
430 2169 479 2201 cd.
501 2167 642 2213 Oxou),
677 2169 764 2213 quod
792 2168 846 2200 alii
866 2168 906 2201 ab
930 2167 1136 2201 Anacreonte

179 2233 342 2272 inventum
361 2232 495 2277 (Athen.
519 2234 553 2266 4.
575 2232 654 2278 77),
684 2238 846 2264 vetustum
874 2232 928 2264 alii
952 2232 1135 2264 hai-harum-

181 2307 241 2339 que
269 2296 390 2339 origine
415 2296 536 2341 (Strab.
569 2298 625 2329 10.
654 2310 685 2341 p.
702 2298 774 2330 471
802 2296 941 2330 casaub.
962 2295 1082 2329 Athen.
1099 2298 1133 2330 4.

181 2357 243 2402 80)
267 2358 461 2401 praedicant.

255 2418 357 2465 chely]
382 2418 577 2453 Mercurium
601 2418 738 2452 Ovidius
767 2419 852 2464 (fast.
877 2421 918 2462 5,
941 2419 1030 2466 (367)
1055 2420 1132 2452 allo-

179 2482 287 2527 quitur
306 2483 423 2515 »Laete
447 2484 535 2526 lyrae
558 2484 691 2528 pulsu«,
717 2489 812 2528 atque
835 2484 971 2516 eundem
990 2485 1130 2529 appellat

178 2544 333 2577 Horatius
354 2544 418 2589 (od.
438 2545 475 2586 1,
503 2545 564 2585 10,
593 2545 632 2590 G)
658 2558 790 2579 »curvae
816 2547 902 2590 lyrae
928 2552 1119 2592 parentem«

1209 854 1277 888 Sed
1302 863 1378 890 nota
1406 858 1484 891 haec
1517 872 1557 892 cx
1586 860 1721 896 Homeri
1754 866 1873 909 hymno
1903 866 1936 899 in
1961 867 2166 902 Mercurium.

1207 918 1415 951 Iusti-umenti
1439 921 1536 963 liujus
1567 924 1680 957 musici
1712 926 1959 971 descriptionem
1988 930 2075 962 dedit
2097 932 2165 965 Bu·

1206 984 1288 1012 rctte
1314 980 1362 1025 (in
1383 982 1479 1013 Mem.
1502 982 1541 1015 dc
1561 983 1686 1017 I'Acad.
1703 986 1745 1019 X.
1770 1001 1800 1032 p.
1824 989 1921 1034 217).

1283 1042 1383 1074 doctis
1401 1043 1533 1089 fidibus]
1560 1045 1717 1090 Enallagc
1740 1061 1799 1092 pro
1830 1064 2023 1095 »personare
2046 1054 2163 1088 fidibus

1205 1105 1370 1145 doctum«,
1402 1112 1437 1137 ut
1460 1107 1542 1139 iusi-a
1566 1108 1608 1152 (ἓ.
1632 1111 1717 1155 124)
1750 1114 1878 1157 aperitis
1898 1115 2056 1148 lucernis«
2086 1118 2163 1149 scri-

1203 1167 1259 1199 bit.
1286 1167 1412 1204 Similia
1434 1176 1509 1202 sunt
1536 1172 1618 1203 »falx
1637 1173 1748 1206 docta«
1778 1178 1861 1220 apud
1886 1178 2091 1222 Propertium
2109 1182 2161 1222 (2,

1205 1232 1271 1272 13,
1301 1231 1380 1275 12),
1410 1232 1523 1265 »docta
1549 1246 1662 1277 prece«
1693 1237 1778 1280 apud
1804 1238 1975 1270 Horatium
1995 1241 2100 1284 (epist.
2126 1243 2161 1282 2,

1203 1296 1236 1336 1,
1259 1295 1338 1338 53),
1365 1300 1398 1327 et
1426 1296 1537 1328 »docta
1561 1309 1676 1330 mann«
1701 1301 1785 1344 apud
1817 1300 1971 1335 Ovidium
1998 1302 2069 1349 (art.
2100 1317 2159 1337 am.

1202 1358 1235 1400 1,
1263 1358 1346 1389 518.
1371 1358 1442 1389 fast.
1463 1360 1498 1399 5,
1526 1360 1610 1392 852.
1639 1362 1674 1402 6,
1704 1361 1801 1407 702).

1275 1418 1373 1464 addo]
1394 1420 1580 1464 Exponitur
1594 1433 1679 1454 nune
1696 1423 1751 1456 illa
1763 1424 1915 1459 Mercurii
1930 1427 2041 1469 virtus,
2064 1440 2159 1472 quam

1197 1476 1433 1523 Aegyptiorum
1466 1492 1595 1525 quoque
1620 1483 1782 1515 Mercurio
1812 1486 1978 1519 Diodorus
2008 1488 2066 1533 (1,
2096 1491 2156 1534 16)

1198 1543 1308 1574 tribuit
1335 1543 1385 1574 his
1411 1543 1539 1587 quidem
1569 1545 1693 1577 verbis:
1718 1545 1809 1593 »τῆς
1839 1545 2058 1596 εὐρυθμίας
2090 1551 2155 1587 καὶκ

1196 1601 1269 1648 τῆς
1291 1602 1381 1649 περὶ
1407 1601 1452 1637 τὸ
1477 1604 1586 1648 σῶμα
1615 1605 1843 1653 πρεπούσης
1867 1607 2048 1652 πλάσεως
2072 1613 2151 1649 ἐπι·

1197 1666 1446 1713 μεληθῇιάι.υ

1269 1730 1493 1777 praestiqium]
1518 1731 1648 1765 Insueta
1671 1734 1749 1767 haee
1767 1735 1856 1768 vocis
1873 1737 1973 1770 forma
1990 1737 2024 1770 in
2043 1738 2152 1781 glossa

1196 1793 1321 1827 Graeco
1339 1814 1351 1820 -
1366 1795 1482 1827 Latina
1513 1792 1773 1842 προκάλυμμα
1801 1798 1962 1844 (Vulcan.
1977 1803 2057 1834 thes.
2089 1809 2149 1836 utr.

1194 1856 1270 1898 ling.
1298 1870 1329 1900 p.
1350 1856 1444 1902 591)
1470 1862 1502 1889 et
1526 1857 1561 1889 in
1591 1860 1787 1892 onomastico
1812 1859 1876 1906 (ap.
1895 1863 1989 1896 eund.
2014 1876 2044 1908 p.
2065 1864 2150 1908 117)

1192 1917 1352 1964 γοητεία
1388 1919 1582 1963 explicatur:
1604 1920 1638 1952 in
1677 1920 1786 1963 glossa
1825 1928 1931 1956 autem
1966 1925 2148 1959 Basilecnsi

1192 1980 1232 2011 ad
1252 1981 1445 2012 martianum
1467 1981 1672 2014 »miraculum
1680 2004 1691 2023 ,
1720 1983 1806 2027 quod
1827 1987 2077 2031 praestring'it«,
2096 2000 2146 2020 so-

1189 2041 1287 2073 lemni
1309 2044 1572 2086 praestrinqendi
1594 2049 1626 2075 et
1652 2047 1920 2090 p2·aestinqnendi
1945 2049 2145 2089 confusione,

1189 2103 1240 2148 (cf.
1267 2102 1366 2136 Giese
1396 2104 1435 2136 ad
1463 2104 1566 2137 Cicer.
1597 2105 1637 2137 dc
1667 2105 1764 2138 divin.
1792 2108 1822 2138 1.
1841 2108 1907 2149 60,
1937 2121 1969 2154 p.
1995 2111 2083 2153 107,
2112 2119 2144 2144 et

1187 2166 1268 2199 Otto
1284 2167 1324 2199 ad
1341 2168 1437 2200 eund.
1450 2168 1489 2201 de
1504 2173 1625 2201 senect.
1638 2169 1688 2202 42
1706 2181 1738 2214 p.
1752 2170 1846 2215 109).
1869 2170 2020 2205 Ceterum
2037 2174 2141 2207 Saris—

1186 2231 1342 2263 bericnsis
1358 2231 1453 2276 (nug.
1483 2244 1548 2264 eur.
1579 2234 1619 2274 1,
1656 2233 1688 2265 9.
1719 2246 1751 2278 p.
1774 2234 1849 2279 55)
1875 2239 2138 2282 »praestzffium«,

1185 2293 1305 2338 inquit,
1339 2294 1535 2327 »Mercurius
1559 2294 1852 2330 dicitur‘inveuisse
1868 2317 1916 2324 —-
1932 2298 2056 2343 fuitque
2074 2310 2137 2330 ma-

1184 2369 1296 2401 gorum
1321 2357 1554 2402 peritissimus«
1585 2364 1644 2392 cet.

1255 2420 1422 2466 pingendi]
1442 2422 1587 2455 Galenus
1604 2423 1778 2468 (Protrept.
1794 2424 1831 2468 5)
1846 2424 2039 2457 Mercurium
2056 2422 2132 2457 dicit

1182 2480 1305 2530 λόγου
1323 2481 1517 2532 δεσπότην
1539 2483 1706 2533 ἐργάτην
1727 2485 1768 2522 δὲ
1794 2485 1943 2531 τέχνης
1965 2482 2131 2534 ἁπάσης,

1180 2553 1212 2580 ct
1235 2547 1438 2581 simulacrum
1464 2548 1534 2591 ejus
1566 2548 1650 2592 cingi
1675 2548 1814 2581 omnium
1842 2547 1990 2593 opiticum
2015 2560 2129 2582 corona

2117 136 2175 179 79
