2310 2860
2044 133 2106 166 vn

149 234 195 284 (9.
220 231 293 284 22)
321 230 457 271 bonae
481 230 816 285 antiquiorisque
844 239 967 271 notae
993 242 1125 284 quam
1142 243 1291 271 omnes
1321 232 1369 282 (9.
1394 231 1491 284 20),
1523 247 1654 287 quem
1676 243 1715 275 et
1738 249 1907 276 cascum
1937 236 2097 280 librum

148 310 304 351 ibidem
337 320 376 350 et
408 310 595 351 thesauri
626 311 754 351 instar
784 310 860 350 sibi
892 325 1045 351 carum
1077 310 1186 351 dicit.

313 391 358 443 6)
391 391 626 431 Vossianus
663 390 796 431 codex
836 391 1049 445 quantivis
1090 392 1236 447 pretii,
1283 401 1331 433 ut
1376 393 1591 434 Arntzenii
1630 396 1774 436 verbis
1805 406 1901 438 utar
1932 399 2095 450 (911),

144 471 266 525 cujus
297 486 348 512 ex
381 471 660 512 Miscellaneis
689 472 779 524 ejus
808 471 1004 512 lectiones
1037 474 1190 528 passim
1224 474 1419 529 Koppius
1450 475 1628 528 repetiit.

311 551 353 603 7)
387 552 594 592 Bondami
625 561 844 607 excerpta,
890 553 1047 607 quibus
1081 554 1151 594 ille
1181 554 1223 594 in
1256 554 1397 594 Variis
1428 555 1700 595 Lectionibus
1736 570 1836 598 usus
1869 567 1940 598 est.

311 632 356 682 8)
389 632 564 672 Codices
614 645 721 684 quos
768 631 999 673 Salmasius
1043 635 1085 674 in
1126 635 1495 675 exercitationibus
1537 636 1588 676 ad
1627 637 1817 678 Solinum
1866 638 2095 681 identidem

140 713 353 764 adhibuit3
383 711 513 752 semel
541 711 766 766 plutcarios
791 712 920 752 libros
944 714 1128 769 appellat
1154 716 1199 765 (9.
1219 714 1344 766 644),
1376 725 1422 755 ut
1447 714 1658 755 Mediceos
1683 716 1862 757 innuere
1886 718 2096 770 videatur,

141 794 238 835 alibi
271 796 317 846 (9.
345 793 448 844 700)
481 790 776 832 tantummodo
810 793 1099 846 antiquissima
1135 794 1396 849 exemplaria
1428 810 1471 835 se
1504 796 1658 836 vidisse
1691 806 1879 838 testatur.

303 875 348 927 9)
391 873 566 914 Codices
606 872 886 926 antiquissimi
933 874 1177 925 Leidenses,
1230 890 1417 929 quorum
1466 876 1620 931 passim
1669 878 1826 917 mentio
1872 889 2002 921 exstat
2050 882 2091 921 in

136 957 242 997 notis
273 953 569 1008 Oudendorpii
610 953 662 993 ad
694 954 981 1008 Appulejum,
1026 955 1256 995 Muuckeri
1290 956 1342 996 ad
1372 956 1734 1011 thbographos,
1786 959 2021 999 Burmanni
2053 970 2092 1000 et

136 1037 340 1085 aliorum,
372 1044 418 1074 ut
443 1033 754 1074 Heinstorhusii
787 1048 963 1088 quoque
994 1034 1061 1085 (ad
1094 1037 1124 1084 9.
1150 1035 1280 1086 905),
1324 1050 1466 1089 neque
1499 1037 1599 1076 alios
1631 1051 1718 1077 esse
1751 1039 1953 1090 arbitror,
1985 1054 2090 1093 quos

134 1115 237 1156 lidos
269 1114 451 1170 appellat
482 1112 728 1153 Gronovius
771 1112 813 1153 in
852 1112 944 1153 loco
979 1113 1027 1153 ad
1062 1115 1092 1164 9.
1115 1114 1206 1154 905
1244 1114 1383 1155 allato.
1452 1116 1657 1169 Quinque
1696 1128 2091 1159 eonnnemorantur

133 1197 174 1236 in
214 1205 309 1236 nota
352 1195 403 1235 ad
442 1197 474 1245 9.
505 1193 584 1244 29,
628 1207 714 1248 quo
754 1203 896 1234 tamen
935 1207 1116 1234 numero
1155 1195 1272 1236 haud
1313 1198 1399 1236 scio
1435 1211 1486 1236 an
1524 1196 1650 1236 etiam
1692 1210 1801 1237 unus
1834 1196 1993 1238 alterve
2024 1213 2090 1237 se-

136 1277 358 1331 quentium
392 1277 668 1316 contineatur.

302 1356 371 1407 10)
412 1356 530 1395 Libri
585 1356 861 1410 manuscripti
907 1356 981 1410 qui
1026 1357 1068 1397 in
1108 1357 1385 1413 WVesselingii
1424 1359 1652 1399 Itium-ariis
1693 1369 2088 1401 commemorantur

133 1439 179 1488 (9.
204 1436 306 1476 645.
340 1436 437 1474 (568.
469 1436 590 1485 669).

303 1515 370 1566 11)
405 1513 676 1553 Cauchianus
707 1512 840 1553 codex
874 1528 895 1553 a
931 1515 1180 1556 Burmanno
1212 1526 1573 1557 commemoratus
1606 1518 1651 1567 (9.
1681 1518 1803 1569 905).

299 1594 369 1646 12)
402 1593 547 1634 Codex
580 1607 602 1633 a
633 1593 915 1647 Zinzerlingio
948 1593 1146 1635 laudatus
1176 1597 1217 1636 in
1249 1597 1342 1637 loco
1375 1595 1427 1636 ad
1458 1598 1487 1647 9.
1519 1595 1548 1635 2
1580 1596 1716 1636 allato.

302 1678 373 1729 15)
411 1675 663 1716 Scriveriani
690 1674 777 1714 duo
802 1689 825 1715 a
856 1675 1089 1715 Moiboinio
1116 1676 1166 1717 ad
1191 1677 1351 1718 librum
1377 1676 1428 1717 de
1454 1676 1618 1716 Musica
1643 1675 1857 1730 usurpati,
1894 1690 2083 1730 quorum·

127 1768 268 1800 tamen
296 1758 475 1798 alterum
502 1757 626 1797 etiam
652 1756 694 1796 in
727 1756 864 1811 primo
890 1757 997 1798 libro
1031 1759 1076 1808 (9.
1101 1758 1174 1810 57)
1209 1759 1260 1799 ab
1287 1757 1598 1812 Oudendorpio
1626 1757 1854 1797 excitatum
1882 1758 2082 1800 invenies.

296 1842 368 1893 14)
403 1840 570 1882 VVassii
602 1839 764 1879 codices
796 1848 877 1879 tres
909 1838 960 1878 ad
992 1841 1022 1889 9.
1046 1840 1130 1880 651
1163 1849 1202 1880 et
1231 1839 1321 1880 659
1354 1838 1704 1888 commemorati,
1745 1852 1934 1893 quorum
1967 1854 2080 1881 unus

128 1921 435 1962 vetustissimus
468 1917 641 1972 Collegii
673 1917 873 1972 Corporis
906 1916 1060 1958 Christi
1103 1918 1456 1974 Cantabrigiensis
1490 1917 1742 1973 appellatur.

293 2000 451 2042 Sedulo
491 1999 659 2053 collegi,
705 2013 817 2053 quae
856 2013 907 2038 ex
940 2001 1252 2041 commentariis
1283 1999 1519 2055 Koppianis
1551 1999 1635 2053 peti
1667 2007 1857 2053 possent3
1903 2012 2015 2053 quae
2046 1999 2080 2039 si

123 2084 165 2124 in
209 2081 423 2123 nonnullis
472 2080 613 2120 minus
665 2089 860 2121 accurate
907 2090 1094 2121 enotasse
1140 2081 1306 2131 videar,
1375 2081 1543 2121 veniam
1589 2079 1710 2119 dabis
1758 2078 2075 2134 plerorumque

123 2163 295 2205 illorum
329 2163 539 2203 librorum
572 2174 654 2201 usu
684 2159 903 2212 destitut03
949 2161 1135 2216 plurima
1176 2170 1319 2202 tamen
1357 2159 1483 2215 culpa
1522 2159 1715 2214 ipsorum
1757 2158 1951 2199 virorum
1995 2159 2075 2200 do-

125 2254 288 2287 ctorum
330 2244 427 2294 erit,
481 2257 588 2296 quos
633 2251 793 2283 constat
833 2241 905 2283 illa
951 2250 1084 2283 aetate
1127 2241 1321 2282 codicum
1361 2248 1481 2280 notas
1522 2238 1772 2292 neutiquam
1822 2247 1935 2279 tanta
1975 2253 2073 2279 cum

123 2325 329 2381 diligentia
351 2324 606 2373 distinxisse,
645 2331 848 2376 quantam
882 2320 1008 2362 hodie
1040 2321 1239 2377 philologi
1270 2321 1478 2363 adhibere
1498 2319 1644 2360 solent.
1685 2320 1838 2372 Neque
1863 2319 2074 2373 Koppius,

122 2414 168 2446 ut
204 2404 463 2459 plerumque
504 2402 594 2443 illos
636 2402 902 2452 imitabatur,
955 2400 1024 2442 vel
1071 2399 1123 2440 (le
1167 2401 1214 2440 iis
1255 2399 1492 2450 codicibus,
1548 2411 1737 2453 quorum
1781 2398 1944 2453 primus
1985 2399 2077 2451 ipse

121 2484 316 2525 lectiones
354 2483 566 2534 edidisset,
613 2482 856 2539 quidquam
895 2481 1100 2537 seriptum
1142 2481 1336 2540 reliquit,
1380 2480 1493 2522 unde
1531 2479 1706 2535 propius
1747 2493 1815 2520 eos
1855 2492 1986 2531 <mam
2020 2493 2074 2519 ex
