2310 2860
707 123 906 166 Martiani
943 123 1142 180 Capellae
1181 124 1253 167 lib.
1278 124 1310 166 Ι.
1351 123 1474 176 §.42

2029 126 2089 170 95

134 231 233 287 quis
273 230 325 273 ad
355 245 495 273 sacras
533 230 702 287 nuptias
735 231 986 287 corrogarit,
1026 232 1274 286 praesertim
1315 248 1456 288 quum
1486 236 1602 291 ipsae
1632 237 1889 294 Philologiae
1920 253 2090 296 semper

132 312 290 353 suerint
319 312 545 353 inimicae?
588 313 656 353 De
687 312 836 353 eadem
867 313 994 367 igitur
1023 313 1193 368 regione
1224 313 1338 355 solus
1369 316 1544 366 Pluton,
1576 317 1694 372 quod
1724 329 1903 374 patruus
1942 323 2085 375 sponsi

133 399 205 441 est,
237 401 510 433 convocatur.
542 392 670 433 Tunc
693 394 837 448 Lynsa
866 393 1088 445 silvestris,
1119 394 1342 446 Mulciser‚
1372 398 1460 439 Lar
1491 398 1700 450 coelestis,
1732 415 1808 441 nee
1838 416 1924 443 non
1955 402 2083 443 etiam
2118 406 2179 446 v'18

132 472 347 526 militaris,
389 474 622 530 Favorque
667 490 722 516 ex
767 484 921 530 quarta
956 474 1126 530 regione
1168 485 1390 517 venerunt.

204 603 413 650 Seditionem]
440 605 509 639 Nec
538 606 715 640 Martianus
743 608 825 638 hanc
848 618 906 650 per
928 617 1083 651 prosopo-

130 672 256 712 poeiam
277 669 399 713 primus
426 670 524 701 finxit
554 670 650 702 Certe
670 669 808 702 Ovidius
827 670 914 714 (met.
940 671 997 709 12,
1021 670 1085 713 Gt)

132 741 241 762 ansam
274 731 395 763 fictioni
428 732 583 776 praebuit.
634 732 700 763 Pro
741 738 924 776 corroqaret
955 732 1085 775 reposui

128 790 325 824 Dresdensis
354 793 473 825 codicis
499 793 685 826 auctoritate
712 796 897 838 cort-oya›·it.

203 856 407 902 praesertim]
434 857 621 890 Lectionem
645 860 853 901 »praesertim
875 870 972 901 quum
996 858 1084 902 ipsae

129 919 312 962 (Discordia
331 926 363 952 et
385 920 525 964 seditio)
550 921 769 963 Philologiae«
796 933 813 953 e
834 922 1084 953 Monacensibus

128 981 181 1026 (B.
197 981 236 1014 C.
253 982 294 1013 I).
309 982 362 1025 E.)
384 983 418 1014 in
440 988 562 1014 textum
583 983 699 1027 recepi.
727 982 861 1015 Grotius
880 986 1083 1027 praesertim-

129 1056 208 1089 que.-
231 1044 430 1075 Basileensis
452 1049 484 1075 et
497 1044 679 1076 Vossianus
701 1044 827 1088 (Arntz.
847 1045 935 1078 misc.
952 1057 982 1088 p.
996 1045 1083 1088 208)

123 1105 275 1148 ficerunt:
300 1105 576 1137 Reichenaucnsis
599 1107 668 1149 ipsi·

200 1162 483 1214 patruus'sponsi]
509 1169 661 1202 Mercurii
695 1169 860 1209 videlieet,
898 1169 952 1214 qui
977 1169 1082 1211 Jou’s,

126 1228 276 1262 Plutonis
297 1231 424 1271 fratris,
453 1237 521 1262 erat
540 1231 635 1262 lilius.

201 1292 324 1338 Lynsa]
351 1292 408 1325 An
429 1305 494 1325 non
508 1294 678 1338 Lympha?
705 1295 795 1336 cujus
815 1294 958 1326 meminit
977 1295 1082 1328 Varro

126 1355 197 1387 Lib.
225 1357 256 1387 1.
292 1367 318 1386 c.
344 1357 376 1388 1.
406 1356 445 1387 de
478 1368 512 1387 re
542 1357 671 1388 rustica.

127 1417 215 1460 quod
242 1428 338 1460 supra
369 1413 484 1448 dixerit
515 1417 735 1461 »Lymphae«;
779 1417 879 1448 multa
913 1418 998 1448 enini
1032 1418 1083 1448 hie

725 1357 840 1400 Neque
873 1363 904 1387 te
937 1364 1082 1397 moveat,

126 1480 260 1512 deorum
278 1480 432 1511 voeabula
450 1480 642 1523 aliquotiens
659 1480 803 1523 repetita.
816 1479 920 1512 Gnor.
931 1500 978 1504 —
991 1480 1082 1511 [Inus

126 1541 255 1586 quidem
284 1540 559 1582 Cantabrigiensis
590 1541 692 1572 codex
722 1540 828 1573 Grotii
867 1542 1083 1582 conjecturam

125 1606 248 1636 firmare
271 1604 416 1644 videtui-3
449 1605 507 1635 sed
528 1604 562 1635 in
587 1608 710 1635 textum
731 1605 813 1634 hane
840 1603 1012 1635 lectionem
1034 1616 1082 1634 re-

125 1667 230 1711 cipere
259 1666 408 1710 equidem
442 1677 508 1697 non
537 1677 635 1697 ausus
664 1677 754 1705 sum,
794 1677 893 1708 quum
918 1665 1083 1709 epitheton

125 1729 281 1761 silvestris
305 1728 346 1759 sit
374 1727 516 1759 additum
538 1732 571 1758 et
594 1727 628 1759 in
646 1726 811 1758 codicibus
831 1726 1082 1760 Menace-usibus

125 1791 178 1834 (C.
191 1792 232 1823 D.
248 1791 287 1823 E.
303 1790 375 1835 G.)‚
413 1791 469 1835 qui
496 1803 568 1823 eum
588 1790 772 1822 Basileensi
788 1790 892 1822 Linsa
919 1790 1082 1830 exhibent,

125 1855 233 1897 glossa
260 1866 336 1886 sane
362 1854 491 1898 antiqua
515 1855 597 1886 hane
625 1855 818 1886 »besum-mn
842 1855 951 1885 deam«
982 1854 1081 1884 iuter-

125 1920 284 1960 pretetur,
318 1927 382 1959 quo
414 1915 555 1947 adducor
581 1920 616 1945 ut
640 1915 786 1954 credam,
824 1914 1030 1946 scholiastain
1064 1927 1081 1945 a

127 1979 252 2012 Graeco
280 1975 381 2024 λὺγξ
405 1990 522 2010 nomen
542 1978 719 2022 repetiisse.
761 1978 978 2010 Confirmatur
1003 1979 1081 2010 haee

125 2040 308 2082 conjectura
324 2039 486 2072 vossiano
511 2039 639 2080 codiee,
667 2039 699 2070 in
725 2051 789 2083 quo
814 2040 934 2082 [ψῃ-α
955 2039 1082 2084 (Αι-ιιῑΖ.

124 2102 211 2134 mise.
233 2114 264 2146 p.
285 2100 372 2144 208)
400 2106 433 2132 et
456 2100 630 2143 flagiano,
661 2100 695 2132 iu
720 2113 783 2145 quo
807 2102 930 2134 Linxia
954 2101 1080 2144 legitur.

124 2166 245 2199 Multos
273 2170 358 2197 certe
381 2169 493 2196 noster
523 2163 722 2196 »silvicolas«
746 2164 838 2197 divos
865 2165 991 2205 statuit,
1024 2177 1080 2196 no-

124 2229 262 2261 minibus
290 2234 396 2260 tamen
423 2240 533 2260 eorum
553 2228 743 2272 praeteritis.
795 2228 892 2261 Certe
915 2229 1079 2260 Homerus

126 2293 244 2336 (hymn.
263 2293 321 2334 17,
347 2291 408 2335 24)
429 2282 529 2333 Pani,
555 2292 611 2336 qui
633 2292 780 2324 silvester
802 2304 879 2324 sane
902 2293 981 2325 (leus
1002 2298 1079 2333 erat,

127 2357 227 2400 lyncis
248 2357 365 2401 pellem
390 2357 509 2388 tribuit.
557 2357 638 2389 Jure
668 2357 781 2399 igitur,
818 2357 920 2389 donee
943 2357 1080 2390 certiora

127 2420 339 2465 reperiantur,
368 2420 495 2461 vulgata
521 2420 676 2452 servanda
697 2420 793 2452 lectio
822 2425 880 2452 est.

202 2481 367 2528 Illuleifer]
394 2482 446 2514 Ex
461 2482 551 2514 Festi
569 2489 673 2528 etymo
691 2496 708 2515 a
726 2485 893 2516 mulcendo
913 2484 1003 2528 ferro
1025 2495 1078 2528 pe-

128 2547 205 2588 tito,
243 2546 330 2590 quod
359 2545 537 2580 Martianus
570 2547 762 2593 approbasse
797 2548 933 2582 videtur.
976 2549 1080 2583 Paulo

1137 605 1221 638 euim
1244 612 1319 651 post
1342 608 1481 651 appellat
1498 608 1680 642 Vulcanum
1713 610 1755 656 (ἓ.
1775 613 1839 657 49)
1858 613 1920 646 alio
1946 616 2092 660 profecto

1137 682 1243 701 sensu.
1287 671 1363 703 Hoc
1392 678 1502 704 eontra
1520 673 1592 705 loeo
1620 675 1710 707 illum
1731 682 1843 708 notare
1865 677 2009 718 videtur,
2037 681 2093 722 qui

1135 732 1217 763 infra
1237 730 1280 775 (ἓ
1297 733 1384 775 889)
1416 733 1585 765 »Lemnius
1617 736 1776 769 fabrilium
1805 744 1930 772 tantum
1962 752 2093 785 opernm

1137 793 1269 824 sollers«
1297 795 1548 835 cognominatur.

1209 857 1277 888 Lm·
1299 856 1454 903 coelestis]
1479 859 1612 891 Frustra
1631 860 1715 893 hunc
1732 861 1808 893 alibi
1828 863 1980 906 quaesivi.
2001 864 2092 908 Quo-

1135 920 1220 951 niam
1243 925 1349 952 autem
1373 923 1523 965 permulti
1547 929 1637 955 erant
1658 924 1759 956 Lares
1781 924 1822 969 (§.
1844 927 1891 958 54
1917 926 2011 969 not),
2037 939 2094 970 po-

1135 988 1216 1014 terat
1236 989 1347 1015 noster
1363 983 1435 1015 leco
1454 984 1547 1016 nobis
1567 985 1634 1026 jain
1653 986 1761 1026 ignoto
1783 987 1958 1020 Caelestem
1976 990 2095 1020 Larem

1135 1045 1386 1088 deprehendere,
1411 1046 1462 1076 vel
1480 1046 1605 1089 poetica
1623 1047 1750 1079 lieentia
1770 1048 1900 1090 fingere.
1918 1049 2096 1093 Quumque

1133 1108 1235 1139 Lares
1261 1114 1292 1139 et
1320 1108 1416 1140 Genii
1452 1121 1548 1153 saepe
1583 1111 1820 1142 confundantur
1851 1112 1951 1155 (inl'ra
1985 1111 2013 1156 ἓ.
2046 1114 2093 1144 54

1134 1171 1234 1215 not),
1269 1171 1422 1203 Caelestis
1458 1172 1512 1204 ille
1544 1173 1610 1204 Lar
1639 1174 1748 1204 forsan
1774 1174 1858 1205 idem
1881 1181 1947 1215 est,
1978 1175 2032 1218 qui
2061 1175 2095 1207 in

1135 1234 1276 1278 lapidum
1300 1235 1400 1266 titulis
1433 1235 1495 1279 (ap.
1519 1234 1613 1267 Grut.
1641 1237 1729 1277 109,
1755 1238 1788 1270 8.
1814 1238 1906 1278 602,
1936 1239 1974 1282 4)
2007 1239 2096 1271 Coeli

1135 1296 1260 1329 Genius
1287 1297 1384 1329 audit.

1210 1359 1374 1404 militaris]
1399 1360 1524 1392 Forsan
1547 1373 1624 1393 nnec
1643 1373 1708 1394 non
1724 1368 1756 1393 et
1775 1362 1967 1405 familiaris«
1990 1363 2093 1396 Gnor.

1136 1439 1183 1444 —
1217 1421 1302 1452 Cum
1332 1422 1447 1453 Grotio
1475 1423 1646 1463 legendum
1674 1424 1857 1465 familiaris.
1873 1425 2003 1457 Voxcx.
2031 1425 2093 1469 (sp.

1135 1483 1232 1516 eritie.
1266 1495 1336 1526 pag.
1365 1484 1450 1527 146)
1469 1502 1517 1507 ——
1554 1485 1763 1525 Familiatis,
1796 1487 1883 1529 quod
1916 1487 1993 1519 mihi
2022 1499 2094 1519 sese

1135 1548 1301 1589 probaret,
1334 1548 1360 1578 si
1391 1548 1578 1579 auctoritate
1604 1548 1759 1581 librorum
1783 1549 1971 1581 firmaretur.
1991 1550 2094 1582 Gonz.

1135 1628 1183 1633 —-
1202 1607 1271 1639 Sed
1298 1608 1417 1639 oblitus
1436 1610 1484 1639 vir
1509 1610 1623 1641 doctus
1648 1617 1733 1650 erat,
1758 1623 1854 1655 supra
1872 1611 1913 1655 (ξ.
1931 1612 1995 1655 46)
2018 1624 2035 1643 a
2059 1624 2093 1642 se

1133 1669 1203 1713 ipso
1226 1681 1283 1713 pro
1307 1670 1376 1702 Lar
1400 1670 1549 1701 militm-is
1569 1671 1746 1714 repositum
1771 1672 1871 1703 fuisse
1890 1673 1984 1704 Min-s
2011 1673 2093 1704 mili-

1135 1734 1228 1770 iaris,
1251 1733 1312 1764 hoe
1327 1731 1424 1773 igitur
1442 1731 1514 1763 loeo
1527 1732 1646 1764 Larem
1660 1734 1832 1765 militarem
1844 1734 1975 1766 retineri
1987 1746 2093 1778 posse.

1133 1793 1232 1825 Haud
1265 1794 1350 1825 enim
1377 1794 1490 1834 video,
1525 1806 1581 1825 eur
1613 1795 1678 1825 Lar
1708 1795 1855 1827 militaris
1880 1796 1958 1838 fingi
1982 1796 2093 1840 nequi-

1133 1855 1230 1896 xerit,
1267 1867 1366 1898 quum
1388 1856 1441 1886 vel
1464 1856 1580 1887 Jouem
1606 1858 1779 1888 militm-em
1808 1858 1870 1901 (ap.
1893 1857 2094 1902 Appulejum

1133 1917 1172 1948 de
1203 1917 1322 1948 mundo
1344 1930 1376 1961 p.
1398 1919 1469 1950 571
1494 1918 1595 1962 oud.)
1620 1918 1730 1950 fictum
1759 1919 1859 1950 fuisse
1883 1920 2038 1961 legamus,
2062 1926 2096 1950 et

1132 1980 1200 2012 Lm·
1222 1978 1320 2018 etiam,
1345 1980 1469 2023 hostilis
1496 1979 1670 2024 (Alexand.
1699 1993 1770 2023 gen.
1797 1981 1874 2012 dier.
1898 1983 1932 2013 5.
1956 1993 1986 2025 p.
2007 1982 2094 2025 142)

1133 2049 1165 2074 et
1191 2044 1396 2085 permctrz‘nus
1421 2043 1580 2088 (Mulio,
1608 2044 1689 2087 52),
1716 2056 1853 2088 quorum
1874 2050 2007 2089 uterque
2026 2057 2094 2077 non

1132 2104 1195 2136 nisi
1212 2105 1362 2136 militaris
1383 2117 1455 2137 esse
1472 2106 1588 2149 potuit,
1610 2105 1821 2149 reperiantur.
1842 2108 1966 2139 Meram
1987 2107 2094 2139 Grotii

1132 2166 1347 2209 conjecturam
1366 2168 1526 2202 Mulier-‘us
1543 2169 1584 2211 (p.
1596 2168 1680 2211 150)
1698 2169 1840 2211 recipere
1861 2180 1927 2200 non
1945 2169 2092 2201 debehat.

1205 2227 1392 2277 Fctum-que]
1418 2230 1446 2261 F
1449 2241 1561 2261 averes
1588 2230 1718 2273 quidem
1734 2235 1799 2261 tam
1824 2231 1970 2262 fortunae
1996 2242 2090 2274 quam

1130 2291 1187 2324 sati
1212 2292 1414 2324 celebrantur
1439 2306 1456 2325 a
1485 2293 1590 2337 poetis
1616 2294 1749 2338 (Lucan.
1768 2296 1808 2334 5,
1837 2295 1921 2326 696.
1947 2296 1979 2333 7,
2006 2295 2087 2330 705,

1132 2356 1173 2396 8,
1197 2354 1278 2398 2l);
1314 2355 1371 2386 sed
1397 2355 1491 2387 deum
1520 2357 1582 2398 hoe
1606 2356 1735 2388 nomine
1757 2355 1922 2387 laudatum
1946 2355 2087 2386 nondum

1132 2417 1320 2459 observavi3
1359 2419 1437 2463 quin
1465 2419 1567 2462 ipsam
1593 2420 1686 2451 etiam
1715 2431 1826 2451 vocem
1849 2419 1945 2462 favor
1967 2412 2086 2448 ‘novam

1131 2494 1203 2515 esse
1237 2483 1387 2515 credebat
1416 2483 1531 2516 Cicero
1556 2483 1727 2527 (Quinctil.
1746 2485 1786 2522 8,
1810 2484 1850 2521 5,
1873 2482 1931 2513 54.
1962 2493 1993 2523 p.
2011 2480 2085 2512 259

1133 2545 1269 2593 spalat).
1288 2545 1337 2583 At
1358 2547 1386 2580 si
1404 2548 1476 2593 quis
1494 2559 1534 2580 ex
1551 2547 1679 2590 ingenio
1698 2546 1782 2577 aliud
1798 2555 1952 2588 reponere
1969 2555 2087 2575 nomen

1463 477 1753 533 Cei-rogantur
1799 496 1851 522 ex
1891 482 2089 537 proxima
2120 487 2180 527 Υ19
