2310 2860
161 137 251 181 418
739 131 937 174 Martiani
968 130 1167 186 Capellae
1197 129 1270 172 lib.
1291 129 1346 171 V.
1377 130 1407 182 §.
1430 130 1533 171 470.

166 242 459 301 adspiciendus
483 249 555 283 est.
613 239 781 282 Ductus
807 248 952 282 autem
977 246 1038 279 est
1068 235 1217 293 agendi
1247 253 1325 293 per
1354 247 1486 281 totam
1514 252 1687 282 causam
1718 248 1837 281 tenor
1867 240 1947 282 sub
1972 241 2117 297 aliqua

163 328 299 384 figura
340 335 542 367 servatus.
618 324 726 365 Sunt
767 333 910 365 autem
954 321 1107 363 ductus
1152 319 1366 375 quinque:
1407 321 1609 378 simplex,
1660 321 1845 371 subtilis,
1892 321 2117 377 figuratus,

163 410 383 462 obliquus,
433 407 604 448 mixtus.
663 406 878 462 Simplex,
923 417 1064 459 quum
1102 416 1189 443 non
1230 401 1346 442 aliud
1381 411 1441 442 est
1483 402 1526 443 in
1573 402 1728 457 agentis
1771 402 1962 453 consilio,
2002 402 2116 444 aliud

162 492 203 531 in
234 488 395 540 verbis,
427 498 475 529 ut
502 488 666 529 sibene
698 487 900 528 meritum
923 483 1070 526 laudes
1098 498 1144 524 ac
1173 484 1353 524 noxium
1386 498 1570 525 accuses.
1613 484 1799 535 Subtilis,
1833 498 1972 539 quum
2003 484 2116 525 aliud

163 572 254 612 vult
283 571 474 622 animus,
525 569 641 611 aliud
673 569 755 624 agit
785 567 938 617 oratio,
969 575 1037 607 ut:
1077 565 1268 615 Quidam
1300 565 1466 606 abdicat
1495 564 1653 616 filium,
1698 564 1814 620 quod
1847 565 2004 605 amicos
2035 578 2118 604 non

159 652 334 705 habeat3
382 651 451 692 hic
489 666 574 691 non
611 665 712 693 vere
755 648 940 699 abdicat,
987 646 1061 688 sed
1097 655 1142 687 ut
1181 646 1339 687 amicos
1370 645 1544 696 haheat,
1583 655 1723 686 terret.
1781 646 2008 701 Figuratus
2040 654 2119 695 est,

158 748 294 788 quum
337 743 480 789 aperte
511 732 615 787 quid
650 732 790 773 dicere
824 730 1023 787 prohibet
1056 728 1318 770 verecundia
1359 737 1532 783 propter
1567 726 1800 777 obscoena,
1839 736 1878 767 et
1911 725 2119 782 significa—

157 814 267 854 tione
303 813 385 855 alia
417 823 546 869 atque
575 813 873 869 integumentis
910 811 1058 854 vestita
1087 820 1362 852 monstratur.
1423 809 1640 865 Obliquus
1675 819 1756 861 est,
1801 823 1939 864 quum
1979 817 2117 849 metus

155 893 332 949 impedit
364 892 525 949 aliquid
548 893 689 934 dicere
719 893 873 943 libere,
905 901 945 933 et
975 906 1051 946 per
1083 889 1294 945 quosdam
1325 889 1447 931 fundi
1478 890 1695 931 cuniculos
1727 888 1964 944 objicienda
1994 903 2118 930 mon—

154 985 363 1027 stramus,
394 984 440 1016 ut
470 975 513 1015 in
544 974 645 1014 hoe:
671 974 930 1028 Tyrannus,
962 971 1036 1027 qui
1060 971 1142 1012 sub
1165 970 1390 1011 abolitione
1414 970 1685 1026 tyrannidem
1711 979 1932 1026 posuerat,
1958 969 2118 1011 fortiter

153 1056 271 1109 fecit,
309 1055 409 1112 petit
447 1055 628 1111 praemii
658 1054 830 1095 nomine
861 1068 1086 1095 armorum
1120 1052 1314 1106 arcisque
1346 1052 1604 1104 custodiam3
1652 1053 1920 1107 magistratus
1951 1061 2116 1092 contra—

153 1134 311 1176 dicunt.
367 1135 527 1176 Mixtus
569 1144 712 1175 autem
746 1149 798 1175 ex
827 1143 1012 1188 utroque
1045 1135 1337 1189 componitur,
1380 1149 1520 1189 quum
1551 1143 1591 1174 et
1620 1133 1760 1189 pudor
1792 1143 1830 1174 et
1861 1143 2000 1174 metus
2031 1133 2115 1172 ini—

152 1217 267 1273 pedit
289 1216 550 1268 libertatem,
581 1226 647 1257 ut:
673 1216 907 1271 Tyrannus
931 1215 1005 1270 qui
1029 1213 1137 1256 duos
1160 1214 1266 1255 filios
1294 1214 1466 1265 habuit,
1499 1229 1688 1270 quorum
1720 1214 1796 1254 uni
1818 1228 1930 1255 uxor
1956 1213 1998 1254 in
2028 1226 2116 1267 qua

151 1297 321 1339 infamis
350 1298 450 1350 fuit,
489 1298 610 1352 cujus
641 1296 818 1338 maritus
849 1310 892 1336 se
923 1294 1161 1351 suspendit,
1193 1296 1300 1350 cogit
1333 1295 1514 1336 alterum
1546 1294 1684 1335 filium
1717 1293 1898 1335 eandem
1933 1292 2111 1343 ducere3

149 1444 182 1476 id
215 1450 264 1477 est
290 1449 441 1475 constans
473 1444 628 1487 quaedam
659 1441 785 1473 dicendi
819 1447 914 1485 atque
947 1440 1107 1472 scribendi

148 1506 244 1546 ratio,
280 1517 361 1548 (luae
393 1517 450 1548 per
483 1516 608 1536 omnem
638 1503 801 1535 materiam
833 1515 931 1534 unum
958 1502 1105 1545 idemque

148 1569 316 1602 consilium
341 1574 435 1612 atque
457 1567 657 1612 propositum
682 1572 795 1597 servet.
824 1566 976 1598 Ceterum
999 1577 1104 1609 neque

148 1634 231 1677 apud
249 1633 439 1665 Cleeronem
458 1629 664 1675 neque⁸apud
686 1629 940 1672 Quinctilianum
961 1630 1019 1660 hac
1042 1629 1104 1669 sig-

148 1694 329 1726 nificatione
353 1693 487 1734 lcgitur3
519 1691 685 1736 primarius
710 1690 800 1722 locus
831 1695 880 1721 est
910 1689 1001 1722 Curii
1025 1690 1103 1721 For-

147 1757 305 1789 tunatiani
326 1757 376 1800 (p.
391 1757 437 1788 4¹
463 1755 578 1799 Pith.):
604 1767 718 1797 »quum
742 1754 984 1795 cognoverimus
1007 1759 1104 1785 mate-

148 1821 225 1852 riem
256 1820 446 1860 consisecrc,
479 1819 555 1863 quid
583 1819 683 1862 primo
717 1818 928 1861 quaeramus?
965 1817 1104 1850 ductum.

149 1885 239 1927 Quid
263 1889 311 1915 est
332 1884 468 1915 ductus?
495 1883 655 1926 quomodo
684 1887 748 1913 tota
775 1893 869 1913 causa
894 1881 1015 1923 agenda
1038 1881 1095 1913 sit«

149 1953 182 1979 et
208 1947 252 1979 sie
272 1959 383 1991 porro,
410 1947 521 1978 iisdem
547 1946 662 1990 quibus
696 1946 779 1989 apud
807 1950 952 1977 nostrum
981 1944 1102 1987 generi-

149 2012 209 2042 hus
237 2010 419 2054 propositis.
464 2011 542 2041 Mox
575 2010 799 2052 adspiciendns
834 2009 907 2040 dedi
945 2020 961 2040 e
995 2008 1104 2040 codice

149 2073 397 2106 Darmstattensi
414 2085 471 2116 pro
494 2074 730 2116 inspicimnlus,
749 2073 835 2116 quod
852 2073 884 2103 iu
909 2071 1003 2103 editis
1028 2077 1103 2104 erat.

223 2136 321 2180 fundi
337 2133 511 2178 cuniculos]
539 2135 625 2175 Lege
642 2134 917 2177 fandi.Gn0T.—
945 2134 983 2166 In
1011 2134 1105 2165 editis

150 2199 317 2240 legebatur
329 2197 489 2240 faciendi,-
516 2196 642 2227 codices
662 2207 736 2227 vero
759 2195 946 2235 Grotianus,
969 2195 1104 2227 Reiche-

150 2260 318 2298 nammis,
341 2257 623 2295 Darmstauonsis,
651 2262 682 2287 et
706 2257 908 2289 Monacensis
932 2257 987 2300 (C)
1008 2257 1108 2300 fundi

150 2323 279 2361 liabent,
296 2320 383 2365 quod
397 2319 513 2363 recepi,
532 2318 606 2361 quia
624 2319 823 2360 conjecturae
839 2319 1011 2351 Grotianac
1034 2330 1106 2363 pro-

151 2384 224 2429 pius
250 2388 315 2423 cst,
344 2394 439 2426 quam
470 2380 562 2412 unice
590 2392 694 2412 veram
720 2381 839 2419 habeo,
865 2381 940 2412 licet
963 2381 1107 2413 codicum

153 2447 339 2480 auctoritate
369 2445 539 2477 destitutus
560 2444 592 2476 in
623 2444 765 2476 ordinem
796 2444 936 2488 recipere
959 2457 1024 2478 non
1051 2457 1104 2477 au-

152 2509 252 2541 dcam.

222 2571 405 2617 abolitione]
433 2572 469 2605 Id
491 2576 539 2604 est
555 2571 621 2617 ‚sub
648 2569 829 2603 conditione
852 2569 1049 2616 impunitatis
1071 2575 1103 2603 et

1158 1440 1337 1471 oblixiouis.
1353 1439 1466 1471 Simile
1483 1444 1702 1481 argumentum
1720 1445 1752 1470 ct
1768 1438 1894 1472 Seneca
1909 1444 2022 1470 tractat
2034 1438 2114 1482 (exc.

1157 1506 1300 1533 controv·
1322 1503 1360 1541 5,
1388 1498 1439 1541 8)=
1460 1501 1629 1544 Tyrannus
1650 1500 1709 1531 sub
1732 1500 1906 1532 abolitione
1927 1499 2114 1531 dominatio·

1157 1576 1230 1596 nem
1260 1564 1426 1607 deposuit,
1464 1569 1499 1594 ut
1531 1564 1559 1594 si
1588 1563 1659 1606 quis
1696 1563 1868 1604 objecisset
1899 1563 2114 1606 tyrannidem,

1157 1627 1260 1670 capite
1274 1627 1451 1669 puniretur.
1472 1626 1559 1657 Petit
1575 1626 1809 1668 magistratum3
1837 1626 2026 1669 competitor
2039 1637 2113 1658 con-

1156 1689 1319 1730 tradicit«3
1346 1696 1378 1721 et
1401 1689 1640 1732 Quinetilianus
1665 1690 1810 1734 (declam.
1824 1690 1927 1733 287):
1953 1690 2040 1733 »Qui
2067 1695 2113 1733 ty-

1155 1753 1319 1785 rannidem
1353 1753 1545 1797 deposuerat
1580 1754 1639 1785 sub
1669 1759 1763 1798 pacto
1794 1754 1993 1794 abolitionis,
2021 1753 2115 1795 juxta

1156 1829 1261 1850 arcem
1292 1817 1372 1848 flens
1404 1817 1624 1861 deprehensus
1650 1823 1716 1858 est3
1751 1819 1913 1850 affectatae
1938 1817 2113 1861 tyrannidis

1156 1893 1230 1913 reus
1255 1886 1332 1912 est.«

1232 1940 1380 1987 infamis]
1408 1942 1496 1984 Lege
1528 1953 1626 1974 »uxor
1648 1942 1681 1974 in
1706 1954 1768 1986 qua
1793 1942 1919 1974 infamis
1944 1943 2031 1974 suit«
2065 1943 2113 1975 Ita

1156 2004 1241 2035 enim
1262 2004 1369 2035 Latini
1394 2004 1570 2047 loquuntur
1595 2016 1653 2048 pro
1677 2017 1768 2037 »cum
1790 2017 1854 2049 qua
1874 2017 1942 2037 rem
1962 2004 2112 2036 habuisse

1156 2067 1336 2106 dicebatur,
1368 2078 1470 2110 coque
1501 2067 1629 2099 nomine
1661 2067 1742 2098 male
1774 2067 1950 2098 audiebat.«
1999 2066 2055 2098 Sic
2081 2070 2112 2096 et

1156 2130 1421 2162 Fortunatianus:
1457 2129 1601 2161 »infamis
1638 2131 1765 2174 quidam
1801 2131 1861 2161 suit
1896 2130 1930 2161 in
1963 2140 2103 2160 nuruum

1159 2192 1263 2224 GnoT.
1282 2210 1330 2214 —
1366 2190 1507 2223 Omnino
1537 2191 1652 2223 Latina
1684 2191 1738 2221 illa
1770 2190 1865 2222 dictio
1899 2195 1956 2222 est.
1997 2189 2053 2222 Sic
2080 2196 2111 2221 ct

1159 2252 1397 2296 Quinctilianus
1422 2254 1479 2296 (9,
1508 2253 1548 2291 2,
1581 2254 1644 2291 793
1683 2264 1715 2294 p.
1731 2251 1804 2282 429
1830 2250 1970 2294 Spald.):
2004 2257 2112 2294 »pater

1157 2315 1305 2347 infamem
1328 2314 1360 2345 iu
1384 2319 1515 2345 matrem
1537 2313 1636 2344 filium
1664 2312 1807 2344 oceidit.«
1852 2312 1991 2345 Codices
2016 2313 2110 2344 etiam

1158 2378 1423 2410 Darmstattensis
1455 2383 1488 2409 et
1512 2376 1785 2408 Reichcnauensis
1818 2376 1937 2407 liabent
1967 2378 2001 2408 in
2029 2389 2111 2424 qna,

1155 2442 1239 2474 unde
1269 2441 1355 2485 quod
1389 2441 1421 2472 in
1455 2440 1548 2472 editis
1575 2445 1643 2471 crat
1667 2441 1780 2487 iniqua
1806 2440 1940 2472 correxi.
1971 2441 2110 2472 Prorsus

1156 2511 1261 2537 autem
1281 2505 1382 2536 simile
1400 2505 1504 2535 thema
1527 2509 1629 2535 exstat
1653 2504 1736 2547 apud
1761 2503 1918 2536 Senecam
1937 2504 2018 2548 (exc.
2036 2516 2108 2537 con-

1153 2573 1232 2601 trov.
1250 2569 1289 2608 8,
1314 2566 1366 2609 5):
1389 2566 1551 2598 »Duorum
1569 2565 1724 2607 juvenum
1748 2571 1839 2610 pater
1860 2566 1952 2597 alteri
1978 2577 2107 2597 uxorein
