2310 2860
684 191 884 234 Martiani
922 191 1122 249 Capellae
1161 191 1233 234 lib.
1257 190 1311 234 ΙΙ.
1350 193 1383 244 5.
1422 190 1516 234 125.

1992 193 2072 236 177

943 297 1093 341 Sidera
1122 307 1284 341 mentes
1293 330 1306 351 ,

827 379 991 434 Tuque
1024 378 1196 421 caducis

825 459 1172 517 Mortalibusque

820 540 953 583 Nube
983 548 1149 582 remota

827 620 1014 664 Cernere
1043 622 1142 677 Justi

922 703 1117 744 Numina
1151 701 1258 744 coeli
1270 717 1284 756 3

824 783 929 825 Jure
958 793 1155 825 senatum

824 866 990 908 Scande
1020 867 1226 908 Tonantis
1241 900 1254 918 ,

823 947 971 997 Quam
1001 947 1121 989 decet
1149 961 1280 989 unam

821 1029 1070 1072 Mercuriali

108 1185 216 1232 paullo
244 1191 317 1218 ante
346 1183 491 1219 similiter
518 1190 629 1218 noster
659 1184 700 1218 de
715 1183 898 1228 Philologia
925 1185 1064 1219 dixerat:

115 1259 216 1293 »quae
238 1247 373 1294 potuisti
396 1248 545 1292 dogmata
562 1247 674 1280 serre,-

183 1322 303 1369 sidera]
326 1323 466 1357 »Stellas
486 1323 600 1356 divinis
623 1324 775 1356 animatas
793 1325 952 1357 mentibus
969 1336 1057 1356 essen

111 1386 228 1420 Cicero
254 1386 321 1429 jam
347 1386 470 1417 dixerat
501 1386 658 1429 (Macrob.
683 1397 785 1418 somn.
810 1386 898 1429 Scip.
922 1388 961 1426 1,
995 1386 1064 1430 14)-

111 1447 221 1493 Atque
244 1459 340 1492 supra
367 1446 408 1491 (§.
426 1446 488 1490 94)
509 1452 620 1478 noster
641 1446 738 1479 »deos
758 1447 913 1490 adjecisse
938 1453 1064 1480 senten-

111 1509 175 1543 tIae
195 1509 300 1545 Jovis,
322 1515 357 1540 ut
377 1509 527 1552 deinceps
545 1507 708 1549 mortales,
738 1520 820 1554 quos
834 1509 916 1541 vitae
931 1509 1065 1552 insignis

111 1573 206 1605 elatio
220 1578 252 1604 et
264 1572 434 1604 maximum
450 1572 577 1604 eulmen
593 1572 777 1604 meritorum
791 1573 1018 1616 ingeniumque
1032 1573 1066 1605 in

111 1637 286 1683 appetitum
311 1635 463 1669 coelitum
486 1635 751 1680 propositumque
773 1637 917 1668 sidereae
944 1636 1066 1680 cupidi·

110 1699 184 1732 tatis
207 1698 387 1740 extulisset,
412 1697 447 1730 in
464 1697 598 1729 deorum
621 1710 787 1730 numerum
813 1703 1057 1742 cooptarenturu

111 1762 205 1806 (eonl'.
231 1761 289 1794 Sil.
306 1762 341 1802 5,
368 1761 428 1793 44.
454 1761 518 1801 10,
543 1761 626 1792 578.
653 1761 719 1802 15,
747 1760 843 1805 558).
870 1759 1066 1792 Aristoteles

111 1825 166 1870 (ad
185 1824 361 1858 Alexandr.
383 1823 422 1857 de
447 1824 566 1856 mundo
591 1824 627 1868 2)
648 1824 810 1869 expressis
833 1824 938 1856 verbis
960 1824 1067 1856 divina

112 1899 247 1932 corpora
272 1887 377 1931 inquit
403 1891 493 1919 astra
517 1886 682 1931 appellari.
723 1885 769 1919 Et
794 1886 995 1930 Pythagoras
1020 1885 1067 1929 (in

114 1961 179 1981 aur.
206 1960 299 1980 carm.
320 1948 395 1993 70):

155 2020 227 2060 ”Hv
254 2023 286 2059 δ’
313 2019 538 2063 ἀπαλείψας
563 2019 673 2066 σῶμα
700 2020 743 2063 ἐς
765 2019 892 2070 αἰθέρ’
915 2018 1066 2059 ἐλεύθε-

511 2096 581 2130 ρον
600 2081 724 2131 ἔλθῃς
729 2110 743 2130 ,

158 2160 306 2197 Ἕσόεαι
326 2155 528 2199 ἀθάνατος
547 2156 657 2203 θεὸς,
684 2156 896 2206 ἄμβροτος,
925 2155 996 2195 οὐκ
1012 2159 1069 2196 ἔτι

513 2219 674 2269 θνητός.

115 2288 265 2323 nannius
292 2288 428 2333 (astron.
451 2288 492 2328 4,
520 2289 604 2320 887.
632 2287 734 2331 888)=

171 2366 245 2401 »An
267 2366 398 2400 dubium
418 2371 466 2398 est
487 2365 632 2398 habitare
655 2363 751 2396 deum
769 2364 830 2397 sub
853 2369 980 2409 pectore
1008 2375 1066 2398 no·

511 2432 579 2460 sero
588 2450 601 2467 ‚

166 2489 208 2522 Ῑη
229 2489 411 2538 coelumque
425 2489 531 2522 redire
549 2493 676 2522 animas
699 2489 848 2538 coeloque
867 2489 1019 2523 venire?-

193 2562 309 2612 tuque]
341 2564 408 2597 Pro
434 2576 588 2613 quaeque.
627 2564 779 2599 Elocutio
806 2566 918 2600 similis
941 2567 989 2600 illi
1015 2571 1065 2600 est

120 2627 204 2673 apud
230 2626 416 2660 Terentium
441 2624 595 2671 (Adelph.
614 2627 657 2669 5,
677 2627 719 2669 2,
746 2629 799 2671 8)=

1175 1185 1301 1230 »Quem
1330 1197 1434 1233 neque
1469 1185 1549 1228 fides
1576 1197 1680 1234 neque
1710 1187 1944 1232 jusjurandum
1969 1200 2072 1236 neque

1527 1249 1617 1283 illum
1644 1252 1862 1284 misericordia

1164 1312 1357 1356 Repressit.-

1115 1374 1256 1419 Propius
1278 1374 1372 1407 etiam
1397 1375 1521 1409 aceedit
1546 1375 1627 1409 illud
1648 1376 1754 1411 Persii
1776 1378 1848 1422 (sat,
1871 1379 1903 1411 1.
1927 1379 2004 1422 74)=

1172 1451 1184 1465 ι
1201 1436 1309 1480 Quem
1333 1439 1459 1482 trepida
1491 1444 1568 1472 ante
1611 1440 1705 1474 boues
1740 1440 1928 1474 dictatorem
1968 1441 2071 1472 induit

1512 1514 1616 1543 uxor,

1165 1560 1210 1593 Et
1233 1565 1288 1592 tua
1312 1567 1425 1595 aratra
1450 1563 1579 1596 domum
1604 1564 1697 1596 lictor
1720 1565 1826 1599 tulit.-

1190 1624 1275 1654 nube
1296 1623 1439 1670 remota]
1465 1625 1587 1658 Marius
1610 1625 1726 1660 Victor
1748 1627 1794 1671 (in
1814 1627 1928 1661 Barth.
1949 1627 2070 1660 advers.

1115 1698 1147 1730 p.
1168 1685 1295 1730 1507):

1169 1749 1296 1796 »Atque
1311 1748 1382 1782 ideo
1398 1754 1554 1796 anqustos
1581 1750 1704 1783 homini
1719 1749 1774 1794 fas
1796 1762 1926 1794 ear-pere
1945 1751 2073 1796 fructus

1166 1811 1282 1844 Noluit
1301 1823 1369 1845 esse
1393 1812 1492 1853 deus,
1516 1825 1559 1846 ne
1581 1815 1699 1846 mentis
1722 1813 1808 1846 nube
1835 1819 1957 1846 remota

1166 1875 1350 1909 Immittant
1376 1878 1412 1909 ίη
1432 1877 1555 1910 coelum
1579 1877 1716 1911 oculosa«
1738 1895 1786 1902 —-

1184 1936 1290 1985 justi]
1325 1938 1413 1972 Cave
1444 1940 1527 1973 lianc
1559 1951 1673 1973 vocem
1703 1951 1777 1972 eum
1806 1945 1962 1984 sequente
1998 1940 2078 1974 coeli

1115 2000 1313 2043 conjungam,
1346 2001 1479 2034 verbum
1508 2002 1634 2047 potius,
1670 2002 1759 2047 quod
1789 2002 2006 2045 desideratur,
2041 2005 2076 2037 in

1116 2074 1196 2095 voce
1220 2064 1305 2107 justi
1334 2063 1435 2105 inest,
1469 2063 1503 2097 id
1535 2064 1623 2109 quod
1649 2064 1783 2097 Grotius
1812 2065 1880 2107 jam
1905 2064 2075 2098 intellexit.

1118 2124 1275 2158 Similiter
1295 2125 1453 2158 Martialis
1470 2127 1518 2171 (5,
1545 2128 1603 2169 16,
1628 2128 1674 2160 15
1692 2133 1725 2159 et
1741 2129 1780 2169 5,
1801 2128 1861 2169 79,
1888 2127 1925 2172 1)
1947 2129 2068 2161 „dixti-

1118 2194 1152 2221 et
1181 2192 1362 2222 »sum-exli«
1399 2202 1459 2235 pro
1492 2192 1609 2223 dixisti
1636 2197 1669 2223 et
1699 2193 1876 2225 surrexisti
1909 2193 2074 2237 usurpavit

1117 2262 1177 2296 per
1204 2262 1384 2296 syncopen,
1407 2264 1471 2296 qua
1495 2253 1667 2285 Terentius
1702 2265 1768 2286 non
1795 2253 1896 2287 semel
1920 2253 2072 2299 (Adelph.

1119 2314 1160 2354 5,
1182 2312 1224 2354 9,
1249 2314 1281 2344 1.
1300 2312 1386 2345 Eun.
1408 2314 1450 2354 5,
1477 2315 1516 2355 1,
1542 2313 1602 2358 15)
1625 2314 1734 2347 utitur.
1758 2315 1873 2360 Neque
1897 2321 1930 2348 te
1946 2321 2073 2348 moveat

1118 2386 1191 2408 cum
1215 2373 1313 2407 dandi
1342 2386 1419 2407 casu
1443 2375 1575 2408 verbum
1595 2377 1710 2421 jubere
1736 2378 1896 2419 construi,
1926 2387 2069 2422 pracser-

1115 2436 1173 2470 tim
1190 2436 1276 2482 apud
1295 2435 1389 2469 istius
1408 2436 1479 2470 aevi
1496 2437 1668 2483 scriptores
1685 2438 1781 2482 (conf.
1795 2439 1913 2483 Hygia.
1933 2438 1994 2470 fab.
2008 2440 2069 2470 55.

1115 2501 1228 2535 Barth.
1250 2500 1372 2533 advers.
1402 2514 1433 2547 p.
1457 2502 1585 2547 1659),
1618 2514 1716 2546 quum
1742 2514 1835 2545 aegre
1862 2513 1895 2533 se
1916 2502 2069 2535 torserint

1114 2563 1176 2597 viri
1194 2562 1291 2604 docti,
1311 2568 1347 2595 ut
1363 2574 1382 2596 a
1403 2563 1561 2597 Cicerone
1581 2563 1662 2607 (Aa.
1681 2565 1715 2604 9,
1735 2565 1789 2597 15.
1803 2576 1833 2609 p.
1848 2563 1919 2597 725
1936 2563 2067 2607 Graev.)

1116 2629 1198 2661 hane
1217 2627 1488 2662 constructionem
1514 2633 1723 2661 removerent.

1622 2690 1669 2722 25
