<?xml version="1.0" encoding="UTF-8"?>
<!DOCTYPE html PUBLIC "-//W3C//DTD XHTML 1.0 Transitional//EN"
    "http://www.w3.org/TR/xhtml1/DTD/xhtml1-transitional.dtd">
<html xmlns="http://www.w3.org/1999/xhtml" xml:lang="en" lang="en">
 <head>
  <title>
</title>
<meta http-equiv="Content-Type" content="text/html;charset=utf-8" />
  <meta name='ocr-system' content='tesseract 3.04.00' />
  <meta name='ocr-capabilities' content='ocr_page ocr_carea ocr_par ocr_line ocrx_word'/>
</head>
<body>
  <div class='ocr_page' id='page_1' title='image "./denuptiisphilolo00martuoft_0713.png"; bbox 0 0 2310 2860; ppageno 0'>
   <div class='ocr_carea' id='block_1_1' title="bbox 642 98 2069 154">
    <p class='ocr_par' dir='ltr' id='par_1_1' title="bbox 642 98 2069 154">
     <span class='ocr_line' id='line_1_1' title="bbox 642 98 2069 154; baseline 0.006 -16"><span class='ocrx_word' id='word_1_1' title='bbox 642 98 841 139; x_wconf 87' lang='lat' dir='ltr'><strong>Martiani</strong></span> <span class='ocrx_word' id='word_1_2' title='bbox 873 99 1073 154; x_wconf 80' lang='lat' dir='ltr'>Capellae</span> <span class='ocrx_word' id='word_1_3' title='bbox 1103 100 1175 141; x_wconf 89' lang='lat' dir='ltr'><strong>lib.</strong></span> <span class='ocrx_word' id='word_1_4' title='bbox 1205 101 1323 143; x_wconf 89' lang='lat' dir='ltr'><strong>VIII.</strong></span> <span class='ocrx_word' id='word_1_5' title='bbox 1355 104 1384 152; x_wconf 55' lang='grc' dir='ltr'><strong>ᾗ.</strong></span> <span class='ocrx_word' id='word_1_6' title='bbox 1415 102 1514 142; x_wconf 80' lang='grc'>866.</span> <span class='ocrx_word' id='word_1_7' title='bbox 1983 105 2069 147; x_wconf 68' lang='lat'><strong>675</strong></span> 
     </span>
    </p>
   </div>
   <div class='ocr_carea' id='block_1_2' title="bbox 104 203 2063 343">
    <p class='ocr_par' dir='ltr' id='par_1_2' title="bbox 104 203 2063 343">
     <span class='ocr_line' id='line_1_2' title="bbox 104 203 2063 263; baseline 0.003 -20"><span class='ocrx_word' id='word_1_8' title='bbox 104 203 411 259; x_wconf 81' lang='lat' dir='ltr'><strong>quinquaginta</strong></span> <span class='ocrx_word' id='word_1_9' title='bbox 456 214 643 258; x_wconf 84' lang='lat' dir='ltr'><strong>quatuor</strong></span> <span class='ocrx_word' id='word_1_10' title='bbox 684 205 856 257; x_wconf 78' lang='lat' dir='ltr'><strong>diebus3</strong></span> <span class='ocrx_word' id='word_1_11' title='bbox 911 221 1009 247; x_wconf 89' lang='lat' dir='ltr'><strong>nam</strong></span> <span class='ocrx_word' id='word_1_12' title='bbox 1052 206 1279 247; x_wconf 85' lang='lat' dir='ltr'>duodecim</span> <span class='ocrx_word' id='word_1_13' title='bbox 1319 207 1409 260; x_wconf 83' lang='lat' dir='ltr'><strong>ejus</strong></span> <span class='ocrx_word' id='word_1_14' title='bbox 1450 208 1582 248; x_wconf 87' lang='lat' dir='ltr'><strong>coitus</strong></span> <span class='ocrx_word' id='word_1_15' title='bbox 1620 207 1702 248; x_wconf 88' lang='lat' dir='ltr'><strong>hoe</strong></span> <span class='ocrx_word' id='word_1_16' title='bbox 1743 221 1927 248; x_wconf 89' lang='lat' dir='ltr'><strong>numero</strong></span> <span class='ocrx_word' id='word_1_17' title='bbox 1966 224 2063 263; x_wconf 81' lang='lat' dir='ltr'><strong>per-</strong></span> 
     </span>
     <span class='ocr_line' id='line_1_3' title="bbox 106 284 2061 343; baseline 0.003 -19"><span class='ocrx_word' id='word_1_18' title='bbox 106 294 314 338; x_wconf 83' lang='lat' dir='ltr'><strong>aguntur3</strong></span> <span class='ocrx_word' id='word_1_19' title='bbox 357 285 503 339; x_wconf 82' lang='lat' dir='ltr'><strong>sicque</strong></span> <span class='ocrx_word' id='word_1_20' title='bbox 541 284 607 335; x_wconf 83' lang='lat' dir='ltr'><strong>fit,</strong></span> <span class='ocrx_word' id='word_1_21' title='bbox 657 294 703 325; x_wconf 89' lang='lat' dir='ltr'><strong>ut</strong></span> <span class='ocrx_word' id='word_1_22' title='bbox 734 300 869 326; x_wconf 88' lang='lat' dir='ltr'><strong>annus</strong></span> <span class='ocrx_word' id='word_1_23' title='bbox 899 286 1046 327; x_wconf 85' lang='lat' dir='ltr'><strong>solaris</strong></span> <span class='ocrx_word' id='word_1_24' title='bbox 1077 287 1228 328; x_wconf 85' lang='lat' dir='ltr'><strong>diebus</strong></span> <span class='ocrx_word' id='word_1_25' title='bbox 1259 287 1458 328; x_wconf 85' lang='lat' dir='ltr'>undecim</span> <span class='ocrx_word' id='word_1_26' title='bbox 1490 288 1628 342; x_wconf 85' lang='lat' dir='ltr'><strong>major</strong></span> <span class='ocrx_word' id='word_1_27' title='bbox 1659 287 1891 340; x_wconf 79' lang='lat' dir='ltr'>habeatur,</span> <span class='ocrx_word' id='word_1_28' title='bbox 1943 290 2061 343; x_wconf 89' lang='lat' dir='ltr'><strong>quod</strong></span> 
     </span>
    </p>
   </div>
   <div class='ocr_carea' id='block_1_3' title="bbox 104 365 1162 421">
    <p class='ocr_par' dir='ltr' id='par_1_3' title="bbox 104 365 1162 421">
     <span class='ocr_line' id='line_1_4' title="bbox 104 365 1162 421; baseline 0.003 -17"><span class='ocrx_word' id='word_1_29' title='bbox 104 365 470 406; x_wconf 79' lang='lat' dir='ltr'>intercalationum</span> <span class='ocrx_word' id='word_1_30' title='bbox 502 365 816 407; x_wconf 81' lang='lat' dir='ltr'><strong>diversitatibus</strong></span> <span class='ocrx_word' id='word_1_31' title='bbox 852 375 1162 421; x_wconf 84' lang='lat' dir='ltr'><strong>compensatur.</strong></span> 
     </span>
    </p>
   </div>
   <div class='ocr_carea' id='block_1_4' title="bbox 357 582 1802 629">
    <p class='ocr_par' dir='ltr' id='par_1_4' title="bbox 357 582 1802 629">
     <span class='ocr_line' id='line_1_5' title="bbox 357 582 1802 629; baseline 0.005 -7"><span class='ocrx_word' id='word_1_32' title='bbox 357 582 435 622; x_wconf 93' lang='lat' dir='ltr'><strong>DE</strong></span> <span class='ocrx_word' id='word_1_33' title='bbox 468 582 784 623; x_wconf 88' lang='lat' dir='ltr'><strong>DUODECIM</strong></span> <span class='ocrx_word' id='word_1_34' title='bbox 820 583 1104 624; x_wconf 86' lang='lat' dir='ltr'><strong>PARTIBUS</strong></span> <span class='ocrx_word' id='word_1_35' title='bbox 1136 585 1521 628; x_wconf 87' lang='lat' dir='ltr'><strong>LATITUDINIS</strong></span> <span class='ocrx_word' id='word_1_36' title='bbox 1552 588 1802 629; x_wconf 88' lang='lat' dir='ltr'><strong>ZODIACI.</strong></span> 
     </span>
    </p>
   </div>
   <div class='ocr_carea' id='block_1_5' title="bbox 97 711 2173 1733">
    <p class='ocr_par' dir='ltr' id='par_1_5' title="bbox 97 711 2173 1733">
     <span class='ocr_line' id='line_1_6' title="bbox 272 711 2173 768; baseline 0.007 -18"><span class='ocrx_word' id='word_1_37' title='bbox 272 712 337 751; x_wconf 89' lang='lat' dir='ltr'><strong>De</strong></span> <span class='ocrx_word' id='word_1_38' title='bbox 369 711 596 751; x_wconf 85' lang='lat' dir='ltr'><strong>latitudinis</strong></span> <span class='ocrx_word' id='word_1_39' title='bbox 629 712 838 766; x_wconf 86' lang='lat' dir='ltr'><strong>partibus,</strong></span> <span class='ocrx_word' id='word_1_40' title='bbox 890 728 965 767; x_wconf 86' lang='lat' dir='ltr'><strong>per</strong></span> <span class='ocrx_word' id='word_1_41' title='bbox 1005 728 1112 768; x_wconf 87' lang='lat' dir='ltr'><strong>quas</strong></span> <span class='ocrx_word' id='word_1_42' title='bbox 1143 715 1269 755; x_wconf 89' lang='lat' dir='ltr'><strong>Luna</strong></span> <span class='ocrx_word' id='word_1_43' title='bbox 1301 727 1532 768; x_wconf 77' lang='lat' dir='ltr'><strong>commeat,</strong></span> <span class='ocrx_word' id='word_1_44' title='bbox 1581 719 1811 760; x_wconf 80' lang='lat' dir='ltr'><strong>edicamus.</strong></span> <span class='ocrx_word' id='word_1_45' title='bbox 1870 721 1980 761; x_wconf 88' lang='lat' dir='ltr'><strong>Nam</strong></span> <span class='ocrx_word' id='word_1_46' title='bbox 2012 723 2054 762; x_wconf 90' lang='lat' dir='ltr'><strong>in</strong></span> <span class='ocrx_word' id='word_1_47' title='bbox 2088 718 2173 762; x_wconf 82' lang='grc'><strong>867</strong></span> 
     </span>
     <span class='ocr_line' id='line_1_7' title="bbox 100 789 2054 854; baseline 0.007 -25"><span class='ocrx_word' id='word_1_48' title='bbox 100 789 271 830; x_wconf 76' lang='lat' dir='ltr'><strong>zodiaco</strong></span> <span class='ocrx_word' id='word_1_49' title='bbox 311 790 537 830; x_wconf 85' lang='lat' dir='ltr'><strong>duodecim</strong></span> <span class='ocrx_word' id='word_1_50' title='bbox 578 805 667 830; x_wconf 89' lang='lat' dir='ltr'><strong>esse</strong></span> <span class='ocrx_word' id='word_1_51' title='bbox 703 790 932 831; x_wconf 84' lang='lat' dir='ltr'><strong>latitudinis</strong></span> <span class='ocrx_word' id='word_1_52' title='bbox 974 802 1110 846; x_wconf 89' lang='lat' dir='ltr'><strong>partes</strong></span> <span class='ocrx_word' id='word_1_53' title='bbox 1142 796 1338 850; x_wconf 84' lang='lat' dir='ltr'><strong>superius</strong></span> <span class='ocrx_word' id='word_1_54' title='bbox 1370 797 1585 849; x_wconf 80' lang='lat' dir='ltr'><strong>intimavi,</strong></span> <span class='ocrx_word' id='word_1_55' title='bbox 1638 815 1713 854; x_wconf 78' lang='lat' dir='ltr'><strong>per</strong></span> <span class='ocrx_word' id='word_1_56' title='bbox 1744 814 1848 854; x_wconf 89' lang='lat' dir='ltr'><strong>quas</strong></span> <span class='ocrx_word' id='word_1_57' title='bbox 1878 800 2054 842; x_wconf 85' lang='lat' dir='ltr'><strong>diversis</strong></span> 
     </span>
     <span class='ocr_line' id='line_1_8' title="bbox 99 869 2054 936; baseline 0.006 -26"><span class='ocrx_word' id='word_1_58' title='bbox 99 869 234 910; x_wconf 88' lang='lat' dir='ltr'><strong>modis</strong></span> <span class='ocrx_word' id='word_1_59' title='bbox 270 872 407 913; x_wconf 84' lang='lat' dir='ltr'><strong>sidera</strong></span> <span class='ocrx_word' id='word_1_60' title='bbox 451 872 698 928; x_wconf 85' lang='lat' dir='ltr'><strong>spatiantur.</strong></span> <span class='ocrx_word' id='word_1_61' title='bbox 767 873 879 913; x_wconf 89' lang='lat' dir='ltr'><strong>Nam</strong></span> <span class='ocrx_word' id='word_1_62' title='bbox 922 874 1001 914; x_wconf 88' lang='lat' dir='ltr'><strong>alia</strong></span> <span class='ocrx_word' id='word_1_63' title='bbox 1042 889 1117 929; x_wconf 88' lang='lat' dir='ltr'><strong>per</strong></span> <span class='ocrx_word' id='word_1_64' title='bbox 1160 884 1241 915; x_wconf 86' lang='lat' dir='ltr'><strong>tres</strong></span> <span class='ocrx_word' id='word_1_65' title='bbox 1283 886 1443 931; x_wconf 87' lang='lat' dir='ltr'><strong>partes,</strong></span> <span class='ocrx_word' id='word_1_66' title='bbox 1487 879 1567 920; x_wconf 83' lang='lat' dir='ltr'><strong>alia</strong></span> <span class='ocrx_word' id='word_1_67' title='bbox 1609 895 1685 935; x_wconf 84' lang='lat' dir='ltr'><strong>per</strong></span> <span class='ocrx_word' id='word_1_68' title='bbox 1724 890 1930 936; x_wconf 87' lang='lat' dir='ltr'><strong>quatuor,</strong></span> <span class='ocrx_word' id='word_1_69' title='bbox 1975 881 2054 921; x_wconf 82' lang='lat' dir='ltr'><strong>alia</strong></span> 
     </span>
     <span class='ocr_line' id='line_1_9' title="bbox 99 952 2053 1007; baseline 0.005 -16"><span class='ocrx_word' id='word_1_70' title='bbox 99 966 176 1006; x_wconf 88' lang='lat' dir='ltr'><strong>per</strong></span> <span class='ocrx_word' id='word_1_71' title='bbox 216 953 431 1007; x_wconf 85' lang='lat' dir='ltr'><strong>quinque,</strong></span> <span class='ocrx_word' id='word_1_72' title='bbox 482 953 561 993; x_wconf 87' lang='lat' dir='ltr'><strong>alia</strong></span> <span class='ocrx_word' id='word_1_73' title='bbox 602 968 676 1007; x_wconf 85' lang='lat' dir='ltr'><strong>per</strong></span> <span class='ocrx_word' id='word_1_74' title='bbox 716 962 831 1003; x_wconf 82' lang='lat' dir='ltr'><strong>oete,</strong></span> <span class='ocrx_word' id='word_1_75' title='bbox 878 952 1090 1007; x_wconf 82' lang='lat' dir='ltr'><strong>quaedam</strong></span> <span class='ocrx_word' id='word_1_76' title='bbox 1134 968 1208 1007; x_wconf 89' lang='lat' dir='ltr'><strong>per</strong></span> <span class='ocrx_word' id='word_1_77' title='bbox 1252 969 1398 996; x_wconf 89' lang='lat' dir='ltr'><strong>omnes</strong></span> <span class='ocrx_word' id='word_1_78' title='bbox 1436 957 1663 999; x_wconf 84' lang='lat' dir='ltr'><strong>duodecim</strong></span> <span class='ocrx_word' id='word_1_79' title='bbox 1709 960 1920 1004; x_wconf 85' lang='lat' dir='ltr'><strong>feruntur.</strong></span> <span class='ocrx_word' id='word_1_80' title='bbox 1980 961 2053 1001; x_wconf 89' lang='lat' dir='ltr'><strong>Sol</strong></span> 
     </span>
     <span class='ocr_line' id='line_1_10' title="bbox 98 1034 2055 1097; baseline 0.004 -23"><span class='ocrx_word' id='word_1_81' title='bbox 98 1035 211 1075; x_wconf 88' lang='lat' dir='ltr'><strong>enim</strong></span> <span class='ocrx_word' id='word_1_82' title='bbox 262 1035 303 1074; x_wconf 89' lang='lat' dir='ltr'><strong>in</strong></span> <span class='ocrx_word' id='word_1_83' title='bbox 351 1035 514 1075; x_wconf 88' lang='lat' dir='ltr'><strong>nullam</strong></span> <span class='ocrx_word' id='word_1_84' title='bbox 557 1034 763 1074; x_wconf 80' lang='lat' dir='ltr'><strong>excedens</strong></span> <span class='ocrx_word' id='word_1_85' title='bbox 802 1043 966 1088; x_wconf 86' lang='lat' dir='ltr'><strong>partem</strong></span> <span class='ocrx_word' id='word_1_86' title='bbox 1013 1034 1053 1073; x_wconf 88' lang='lat' dir='ltr'><strong>in</strong></span> <span class='ocrx_word' id='word_1_87' title='bbox 1096 1034 1236 1074; x_wconf 85' lang='lat' dir='ltr'><strong>medio</strong></span> <span class='ocrx_word' id='word_1_88' title='bbox 1277 1036 1530 1079; x_wconf 77' lang='lat' dir='ltr'><strong>libramento</strong></span> <span class='ocrx_word' id='word_1_89' title='bbox 1580 1040 1714 1081; x_wconf 84' lang='lat' dir='ltr'><strong>fertur</strong></span> <span class='ocrx_word' id='word_1_90' title='bbox 1760 1042 1921 1096; x_wconf 87' lang='lat' dir='ltr'><strong>absque</strong></span> <span class='ocrx_word' id='word_1_91' title='bbox 1964 1042 2055 1097; x_wconf 90' lang='lat' dir='ltr'><strong>ipso</strong></span> 
     </span>
     <span class='ocr_line' id='line_1_11' title="bbox 98 1115 2053 1169; baseline 0.003 -13"><span class='ocrx_word' id='word_1_92' title='bbox 98 1116 254 1157; x_wconf 82' lang='lat' dir='ltr'><strong>Librae</strong></span> <span class='ocrx_word' id='word_1_93' title='bbox 293 1116 493 1167; x_wconf 77' lang='lat' dir='ltr'><strong>eoniini03</strong></span> <span class='ocrx_word' id='word_1_94' title='bbox 540 1130 638 1155; x_wconf 86' lang='lat' dir='ltr'><strong>nam</strong></span> <span class='ocrx_word' id='word_1_95' title='bbox 678 1116 735 1154; x_wconf 88' lang='lat' dir='ltr'><strong>ibi</strong></span> <span class='ocrx_word' id='word_1_96' title='bbox 774 1130 817 1154; x_wconf 87' lang='lat' dir='ltr'><strong>se</strong></span> <span class='ocrx_word' id='word_1_97' title='bbox 854 1115 895 1154; x_wconf 90' lang='lat' dir='ltr'><strong>in</strong></span> <span class='ocrx_word' id='word_1_98' title='bbox 937 1124 1130 1154; x_wconf 78' lang='lat' dir='ltr'><strong>austrum</strong></span> <span class='ocrx_word' id='word_1_99' title='bbox 1172 1117 1475 1169; x_wconf 82' lang='lat' dir='ltr'><strong>aquilonomve</strong></span> <span class='ocrx_word' id='word_1_100' title='bbox 1501 1119 1698 1160; x_wconf 76' lang='lat' dir='ltr'><strong>‘deflectit</strong></span> <span class='ocrx_word' id='word_1_101' title='bbox 1732 1120 1784 1161; x_wconf 89' lang='lat' dir='ltr'><strong>ad</strong></span> <span class='ocrx_word' id='word_1_102' title='bbox 1825 1121 2053 1162; x_wconf 89' lang='lat' dir='ltr'><strong>dimidium</strong></span> 
     </span>
     <span class='ocr_line' id='line_1_12' title="bbox 97 1195 2054 1254; baseline 0.003 -18"><span class='ocrx_word' id='word_1_103' title='bbox 97 1196 185 1236; x_wconf 87' lang='lat' dir='ltr'><strong>sere</strong></span> <span class='ocrx_word' id='word_1_104' title='bbox 211 1206 502 1247; x_wconf 82' lang='lat' dir='ltr'><strong>momentum3</strong></span> <span class='ocrx_word' id='word_1_105' title='bbox 534 1197 658 1236; x_wconf 86' lang='lat' dir='ltr'><strong>Luna</strong></span> <span class='ocrx_word' id='word_1_106' title='bbox 690 1205 830 1236; x_wconf 87' lang='lat' dir='ltr'><strong>autem</strong></span> <span class='ocrx_word' id='word_1_107' title='bbox 859 1210 934 1250; x_wconf 79' lang='lat' dir='ltr'><strong>per</strong></span> <span class='ocrx_word' id='word_1_108' title='bbox 956 1211 1104 1236; x_wconf 90' lang='lat' dir='ltr'><strong>omnes</strong></span> <span class='ocrx_word' id='word_1_109' title='bbox 1134 1195 1360 1238; x_wconf 83' lang='lat' dir='ltr'><strong>duodecim</strong></span> <span class='ocrx_word' id='word_1_110' title='bbox 1393 1214 1568 1239; x_wconf 83' lang='lat' dir='ltr'><strong>currens</strong></span> <span class='ocrx_word' id='word_1_111' title='bbox 1598 1215 1712 1240; x_wconf 86' lang='lat' dir='ltr'><strong>nunc</strong></span> <span class='ocrx_word' id='word_1_112' title='bbox 1742 1201 1783 1240; x_wconf 91' lang='lat' dir='ltr'><strong>in</strong></span> <span class='ocrx_word' id='word_1_113' title='bbox 1806 1201 2054 1254; x_wconf 85' lang='lat' dir='ltr'><strong>aquilonem</strong></span> 
     </span>
     <span class='ocr_line' id='line_1_13' title="bbox 100 1275 2053 1335; baseline 0.004 -20"><span class='ocrx_word' id='word_1_114' title='bbox 100 1276 373 1330; x_wconf 76' lang='lat' dir='ltr'><strong>provehitur,</strong></span> <span class='ocrx_word' id='word_1_115' title='bbox 423 1290 537 1315; x_wconf 88' lang='lat' dir='ltr'><strong>nunc</strong></span> <span class='ocrx_word' id='word_1_116' title='bbox 582 1276 622 1314; x_wconf 91' lang='lat' dir='ltr'><strong>in</strong></span> <span class='ocrx_word' id='word_1_117' title='bbox 669 1285 860 1316; x_wconf 82' lang='lat' dir='ltr'><strong>austrum</strong></span> <span class='ocrx_word' id='word_1_118' title='bbox 903 1275 1132 1315; x_wconf 77' lang='lat' dir='ltr'><strong>deveniens</strong></span> <span class='ocrx_word' id='word_1_119' title='bbox 1172 1276 1412 1330; x_wconf 84' lang='lat' dir='ltr'><strong>infimatur,</strong></span> <span class='ocrx_word' id='word_1_120' title='bbox 1465 1281 1668 1335; x_wconf 87' lang='lat' dir='ltr'><strong>utrinque</strong></span> <span class='ocrx_word' id='word_1_121' title='bbox 1714 1284 1938 1322; x_wconf 86' lang='lat' dir='ltr'><strong>momentis</strong></span> <span class='ocrx_word' id='word_1_122' title='bbox 1977 1297 2053 1323; x_wconf 84' lang='lat' dir='ltr'><strong>ex-</strong></span> 
     </span>
     <span class='ocr_line' id='line_1_14' title="bbox 99 1355 2171 1416; baseline 0.002 -19"><span class='ocrx_word' id='word_1_123' title='bbox 99 1371 298 1407; x_wconf 83' lang='lat' dir='ltr'><strong>currens,</strong></span> <span class='ocrx_word' id='word_1_124' title='bbox 351 1356 458 1395; x_wconf 84' lang='lat' dir='ltr'><strong>sicut</strong></span> <span class='ocrx_word' id='word_1_125' title='bbox 487 1355 760 1409; x_wconf 82' lang='lat' dir='ltr'><strong>Hipparchus</strong></span> <span class='ocrx_word' id='word_1_126' title='bbox 801 1369 977 1408; x_wconf 88' lang='lat' dir='ltr'><strong>quoque</strong></span> <span class='ocrx_word' id='word_1_127' title='bbox 1017 1356 1230 1395; x_wconf 85' lang='lat' dir='ltr'><strong>consentit.</strong></span> <span class='ocrx_word' id='word_1_128' title='bbox 1292 1359 1492 1412; x_wconf 91' lang='lat' dir='ltr'><strong>Denique</strong></span> <span class='ocrx_word' id='word_1_129' title='bbox 1532 1360 1770 1415; x_wconf 83' lang='lat' dir='ltr'><strong>obliquitati</strong></span> <span class='ocrx_word' id='word_1_130' title='bbox 1803 1363 1892 1416; x_wconf 88' lang='lat' dir='ltr'><strong>ejus</strong></span> <span class='ocrx_word' id='word_1_131' title='bbox 1924 1379 2052 1405; x_wconf 82' lang='lat' dir='ltr'><strong>voca·</strong></span> <span class='ocrx_word' id='word_1_132' title='bbox 2083 1359 2171 1401; x_wconf 83' lang='grc'><strong>868</strong></span> 
     </span>
     <span class='ocr_line' id='line_1_15' title="bbox 98 1433 2049 1486; baseline 0.004 -10"><span class='ocrx_word' id='word_1_133' title='bbox 98 1436 252 1476; x_wconf 91' lang='lat' dir='ltr'><strong>bulum</strong></span> <span class='ocrx_word' id='word_1_134' title='bbox 301 1435 597 1484; x_wconf 88' lang='lat' dir='ltr'><strong>constitutum,</strong></span> <span class='ocrx_word' id='word_1_135' title='bbox 662 1443 708 1473; x_wconf 90' lang='lat' dir='ltr'><strong>ut</strong></span> <span class='ocrx_word' id='word_1_136' title='bbox 756 1433 843 1473; x_wconf 86' lang='lat' dir='ltr'><strong>sere</strong></span> <span class='ocrx_word' id='word_1_137' title='bbox 888 1436 1098 1484; x_wconf 69' lang='grc' dir='ltr'><em>ἑλικοειὸἠς</em></span> <span class='ocrx_word' id='word_1_138' title='bbox 1148 1434 1333 1486; x_wconf 88' lang='lat' dir='ltr'><strong>dicatur,</strong></span> <span class='ocrx_word' id='word_1_139' title='bbox 1392 1438 1447 1477; x_wconf 84' lang='lat' dir='ltr'><strong>ita</strong></span> <span class='ocrx_word' id='word_1_140' title='bbox 1502 1447 1643 1479; x_wconf 87' lang='lat' dir='ltr'><strong>tamen</strong></span> <span class='ocrx_word' id='word_1_141' title='bbox 1694 1450 1741 1480; x_wconf 88' lang='lat' dir='ltr'><strong>ut</strong></span> <span class='ocrx_word' id='word_1_142' title='bbox 1792 1441 2049 1483; x_wconf 89' lang='lat' dir='ltr'><strong>descendens</strong></span> 
     </span>
     <span class='ocr_line' id='line_1_16' title="bbox 100 1515 2050 1578; baseline 0.003 -20"><span class='ocrx_word' id='word_1_143' title='bbox 100 1518 444 1570; x_wconf 85' lang='lat' dir='ltr'><strong>adscendensque</strong></span> <span class='ocrx_word' id='word_1_144' title='bbox 490 1517 624 1570; x_wconf 88' lang='lat' dir='ltr'><strong>ipsam</strong></span> <span class='ocrx_word' id='word_1_145' title='bbox 664 1515 845 1555; x_wconf 86' lang='lat' dir='ltr'><strong>solarem</strong></span> <span class='ocrx_word' id='word_1_146' title='bbox 891 1515 1071 1566; x_wconf 86' lang='lat' dir='ltr'><strong>lineam,</strong></span> <span class='ocrx_word' id='word_1_147' title='bbox 1127 1530 1259 1570; x_wconf 88' lang='lat' dir='ltr'><strong>quam</strong></span> <span class='ocrx_word' id='word_1_148' title='bbox 1302 1516 1486 1556; x_wconf 87' lang='lat' dir='ltr'><strong>mediam</strong></span> <span class='ocrx_word' id='word_1_149' title='bbox 1526 1517 1635 1558; x_wconf 88' lang='lat' dir='ltr'><strong>inter</strong></span> <span class='ocrx_word' id='word_1_150' title='bbox 1664 1533 1786 1560; x_wconf 89' lang='lat' dir='ltr'><strong>senas</strong></span> <span class='ocrx_word' id='word_1_151' title='bbox 1825 1523 2050 1578; x_wconf 87' lang='lat' dir='ltr'><strong>utriusque</strong></span> 
     </span>
     <span class='ocr_line' id='line_1_17' title="bbox 99 1595 2050 1656; baseline 0.003 -18"><span class='ocrx_word' id='word_1_152' title='bbox 99 1598 236 1638; x_wconf 83' lang='lat' dir='ltr'><strong>lateris</strong></span> <span class='ocrx_word' id='word_1_153' title='bbox 270 1606 406 1652; x_wconf 85' lang='lat' dir='ltr'><strong>partes</strong></span> <span class='ocrx_word' id='word_1_154' title='bbox 438 1610 525 1635; x_wconf 84' lang='lat' dir='ltr'><strong>esse</strong></span> <span class='ocrx_word' id='word_1_155' title='bbox 559 1595 810 1646; x_wconf 85' lang='lat' dir='ltr'><strong>monstravi,</strong></span> <span class='ocrx_word' id='word_1_156' title='bbox 859 1604 931 1635; x_wconf 84' lang='lat' dir='ltr'><strong>aut</strong></span> <span class='ocrx_word' id='word_1_157' title='bbox 963 1596 1091 1636; x_wconf 84' lang='lat' dir='ltr'><strong>acutis</strong></span> <span class='ocrx_word' id='word_1_158' title='bbox 1123 1605 1196 1635; x_wconf 90' lang='lat' dir='ltr'><strong>aut</strong></span> <span class='ocrx_word' id='word_1_159' title='bbox 1226 1595 1413 1650; x_wconf 83' lang='lat' dir='ltr'><strong>spatiosis</strong></span> <span class='ocrx_word' id='word_1_160' title='bbox 1445 1596 1607 1650; x_wconf 81' lang='lat' dir='ltr'><strong>angulis</strong></span> <span class='ocrx_word' id='word_1_161' title='bbox 1637 1607 1766 1651; x_wconf 70' lang='lat' dir='ltr'><strong>secet,</strong></span> <span class='ocrx_word' id='word_1_162' title='bbox 1815 1615 1892 1640; x_wconf 86' lang='lat' dir='ltr'><strong>nec</strong></span> <span class='ocrx_word' id='word_1_163' title='bbox 1923 1603 2050 1656; x_wconf 90' lang='lat' dir='ltr'><strong>possit</strong></span> 
     </span>
     <span class='ocr_line' id='line_1_18' title="bbox 99 1676 2049 1733; baseline 0.002 -15"><span class='ocrx_word' id='word_1_164' title='bbox 99 1689 239 1719; x_wconf 88' lang='lat' dir='ltr'><strong>tamen</strong></span> <span class='ocrx_word' id='word_1_165' title='bbox 272 1677 323 1718; x_wconf 93' lang='lat' dir='ltr'><strong>ad</strong></span> <span class='ocrx_word' id='word_1_166' title='bbox 354 1677 489 1727; x_wconf 89' lang='lat' dir='ltr'><strong>idem,</strong></span> <span class='ocrx_word' id='word_1_167' title='bbox 540 1676 620 1716; x_wconf 88' lang='lat' dir='ltr'><strong>hoc</strong></span> <span class='ocrx_word' id='word_1_168' title='bbox 659 1685 718 1715; x_wconf 87' lang='lat' dir='ltr'><strong>est</strong></span> <span class='ocrx_word' id='word_1_169' title='bbox 747 1676 802 1716; x_wconf 90' lang='lat' dir='ltr'><strong>ita</strong></span> <span class='ocrx_word' id='word_1_170' title='bbox 834 1685 880 1716; x_wconf 90' lang='lat' dir='ltr'><strong>ut</strong></span> <span class='ocrx_word' id='word_1_171' title='bbox 911 1685 970 1716; x_wconf 86' lang='lat' dir='ltr'><strong>est</strong></span> <span class='ocrx_word' id='word_1_172' title='bbox 1014 1677 1168 1731; x_wconf 87' lang='lat' dir='ltr'><strong>posita,</strong></span> <span class='ocrx_word' id='word_1_173' title='bbox 1217 1676 1367 1717; x_wconf 86' lang='lat' dir='ltr'><strong>eodem</strong></span> <span class='ocrx_word' id='word_1_174' title='bbox 1396 1691 1539 1716; x_wconf 86' lang='lat' dir='ltr'><strong>mense</strong></span> <span class='ocrx_word' id='word_1_175' title='bbox 1579 1677 1726 1718; x_wconf 85' lang='lat' dir='ltr'><strong>eadem</strong></span> <span class='ocrx_word' id='word_1_176' title='bbox 1758 1689 1876 1733; x_wconf 87' lang='lat' dir='ltr'><strong>parte</strong></span> <span class='ocrx_word' id='word_1_177' title='bbox 1906 1682 1963 1721; x_wconf 89' lang='lat' dir='ltr'><strong>sic</strong></span> <span class='ocrx_word' id='word_1_178' title='bbox 1997 1681 2049 1722; x_wconf 89' lang='lat' dir='ltr'><strong>ad</strong></span> 
     </span>
    </p>
   </div>
   <div class='ocr_carea' id='block_1_6' title="bbox 98 1755 2048 1812">
    <p class='ocr_par' dir='ltr' id='par_1_6' title="bbox 98 1755 2048 1812">
     <span class='ocr_line' id='line_1_19' title="bbox 98 1755 2048 1812; baseline 0.002 -13"><span class='ocrx_word' id='word_1_179' title='bbox 98 1758 239 1799; x_wconf 88' lang='lat' dir='ltr'><strong>Solem</strong></span> <span class='ocrx_word' id='word_1_180' title='bbox 283 1756 439 1799; x_wconf 89' lang='lat' dir='ltr'><strong>reverti</strong></span> <span class='ocrx_word' id='word_1_181' title='bbox 477 1756 625 1796; x_wconf 86' lang='lat' dir='ltr'><strong>eadem</strong></span> <span class='ocrx_word' id='word_1_182' title='bbox 664 1755 894 1796; x_wconf 87' lang='lat' dir='ltr'><strong>latitudinis</strong></span> <span class='ocrx_word' id='word_1_183' title='bbox 936 1757 1148 1812; x_wconf 87' lang='lat' dir='ltr'><strong>portione,</strong></span> <span class='ocrx_word' id='word_1_184' title='bbox 1200 1757 1279 1798; x_wconf 91' lang='lat' dir='ltr'><strong>nisi</strong></span> <span class='ocrx_word' id='word_1_185' title='bbox 1322 1771 1467 1797; x_wconf 88' lang='lat' dir='ltr'><strong>mense</strong></span> <span class='ocrx_word' id='word_1_186' title='bbox 1508 1756 1798 1799; x_wconf 89' lang='lat' dir='ltr'><strong>ducentesimo</strong></span> <span class='ocrx_word' id='word_1_187' title='bbox 1838 1760 2048 1802; x_wconf 86' lang='lat' dir='ltr'><strong>tricesimo</strong></span> 
     </span>
    </p>
   </div>
   <div class='ocr_carea' id='block_1_7' title="bbox 100 1887 2053 2500">
    <p class='ocr_par' dir='ltr' id='par_1_7' title="bbox 100 1887 2053 2500">
     <span class='ocr_line' id='line_1_20' title="bbox 175 1887 2053 1937; baseline 0.003 -16"><span class='ocrx_word' id='word_1_188' title='bbox 175 1887 368 1933; x_wconf 71' lang='lat' dir='ltr'><strong>latitudiuis]</strong></span> <span class='ocrx_word' id='word_1_189' title='bbox 396 1888 480 1921; x_wconf 83' lang='lat' dir='ltr'><strong>Vide</strong></span> <span class='ocrx_word' id='word_1_190' title='bbox 504 1888 650 1931; x_wconf 82' lang='lat' dir='ltr'><strong>superius</strong></span> <span class='ocrx_word' id='word_1_191' title='bbox 672 1887 714 1932; x_wconf 64' lang='grc' dir='ltr'><strong>(ξ.</strong></span> <span class='ocrx_word' id='word_1_192' title='bbox 737 1889 836 1932; x_wconf 76' lang='grc'>854).</span> <span class='ocrx_word' id='word_1_193' title='bbox 1103 1889 1318 1933; x_wconf 77' lang='lat' dir='ltr'><strong>appellantur,</strong></span> <span class='ocrx_word' id='word_1_194' title='bbox 1343 1889 1394 1920; x_wconf 78' lang='lat' dir='ltr'><strong>vel</strong></span> <span class='ocrx_word' id='word_1_195' title='bbox 1412 1901 1475 1921; x_wconf 88' lang='lat' dir='ltr'><strong>nno</strong></span> <span class='ocrx_word' id='word_1_196' title='bbox 1502 1890 1658 1922; x_wconf 69' lang='lat' dir='ltr'><strong>vocabulo</strong></span> <span class='ocrx_word' id='word_1_197' title='bbox 1676 1893 1769 1932; x_wconf 81' lang='lat' dir='ltr'><strong>nodi,</strong></span> <span class='ocrx_word' id='word_1_198' title='bbox 1790 1893 1829 1925; x_wconf 91' lang='lat' dir='ltr'><strong>de</strong></span> <span class='ocrx_word' id='word_1_199' title='bbox 1852 1894 1968 1937; x_wconf 88' lang='lat' dir='ltr'><strong>quibus</strong></span> <span class='ocrx_word' id='word_1_200' title='bbox 1987 1896 2053 1937; x_wconf 81' lang='lat' dir='ltr'><strong>agit</strong></span> 
     </span>
     <span class='ocr_line' id='line_1_21' title="bbox 175 1935 1658 1999; baseline 0 -14"><span class='ocrx_word' id='word_1_201' title='bbox 175 1954 239 1985; x_wconf 81' lang='lat' dir='ltr'><strong>alia</strong></span> <span class='ocrx_word' id='word_1_202' title='bbox 260 1965 318 1996; x_wconf 83' lang='lat' dir='ltr'><strong>per</strong></span> <span class='ocrx_word' id='word_1_203' title='bbox 335 1935 489 1999; x_wconf 62' lang='lat' dir='ltr'><strong>isaiaque]</strong></span> <span class='ocrx_word' id='word_1_204' title='bbox 518 1952 544 1982; x_wconf 82' lang='lat' dir='ltr'>E</span> <span class='ocrx_word' id='word_1_205' title='bbox 562 1952 750 1984; x_wconf 78' lang='lat' dir='ltr'><strong>Monacensi</strong></span> <span class='ocrx_word' id='word_1_206' title='bbox 771 1952 827 1994; x_wconf 87' lang='lat' dir='ltr'><strong>(C)</strong></span> <span class='ocrx_word' id='word_1_207' title='bbox 844 1951 952 1982; x_wconf 81' lang='lat' dir='ltr'><strong>addidi</strong></span> <span class='ocrx_word' id='word_1_208' title='bbox 973 1953 1051 1983; x_wconf 82' lang='lat' dir='ltr'><strong>haee</strong></span> <span class='ocrx_word' id='word_1_209' title='bbox 1102 1953 1308 1984; x_wconf 85' lang='lat' dir='ltr'><strong>Ptolemaeus</strong></span> <span class='ocrx_word' id='word_1_210' title='bbox 1335 1951 1526 1995; x_wconf 78' lang='lat' dir='ltr'><strong>(Almagest.</strong></span> <span class='ocrx_word' id='word_1_211' title='bbox 1547 1955 1588 1993; x_wconf 79' lang='lat'><strong>4,</strong></span> <span class='ocrx_word' id='word_1_212' title='bbox 1613 1954 1658 1996; x_wconf 79' lang='grc'><strong>9).</strong></span> 
     </span>
     <span class='ocr_line' id='line_1_22' title="bbox 100 2013 2050 2060; baseline 0.003 -13"><span class='ocrx_word' id='word_1_213' title='bbox 100 2015 196 2047; x_wconf 77' lang='lat' dir='ltr'><strong>verba</strong></span> <span class='ocrx_word' id='word_1_214' title='bbox 218 2015 334 2046; x_wconf 82' lang='lat' dir='ltr'><strong>omissa</strong></span> <span class='ocrx_word' id='word_1_215' title='bbox 358 2014 390 2044; x_wconf 91' lang='lat' dir='ltr'><strong>in</strong></span> <span class='ocrx_word' id='word_1_216' title='bbox 415 2013 520 2046; x_wconf 78' lang='lat' dir='ltr'><strong>editis.</strong></span> <span class='ocrx_word' id='word_1_217' title='bbox 1177 2015 1397 2060; x_wconf 76' lang='lat' dir='ltr'><strong>constitutum]</strong></span> <span class='ocrx_word' id='word_1_218' title='bbox 1421 2016 1470 2047; x_wconf 81' lang='lat' dir='ltr'><strong>lta</strong></span> <span class='ocrx_word' id='word_1_219' title='bbox 1486 2029 1593 2058; x_wconf 80' lang='lat' dir='ltr'><strong>margo</strong></span> <span class='ocrx_word' id='word_1_220' title='bbox 1612 2017 1767 2050; x_wconf 81' lang='lat' dir='ltr'><strong>Grotiana</strong></span> <span class='ocrx_word' id='word_1_221' title='bbox 1782 2023 1815 2050; x_wconf 83' lang='lat' dir='ltr'><strong>et</strong></span> <span class='ocrx_word' id='word_1_222' title='bbox 1833 2020 1960 2052; x_wconf 82' lang='lat' dir='ltr'><strong>codices</strong></span> <span class='ocrx_word' id='word_1_223' title='bbox 1975 2021 2050 2053; x_wconf 83' lang='lat' dir='ltr'><strong>Rei-</strong></span> 
     </span>
     <span class='ocr_line' id='line_1_23' title="bbox 175 2074 2049 2125; baseline 0.003 -15"><span class='ocrx_word' id='word_1_224' title='bbox 175 2076 309 2125; x_wconf 79' lang='lat' dir='ltr'><strong>absque]</strong></span> <span class='ocrx_word' id='word_1_225' title='bbox 332 2077 368 2108; x_wconf 85' lang='lat' dir='ltr'><strong>ld</strong></span> <span class='ocrx_word' id='word_1_226' title='bbox 386 2082 435 2108; x_wconf 84' lang='lat' dir='ltr'><strong>est</strong></span> <span class='ocrx_word' id='word_1_227' title='bbox 454 2082 586 2118; x_wconf 70' lang='lat' dir='ltr'><strong>excepto</strong></span> <span class='ocrx_word' id='word_1_228' title='bbox 606 2075 725 2120; x_wconf 78' lang='lat' dir='ltr'><strong>(Hand.</strong></span> <span class='ocrx_word' id='word_1_229' title='bbox 737 2074 875 2109; x_wconf 74' lang='lat' dir='ltr'><strong>Tursell.</strong></span> <span class='ocrx_word' id='word_1_230' title='bbox 892 2074 919 2116; x_wconf 87' lang='grc' dir='ltr'><strong>Ῑ,</strong></span> <span class='ocrx_word' id='word_1_231' title='bbox 936 2088 965 2119; x_wconf 85' lang='lat' dir='ltr'><strong>p-</strong></span> <span class='ocrx_word' id='word_1_232' title='bbox 979 2075 1051 2117; x_wconf 75' lang='grc'>69)-</span> <span class='ocrx_word' id='word_1_233' title='bbox 1101 2079 1327 2120; x_wconf 84' lang='lat' dir='ltr'><strong>ehenauensis,</strong></span> <span class='ocrx_word' id='word_1_234' title='bbox 1363 2079 1807 2122; x_wconf 84' lang='lat' dir='ltr'><strong>Ettenheimmiinsteriensis,</strong></span> <span class='ocrx_word' id='word_1_235' title='bbox 1845 2084 2049 2116; x_wconf 83' lang='lat' dir='ltr'><strong>Monacensis</strong></span> 
     </span>
     <span class='ocr_line' id='line_1_24' title="bbox 177 2139 2018 2187; baseline 0.003 -13"><span class='ocrx_word' id='word_1_236' title='bbox 177 2143 221 2174; x_wconf 82' lang='lat' dir='ltr'><strong>ibi</strong></span> <span class='ocrx_word' id='word_1_237' title='bbox 241 2139 288 2185; x_wconf 82' lang='lat' dir='ltr'><strong>se]</strong></span> <span class='ocrx_word' id='word_1_238' title='bbox 317 2140 472 2173; x_wconf 67' lang='lat' dir='ltr'><strong>Grotiana</strong></span> <span class='ocrx_word' id='word_1_239' title='bbox 502 2151 610 2180; x_wconf 78' lang='lat' dir='ltr'><strong>margo</strong></span> <span class='ocrx_word' id='word_1_240' title='bbox 645 2140 716 2177; x_wconf 79' lang='lat' dir='ltr'><strong>ubi,</strong></span> <span class='ocrx_word' id='word_1_241' title='bbox 742 2150 916 2182; x_wconf 83' lang='lat' dir='ltr'><strong>perperam.</strong></span> <span class='ocrx_word' id='word_1_242' title='bbox 955 2139 1053 2170; x_wconf 79' lang='lat' dir='ltr'><strong>Prae·</strong></span> <span class='ocrx_word' id='word_1_243' title='bbox 1102 2142 1176 2185; x_wconf 84' lang='lat' dir='ltr'><strong>(C),</strong></span> <span class='ocrx_word' id='word_1_244' title='bbox 1201 2148 1233 2174; x_wconf 90' lang='lat' dir='ltr'><strong>et</strong></span> <span class='ocrx_word' id='word_1_245' title='bbox 1260 2143 1524 2174; x_wconf 79' lang='lat' dir='ltr'><strong>Darnistattensis</strong></span> <span class='ocrx_word' id='word_1_246' title='bbox 1547 2156 1604 2187; x_wconf 87' lang='lat' dir='ltr'><strong>pro</strong></span> <span class='ocrx_word' id='word_1_247' title='bbox 1625 2150 1841 2177; x_wconf 79' lang='lat' dir='ltr'><strong>constructum</strong></span> <span class='ocrx_word' id='word_1_248' title='bbox 1860 2146 1893 2178; x_wconf 90' lang='lat' dir='ltr'><strong>in</strong></span> <span class='ocrx_word' id='word_1_249' title='bbox 1915 2147 2018 2179; x_wconf 83' lang='lat' dir='ltr'><strong>editis.</strong></span> 
     </span>
     <span class='ocr_line' id='line_1_25' title="bbox 103 2201 2046 2253; baseline 0.003 -17"><span class='ocrx_word' id='word_1_250' title='bbox 103 2211 190 2237; x_wconf 81' lang='lat' dir='ltr'><strong>terea</strong></span> <span class='ocrx_word' id='word_1_251' title='bbox 219 2203 323 2235; x_wconf 68' lang='lat' dir='ltr'><strong>delevi</strong></span> <span class='ocrx_word' id='word_1_252' title='bbox 351 2204 437 2247; x_wconf 86' lang='lat' dir='ltr'><strong>quod</strong></span> <span class='ocrx_word' id='word_1_253' title='bbox 468 2203 499 2234; x_wconf 91' lang='lat' dir='ltr'><strong>in</strong></span> <span class='ocrx_word' id='word_1_254' title='bbox 530 2202 623 2234; x_wconf 85' lang='lat' dir='ltr'><strong>editis</strong></span> <span class='ocrx_word' id='word_1_255' title='bbox 658 2203 851 2245; x_wconf 83' lang='lat' dir='ltr'><strong>sequebatur</strong></span> <span class='ocrx_word' id='word_1_256' title='bbox 876 2208 951 2243; x_wconf 79' lang='lat' dir='ltr'><strong>aut,</strong></span> <span class='ocrx_word' id='word_1_257' title='bbox 979 2202 1054 2246; x_wconf 85' lang='lat' dir='ltr'><strong>quia</strong></span> <span class='ocrx_word' id='word_1_258' title='bbox 1176 2201 1403 2249; x_wconf 71' lang='grc' dir='ltr'><strong><em>ἑλικοειόἠς]</em></strong></span> <span class='ocrx_word' id='word_1_259' title='bbox 1438 2203 1628 2236; x_wconf 79' lang='lat' dir='ltr'><strong>Antei-iores</strong></span> <span class='ocrx_word' id='word_1_260' title='bbox 1656 2206 1812 2238; x_wconf 84' lang='lat' dir='ltr'><strong>editiones</strong></span> <span class='ocrx_word' id='word_1_261' title='bbox 1841 2203 2046 2253; x_wconf 76' lang='grc' dir='ltr'><em>ἡλιοειὸἡς,</em></span> 
     </span>
     <span class='ocr_line' id='line_1_26' title="bbox 104 2262 2049 2311; baseline 0.002 -13"><span class='ocrx_word' id='word_1_262' title='bbox 104 2278 170 2298; x_wconf 86' lang='lat' dir='ltr'><strong>non</strong></span> <span class='ocrx_word' id='word_1_263' title='bbox 206 2264 352 2303; x_wconf 79' lang='lat' dir='ltr'><strong>iteratur,</strong></span> <span class='ocrx_word' id='word_1_264' title='bbox 400 2269 432 2295; x_wconf 91' lang='lat' dir='ltr'><strong>et</strong></span> <span class='ocrx_word' id='word_1_265' title='bbox 468 2263 597 2307; x_wconf 87' lang='lat' dir='ltr'><strong>reposui</strong></span> <span class='ocrx_word' id='word_1_266' title='bbox 633 2275 691 2307; x_wconf 86' lang='lat' dir='ltr'><strong>pro</strong></span> <span class='ocrx_word' id='word_1_267' title='bbox 727 2265 972 2311; x_wconf 74' lang='lat' dir='ltr'><strong>aquilonemque</strong></span> <span class='ocrx_word' id='word_1_268' title='bbox 1013 2275 1052 2295; x_wconf 87' lang='lat' dir='ltr'><strong>ex</strong></span> <span class='ocrx_word' id='word_1_269' title='bbox 1104 2263 1237 2296; x_wconf 81' lang='lat' dir='ltr'><strong>Grotius</strong></span> <span class='ocrx_word' id='word_1_270' title='bbox 1269 2262 1503 2311; x_wconf 73' lang='grc' dir='ltr'><em>ἦλικοειόἢς,</em></span> <span class='ocrx_word' id='word_1_271' title='bbox 1540 2267 1598 2297; x_wconf 79' lang='lat' dir='ltr'><strong>sed</strong></span> <span class='ocrx_word' id='word_1_272' title='bbox 1625 2268 1763 2298; x_wconf 82' lang='lat' dir='ltr'><strong>correxit</strong></span> <span class='ocrx_word' id='word_1_273' title='bbox 1781 2268 1814 2299; x_wconf 85' lang='lat' dir='ltr'><strong>in</strong></span> <span class='ocrx_word' id='word_1_274' title='bbox 1836 2269 1930 2299; x_wconf 82' lang='lat' dir='ltr'><strong>notis.</strong></span> <span class='ocrx_word' id='word_1_275' title='bbox 1964 2269 2049 2300; x_wconf 86' lang='lat' dir='ltr'><strong>Vide</strong></span> 
     </span>
     <span class='ocr_line' id='line_1_27' title="bbox 105 2324 2049 2374; baseline -0.001 -13"><span class='ocrx_word' id='word_1_276' title='bbox 105 2326 527 2367; x_wconf 71' lang='lat' dir='ltr'><strong>Ettenheimmansteriensi,</strong></span> <span class='ocrx_word' id='word_1_277' title='bbox 570 2327 834 2369; x_wconf 70' lang='lat' dir='ltr'><strong>Dal-mstattensi,</strong></span> <span class='ocrx_word' id='word_1_278' title='bbox 881 2332 913 2359; x_wconf 83' lang='lat' dir='ltr'><strong>et</strong></span> <span class='ocrx_word' id='word_1_279' title='bbox 941 2328 1052 2361; x_wconf 76' lang='lat' dir='ltr'><strong>Mona·</strong></span> <span class='ocrx_word' id='word_1_280' title='bbox 1103 2326 1248 2369; x_wconf 79' lang='lat' dir='ltr'><strong>superius</strong></span> <span class='ocrx_word' id='word_1_281' title='bbox 1268 2325 1310 2369; x_wconf 63' lang='grc' dir='ltr'><strong>(ξ.</strong></span> <span class='ocrx_word' id='word_1_282' title='bbox 1327 2326 1420 2368; x_wconf 84' lang='grc'>709).</span> <span class='ocrx_word' id='word_1_283' title='bbox 1452 2327 1539 2358; x_wconf 83' lang='lat' dir='ltr'><strong>Hine</strong></span> <span class='ocrx_word' id='word_1_284' title='bbox 1559 2324 1702 2373; x_wconf 72' lang='grc' dir='ltr'><em>κεραὴν</em></span> <span class='ocrx_word' id='word_1_285' title='bbox 1725 2325 1971 2374; x_wconf 78' lang='grc' dir='ltr'><em>ἑλικόὸρομον</em></span> <span class='ocrx_word' id='word_1_286' title='bbox 1984 2330 2049 2360; x_wconf 90' lang='lat' dir='ltr'><strong>Lu-</strong></span> 
     </span>
     <span class='ocr_line' id='line_1_28' title="bbox 106 2388 2050 2438; baseline -0.002 -13"><span class='ocrx_word' id='word_1_287' title='bbox 106 2391 194 2425; x_wconf 89' lang='lat' dir='ltr'><strong>censi</strong></span> <span class='ocrx_word' id='word_1_288' title='bbox 218 2390 276 2434; x_wconf 85' lang='lat' dir='ltr'><strong>(C)</strong></span> <span class='ocrx_word' id='word_1_289' title='bbox 300 2388 463 2420; x_wconf 85' lang='lat' dir='ltr'><strong>codicibus</strong></span> <span class='ocrx_word' id='word_1_290' title='bbox 488 2390 718 2435; x_wconf 81' lang='lat' dir='ltr'><strong>aquilonemve.</strong></span> <span class='ocrx_word' id='word_1_291' title='bbox 1102 2401 1174 2421; x_wconf 85' lang='lat' dir='ltr'><strong>nam</strong></span> <span class='ocrx_word' id='word_1_292' title='bbox 1200 2389 1339 2432; x_wconf 79' lang='lat' dir='ltr'><strong>appellat</strong></span> <span class='ocrx_word' id='word_1_293' title='bbox 1355 2390 1514 2421; x_wconf 83' lang='lat' dir='ltr'><strong>Maximus</strong></span> <span class='ocrx_word' id='word_1_294' title='bbox 1535 2391 1746 2434; x_wconf 79' lang='lat' dir='ltr'><strong>philosophus</strong></span> <span class='ocrx_word' id='word_1_295' title='bbox 1765 2389 1865 2436; x_wconf 73' lang='grc' dir='ltr'>(περὶ</span> <span class='ocrx_word' id='word_1_296' title='bbox 1886 2404 2050 2438; x_wconf 72' lang='grc' dir='ltr'><strong><em>καταρχ.</em></strong></span> 
     </span>
     <span class='ocr_line' id='line_1_29' title="bbox 179 2450 2053 2500; baseline -0.001 -14"><span class='ocrx_word' id='word_1_297' title='bbox 179 2450 370 2497; x_wconf 80' lang='lat' dir='ltr'><strong>excurrens]</strong></span> <span class='ocrx_word' id='word_1_298' title='bbox 396 2451 446 2483; x_wconf 80' lang='lat' dir='ltr'><strong>Ea</strong></span> <span class='ocrx_word' id='word_1_299' title='bbox 462 2451 549 2492; x_wconf 80' lang='lat' dir='ltr'><strong>loca,</strong></span> <span class='ocrx_word' id='word_1_300' title='bbox 582 2452 634 2484; x_wconf 83' lang='lat' dir='ltr'><strong>ubi</strong></span> <span class='ocrx_word' id='word_1_301' title='bbox 655 2454 737 2484; x_wconf 82' lang='lat' dir='ltr'><strong>ultra</strong></span> <span class='ocrx_word' id='word_1_302' title='bbox 760 2452 925 2485; x_wconf 85' lang='lat' dir='ltr'><strong>zodiacum</strong></span> <span class='ocrx_word' id='word_1_303' title='bbox 943 2453 1054 2484; x_wconf 86' lang='lat' dir='ltr'><strong>Lunae</strong></span> <span class='ocrx_word' id='word_1_304' title='bbox 1106 2452 1177 2495; x_wconf 75' lang='lat'><em>(31).</em></span> <span class='ocrx_word' id='word_1_305' title='bbox 1215 2452 1314 2483; x_wconf 86' lang='lat' dir='ltr'><strong>Plura</strong></span> <span class='ocrx_word' id='word_1_306' title='bbox 1342 2453 1381 2484; x_wconf 90' lang='lat' dir='ltr'><strong>de</strong></span> <span class='ocrx_word' id='word_1_307' title='bbox 1412 2453 1481 2494; x_wconf 85' lang='lat' dir='ltr'><strong>ejus</strong></span> <span class='ocrx_word' id='word_1_308' title='bbox 1509 2453 1690 2484; x_wconf 86' lang='lat' dir='ltr'><strong>evolutione</strong></span> <span class='ocrx_word' id='word_1_309' title='bbox 1714 2451 1942 2500; x_wconf 71' lang='grc' dir='ltr'><strong>(ἐξελιγμοῦ)</strong></span> <span class='ocrx_word' id='word_1_310' title='bbox 1966 2456 2053 2487; x_wconf 83' lang='lat' dir='ltr'><strong>dabit</strong></span> 
     </span>
    </p>
   </div>
   <div class='ocr_carea' id='block_1_8' title="bbox 109 2513 1709 2607">
    <p class='ocr_par' dir='ltr' id='par_1_8' title="bbox 109 2513 1709 2607">
     <span class='ocr_line' id='line_1_30' title="bbox 109 2513 1709 2559; baseline -0.004 -8"><span class='ocrx_word' id='word_1_311' title='bbox 109 2523 232 2551; x_wconf 80' lang='lat' dir='ltr'><strong>meatus</strong></span> <span class='ocrx_word' id='word_1_312' title='bbox 266 2520 455 2556; x_wconf 78' lang='lat' dir='ltr'><strong>excurrunt,</strong></span> <span class='ocrx_word' id='word_1_313' title='bbox 496 2521 590 2558; x_wconf 82' lang='lat' dir='ltr'><strong>caput</strong></span> <span class='ocrx_word' id='word_1_314' title='bbox 617 2520 650 2547; x_wconf 84' lang='lat' dir='ltr'><strong>et</strong></span> <span class='ocrx_word' id='word_1_315' title='bbox 673 2517 776 2549; x_wconf 79' lang='lat' dir='ltr'><strong>cauda</strong></span> <span class='ocrx_word' id='word_1_316' title='bbox 801 2516 840 2548; x_wconf 82' lang='lat' dir='ltr'><strong>ab</strong></span> <span class='ocrx_word' id='word_1_317' title='bbox 864 2516 1055 2548; x_wconf 86' lang='lat' dir='ltr'><strong>astronomis</strong></span> <span class='ocrx_word' id='word_1_318' title='bbox 1108 2513 1264 2546; x_wconf 84' lang='lat' dir='ltr'><strong>Geminus</strong></span> <span class='ocrx_word' id='word_1_319' title='bbox 1290 2513 1368 2557; x_wconf 83' lang='grc'><strong>(1.1.</strong></span> <span class='ocrx_word' id='word_1_320' title='bbox 1394 2515 1456 2555; x_wconf 80' lang='lat'><strong>15,</strong></span> <span class='ocrx_word' id='word_1_321' title='bbox 1480 2527 1510 2559; x_wconf 83' lang='lat' dir='ltr'><strong>p.</strong></span> <span class='ocrx_word' id='word_1_322' title='bbox 1528 2516 1571 2547; x_wconf 77' lang='lat'><strong>61</strong></span> <span class='ocrx_word' id='word_1_323' title='bbox 1599 2513 1709 2557; x_wconf 86' lang='lat' dir='ltr'><strong>sequ.).</strong></span> 
     </span>
     <span class='ocr_line' id='line_1_31' title="bbox 1562 2573 1649 2607; baseline -0.011 0"><span class='ocrx_word' id='word_1_324' title='bbox 1562 2576 1609 2607; x_wconf 75' lang='lat'><strong>85</strong></span> <span class='ocrx_word' id='word_1_325' title='bbox 1628 2573 1649 2598; x_wconf 67' lang='lat'><strong>⁷³²</strong></span> 
     </span>
    </p>
   </div>
  </div>
 </body>
</html>
