2310 2860
747 173 947 216 Martiani
986 171 1187 229 Capellae
1223 172 1298 214 lib.
1318 171 1351 215 I.
1395 174 1426 225 §.
1448 171 1515 215 77.
2020 175 2101 218 121

147 281 366 325 ardentem
397 281 536 324 facem
565 280 847 337 praeferebat3
879 279 1008 323 calcei
1031 294 1135 321 vero
1165 280 1322 321 similes
1353 294 1406 321 ex
1429 280 1613 336 Pyropo.
1653 281 1798 331 Quem
1827 281 1950 336 juxta
1974 282 2101 324 Luna

2004 363 2104 404 Post
2133 360 2188 402 78

143 440 223 483 hos
245 441 418 483 admissi
449 442 599 484 fratres
629 442 767 494 Jovis,
799 455 989 498 quorum
1020 441 1126 483 alter
1155 442 1371 483 maritima
1401 456 1571 497 semper
1602 441 1876 483 inundatione
1907 441 2099 493 viridior,

145 362 228 404 leni
260 362 450 418 quodam
482 372 715 418 teneroque
746 362 872 404 vultu
902 377 955 403 ex
985 361 1173 402 fraterna
1203 360 1416 415 fulgorem
1446 359 1645 416 lampade
1675 362 1933 404 resumebat.

144 522 252 566 alius
293 523 484 580 lucifuga
528 524 844 566 inumbratione
884 523 1129 580 pallescens.
1198 521 1248 564 In
1279 521 1414 577 eapite
1444 530 1628 576 uterque
1658 520 1906 562 dominandi
1936 531 2098 562 sertum
2126 518 2184 559 79

142 619 223 661 pro
261 605 380 661 regni
419 605 656 647 conditione
692 604 889 660 gestabat.
957 604 1073 646 Nam
1112 619 1227 646 unus
1260 602 1389 644 albidi
1418 602 1515 644 salis
1545 602 1676 644 instar
1706 602 1937 644 candidum
1965 612 2095 658 atque
2127 599 2187 642 80

142 700 402 742 spumarum
433 687 607 727 caniciei
638 685 935 735 eoncolorum,
981 684 1086 726 alter
1118 685 1330 726 ebeneum
1364 698 1412 725 ac
1442 692 1649 725 tartareae
1678 684 1814 725 noctis
1845 683 2102 725 obscuritate

141 765 412 819 furvescens,
443 767 520 822 qui
549 766 725 822 quidem
750 766 888 808 multo
918 765 1043 807 ditior
1068 766 1221 818 fratre,
1253 775 1292 807 et
1321 780 1491 822 semper
1523 779 1696 816 eorum,
1728 780 1841 821 quae
1871 766 2102 821 gignuntur

143 860 195 887 ex
226 855 362 900 terra,
408 847 788 903 conquisitionibus
819 846 1066 903 opulentus:
1099 846 1205 889 alius
1236 861 1340 890 vero
1370 854 1544 902 propter
1581 844 1741 886 molem
1787 844 2102 898 elationemque

140 979 347 1024 ejusdemque
366 980 531 1014 Cartarius
547 980 690 1025 (imagini
706 981 756 1012 dei
772 981 834 1021 dei,
853 980 971 1014 Venet.
986 983 1094 1023 1580,
1222 978 1388 1025 ebeneum]
1415 978 1550 1012 Grotius
1572 978 1669 1009 habet
1688 978 1858 1017 hebenum,
1879 977 1982 1009 codex
2004 976 2102 1007 Dres-

137 1054 169 1086 p.
185 1042 247 1086 62)
274 1055 337 1075 una
360 1056 432 1077 eum
453 1045 523 1088 lyra
551 1051 583 1076 et
605 1045 728 1086 sagittis
755 1045 899 1076 meminit
922 1057 963 1077 ex
989 1044 1096 1078 Servii
1146 1044 1254 1076 densis
1288 1045 1485 1082 hebeneum,
1517 1040 1800 1080 Darmstattensis,
1830 1039 2038 1071 Britannicus
2072 1043 2106 1069 ct

136 1104 210 1138 loco
235 1105 290 1150 (ad
311 1106 370 1139 ccl.
392 1109 427 1142 5.
450 1107 528 1152 66),
557 1108 613 1140 ubi
635 1114 742 1140 tamen
766 1108 799 1140 in
826 1108 963 1150 vulgatis
989 1120 1094 1140 exem-

135 1166 279 1212 plaribus
301 1170 446 1213 qryphen
465 1169 518 1202 vel
539 1171 778 1214 qryplienaeum
801 1170 947 1211 legimus.

208 1231 327 1278 facem]
355 1233 468 1266 Cereri
491 1221 636 1277 uuidem,
665 1234 789 1266 Dianae
812 1233 978 1274 luciferae,
1010 1234 1094 1264 Bac-

137 1291 214 1332 cho,
242 1292 412 1337 Cupidini,
433 1294 642 1337 Hymenaeo,
665 1295 808 1327 Hecatae
830 1301 862 1326 et
883 1295 990 1326 Furiis
1008 1295 1093 1326 faces

137 1354 234 1386 tribui
264 1356 432 1388 notissima
458 1368 511 1388 res
537 1362 603 1387 est:
626 1368 716 1388 rarae
742 1363 848 1388 autem
873 1357 962 1389 Solis
983 1357 1093 1399 imagi—

137 1428 195 1449 nes
229 1424 320 1459 sunt,
351 1419 385 1450 in
417 1419 551 1463 quibus,
586 1425 623 1450 ut
648 1419 682 1450 in
704 1420 805 1451 Probi
828 1432 925 1451 numo
947 1420 1094 1463 (Rasehe

136 1480 200 1512 lex.
223 1479 283 1513 IV.
312 1481 347 1513 2.
375 1494 406 1526 p.
431 1482 562 1525 1551),
586 1483 687 1514 facem
712 1483 802 1523 gerit.
843 1482 937 1514 Alias
965 1483 1095 1523 collegit

135 1541 162 1576 Ῑ.
187 1541 241 1573 Fr.
265 1543 378 1586 Meyer
406 1543 440 1574 in
466 1544 733 1575 commentatione
761 1544 801 1574 de
827 1543 888 1574 diis
915 1556 950 1574 ac
973 1544 1093 1575 deabus

135 1601 352 1652 ὃᾳὸούχοις
372 1605 533 1648 (Francos.
551 1606 591 1636 ad
615 1606 659 1637 M.
688 1604 798 1649 1790)
819 1618 850 1649 p.
871 1607 916 1637 18
934 1618 1023 1650 sequ.

207 1666 315 1712 Luna]
343 1667 392 1699 Ita
415 1667 543 1699 codices
560 1667 784 1708 Britannicus,
808 1667 1094 1709 Cantabrigicnsis,

134 1728 412 1770 Darmstattensis,
436 1734 469 1761 ct
487 1728 659 1770 Hugianus
680 1734 767 1760 recte
789 1729 925 1769 habent,
951 1741 1016 1760 non
1029 1729 1093 1760 Lu-

134 1804 218 1825 nam.
244 1792 295 1824 De
314 1793 418 1824 alieno
442 1793 513 1835 ejus
537 1793 657 1824 lumine
678 1794 790 1825 confer
811 1793 1021 1825 Plutarchum
1040 1792 1094 1836 (de

134 1856 260 1901 placitis
284 1856 465 1901 philosoph.
490 1857 530 1897 2,
558 1857 617 1888 28.
643 1869 674 1900 p.
699 1857 790 1896 8913
816 1856 855 1887 de
879 1856 959 1888 faeie
979 1857 1115 1887 Lunae'

135 1931 166 1962 p.
184 1918 292 1964 929),
316 1918 516 1950 Macrobium
534 1918 581 1961 (in
599 1929 703 1951 somn.
727 1916 814 1961 Scip.
837 1918 869 1957 1,
896 1918 952 1949 19.
971 1930 1004 1961 p.
1023 1919 1090 1949 101

135 1980 250 2024 Zeun.)
275 1984 307 2012 et
333 1980 529 2024 superiorem
551 1983 660 2010 notam
683 1978 737 2022 (ad
760 1977 790 2022 ἓ.
812 1978 882 2021 75).

210 2040 377 2087 lampade]
415 2041 464 2073 Ita
496 2040 624 2072 codices
658 2040 872 2073 Monacenses
901 2039 960 2083 (Β.
989 2039 1027 2071 C.
1052 2039 1092 2074 Ι),

134 2104 173 2136 Ε.
201 2103 279 2148 G.)‚
313 2103 542 2143 Britannicus,
583 2101 874 2143 Cantabrigiensis,
914 2102 1092 2133 Darmstat-

134 2168 245 2209 tensis,
269 2166 482 2207 Basilcensis‚
504 2166 686 2208 HugianuS,
707 2171 740 2197 et
762 2171 844 2197 teste
862 2165 974 2198 Coi-tio
992 2164 1091 2198 Guel-

135 2233 320 2276 ferbytanus
348 2243 407 2276 pro
432 2231 600 2275 lampada,
634 2242 826 2274 quamquam
856 2230 1005 2273 lampada
1032 2240 1090 2273 pro

136 2294 256 2337 lampas
288 2294 384 2326 etiam
420 2293 455 2324 in
491 2304 552 2324 usn
582 2292 683 2323 fuisse
719 2297 854 2324 constat.
895 2291 1091 2335 Lampadcm

136 2357 224 2391 Solis
239 2358 306 2400 jam
329 2369 425 2400 supra
449 2356 489 2401 (ἓ.
513 2355 575 2400 25)
595 2361 706 2387 noster
728 2355 824 2397 dixit,
855 2360 890 2386 ut
911 2356 1090 2387 Phoebeum

136 2420 310 2462 lampadem
331 2418 489 2460 Virgilius
514 2417 612 2462 (Aen.
633 2419 666 2450 5.
693 2417 790 2461 857).

210 2483 344 2513 caniciei
351 2479 365 2526 ]
409 2481 466 2513 Sic
502 2480 768 2512 Darmstattensis
806 2479 935 2512 omnino
971 2480 1088 2511 rectius

139 2551 233 2586 quam
262 2542 412 2582 Grotius,
443 2541 498 2585 qui
535 2544 688 2574 caniciem
725 2542 834 2574 edidit.
878 2543 1088 2575 Concolorum

137 2614 196 2648 pro
221 2602 366 2635 concolor
389 2602 469 2634 dixit
490 2608 521 2633 ct
547 2603 628 2634 infra
647 2602 691 2647 (ξ.
708 2605 781 2636 659
802 2604 845 2647 t).

1146 1107 1420 1149 Cantabrigiensis
1453 1106 1605 1145 ebenum,
1654 1104 1712 1136 sed
1749 1103 1887 1147 praetuli
1922 1102 2104 1140 lectionem,

1145 1183 1240 1215 quam
1256 1171 1468 1203 Monacenses
1485 1168 1538 1212 (B.
1550 1168 1590 1198 D.
1601 1166 1654 1209 E.)
1671 1166 1924 1210 suppeditarunt.
1948 1163 2104 1208 Quamvis

1143 1235 1229 1265 enim
1245 1235 1328 1265 hanc
1344 1244 1456 1264 vocem
1473 1230 1548 1262 alibi
1564 1231 1682 1262 frustra
1705 1229 1911 1273 quaesiveriS,
1930 1228 1984 1260 vix
2000 1233 2106 1259 tamen

1143 1297 1261 1329 rectius
1282 1296 1321 1328 ab
1344 1297 1442 1328 ebeno
1469 1294 1660 1336 adjectivum
1685 1294 1821 1325 formare
1843 1291 1974 1336 poteris.
2001 1290 2106 1331 Magis

1144 1366 1230 1393 certe
1261 1360 1383 1403 placet,
1418 1370 1514 1402 quam
1543 1359 1697 1390 ebeniuus
1723 1356 1771 1400 (in
1793 1356 1858 1388 vita
1887 1354 1923 1387 S.
1943 1353 2106 1386 Dunstani

1145 1435 1194 1465 ap.
1219 1420 1401 1465 Caugium).
1427 1421 1521 1453 Conf.
1547 1427 1645 1452 notae
1669 1420 1837 1451 inferiores
1867 1419 1963 1462 (156.
1985 1417 2085 1461 225).

1215 1479 1419 1525 fur-vescens]
1446 1480 1555 1511 Aliam
1576 1480 1747 1512 lectionem
1766 1479 1952 1522 fer-vescens
1967 1490 1984 1510 e
2003 1478 2103 1512 Guel-

1142 1542 1309 1588 ferbytano
1339 1544 1471 1576 Cortius
1496 1544 1607 1583 εἰῇ-τί,
1645 1542 1703 1574 sed
1726 1542 1864 1573 ebenum
1885 1546 1917 1572 et
1941 1552 2007 1572 nox
2031 1552 2105 1573 cum

1144 1607 1204 1637 hae
1222 1605 1360 1637 lectione
1377 1605 1431 1636 vix
1458 1603 1622 1636 conciliari
1648 1608 1810 1646 poterunt.
1850 1602 1984 1633 Rctinui
2007 1602 2104 1643 igitur

1141 1667 1331 1711 fin-vescens
1353 1671 1389 1697 ut
1406 1665 1541 1697 candido
1560 1663 1704 1707 Neptuni
1719 1663 1912 1706 oppositum.
1937 1663 2103 1694 IuDarm-

1146 1728 1295 1760 stattcnsi
1315 1739 1333 1759 a
1356 1727 1460 1771 prima
1487 1725 1616 1769 quidem
1647 1737 1742 1756 manu
1768 1724 1921 1769 scriptum
1947 1730 2015 1755 erat
2038 1723 2102 1768 fer-

1144 1802 1299 1829 vescens,
1328 1788 1385 1821 sed
1410 1793 1587 1820 correctum
1610 1786 1814 1830 furveseens.

1221 1865 1264 1885 ex
1287 1849 1393 1896 terra]
1429 1849 1528 1881 Haud
1555 1859 1790 1892 supervacanea
1825 1846 1902 1878 mihi
1927 1846 1996 1878 visa
2023 1847 2101 1878 haec

1144 1915 1242 1946 verba
1264 1919 1357 1954 sunt,
1387 1923 1468 1957 quac
1497 1923 1537 1942 ex
1564 1909 1717 1952 Hugiano
1744 1909 1854 1942 codice
1877 1907 2007 1940 inserui.
2049 1907 2101 1938 Dc

1144 1979 1285 2011 Plutone
1313 1976 1397 2009 enim
1422 1987 1528 2008 sermo
1557 1980 1622 2015 est,
1648 1974 1688 2006 de
1706 1984 1771 2018 quo
1796 1973 1911 2005 Cicero
1929 1971 1981 2016 (N.
2002 1971 2043 2002 D.
2062 1970 2098 2009 2,

1144 2042 1222 2085 26)=
1256 2042 1345 2073 »Diti
1373 2040 1457 2085 patri
1479 2058 1529 2064 —
1557 2038 1612 2083 qui
1635 2038 1737 2070 Dives
1772 2042 1809 2068 ut
1841 2035 1926 2080 apud
1954 2034 2098 2067 Graecos

1143 2099 1352 2143 Πλούτων,
1385 2102 1461 2146 quia
1490 2106 1524 2133 et
1551 2100 1695 2133 recidant
1727 2098 1832 2131 omnia
1855 2097 1889 2130 in
1912 2102 2032 2136 terras,
2065 2100 2098 2126 et

1143 2167 1286 2199 oriantur
1310 2180 1328 2199 e
1353 2168 1478 2199 terr-iss

1217 2227 1399 2274 opulentus]
1426 2228 1632 2260 Phurnutus:
1647 2221 1842 2260 Πλούτων
1866 2220 1907 2258 δὲ
1934 2217 2094 2267 ἐκλήθη,

1142 2289 1206 2326 ὃιά
1220 2288 1266 2326 τὸ
1287 2287 1449 2325 πάντων
1465 2286 1593 2323 ὄντων
1611 2285 1825 2336 φθαρτῶν,
1853 2282 1973 2330 μηδὲν
1995 2278 2093 2317 εἶναι

1141 2348 1162 2386 ὂ
1199 2351 1250 2399 μὴ
1286 2352 1514 2387 τελευταῖον
1548 2349 1602 2390 εἰς
1633 2345 1756 2384 αὐτὸν
1787 2343 1993 2392 κατάγεται
2028 2336 2107 2375 καὶ

1140 2413 1264 2451 αὐτοῦ
1286 2415 1412 2461 κτῆμα
1434 2413 1593 2460 γίνεται.
1609 2413 1713 2446 Gnor.
1733 2432 1782 2436 —
1805 2411 1928 2442 Locum
1956 2404 2093 2439 Cornuti

1139 2478 1280 2522 reperies
1305 2477 1339 2509 in
1364 2476 1460 2509 Galei
1486 2474 1651 2520 opusculis
1681 2474 1726 2518 (p.
1750 2472 1844 2515 145).
1878 2469 1945 2502 Sed
1974 2478 2090 2511 operae

1138 2540 1276 2585 pretium
1298 2539 1358 2571 erit
1378 2539 1560 2571 Romanum
1581 2537 1724 2570 conferre
1754 2538 1880 2578 poetam
1907 2529 2086 2575 (claudian.

1139 2603 1178 2635 dc
1202 2606 1296 2646 raptu
1321 2601 1472 2645 Proserp.
1499 2601 1538 2641 1,
1562 2597 1624 2641 20)
1651 2600 1831 2627 canentem:

1634 2656 1680 2689 16
