2310 2860
134 1274 221 1316 756

252 189 338 231 588

254 305 350 336 tuor
389 291 606 332 elementis
644 291 732 345 ipse
771 290 850 331 sub
892 291 970 331 alia
1009 289 1151 330 forma
1182 297 1243 328 est
1273 287 1469 342 quintus,
1515 285 1694 342 pentade
1726 296 1786 328 est
1814 289 2114 331 rationabiliter
2144 289 2211 329 in—

808 184 1009 226 Martiani
1045 182 1244 239 Capellae
1272 181 1346 222 lib.
1371 179 1471 223 VII.
1501 182 1532 232 ᾗ.
1556 181 1656 222 755.

1628 370 1742 411 Nam
1776 380 1936 411 constat
1966 386 2018 412 ex
2047 371 2207 412 utrius-

2071 451 2210 492 Etiam

252 375 447 428 signitus3
487 374 562 427 qui
594 371 771 426 quidem
798 371 1084 427 permixtione
1114 368 1298 410 naturali
1330 369 1567 424 copulatur.

252 469 340 509 que
367 469 493 495 sexus
524 468 728 505 numero;
773 454 871 494 trias
904 454 1064 508 quippe
1095 451 1227 494 virilis
1259 459 1337 500 est,
1374 449 1479 504 dyas
1510 449 1720 490 femineus
1753 451 2010 491 aestimatur.

252 535 555 592 apocatasticus
586 534 760 585 dicitur,
793 543 831 574 et
862 534 951 575 sive
982 548 1081 574 cum
1114 532 1201 573 aliis
1232 530 1469 586 imparibus
1500 531 1589 572 sive
1615 545 1713 571 eum
1746 546 1822 571 suo
1850 546 2003 586 genere
2033 531 2212 572 sociatus

251 631 295 656 se
334 629 504 669 semper
548 613 736 654 ostendit.
809 614 924 653 Nam
967 613 1162 667 quinque
1206 627 1282 667 per
1331 613 1525 666 quinque
1567 611 1699 651 habes
1742 611 1885 664 viginti
1918 610 2133 665 quinque,
2175 618 2214 649 et

253 695 480 750 quinquies
519 695 626 734 terni
664 692 933 747 quindecim,
978 702 1018 732 et
1060 693 1288 747 quinquies
1327 692 1486 747 septeni
1526 691 1663 745 trigies
1704 691 1956 745 quinquies,
2011 698 2051 729 et
2087 688 2212 742 quin—

252 776 372 830 quies
414 775 572 815 noveni
615 774 867 829 quadragies
907 774 1147 828 quinquies.
1217 774 1324 815 Item
1366 788 1495 813 zonae
1534 782 1671 813 terrae
1710 773 1922 825 quinqu03
1966 771 2009 811 in
2039 769 2212 813 homine

251 869 396 895 sensus
438 853 651 907 quinque,
700 852 959 905 totidemque
998 852 1254 894 habitatores
1293 854 1442 894 mundi
1473 853 1720 908 generibus,
1768 862 1814 892 ut
1843 851 2059 902 homines,
2105 863 2213 904 qua-

252 935 486 990 drupedes,
540 943 769 990 reptantffi,
821 943 1032 984 natantes,
1086 934 1289 974 volantes.

254 1015 545 1058 diametrum?

1364 933 1492 973 Hunc
1537 946 1771 972 numerum
1821 932 1915 985 quis
1965 939 2086 985 neget
2127 944 2213 970 esse

604 1015 717 1056 Nam
746 1013 915 1055 decadis
945 1013 1146 1069 perfectio
1179 1013 1451 1067 circulusque
1475 1012 1605 1067 hujus
1628 1011 1946 1067 hemisphaerio
1966 1011 2209 1052 dissecatur.

1041 1170 1120 1211 DE
1157 1168 1320 1210 HEXA
1330 1167 1416 1208 DE.

419 1275 642 1316 Senarium
685 1290 787 1316 vero
819 1275 1058 1330 perfectum
1097 1274 1455 1328 analogicumque
1487 1285 1574 1312 esse
1605 1273 1699 1325 quis
1731 1272 1915 1322 dubitet,
1953 1285 2090 1324 quum
2121 1271 2208 1310 suis

249 1357 438 1411 partibus
476 1356 731 1410 impleatur?

322 1479 467 1528 quintus]
493 1481 630 1513 Codices
652 1480 936 1521 Cantabrigiensis‚
961 1480 1203 1512 Reiehenauen-

247 1542 307 1582 sis,
333 1542 599 1573 Darmslattensis
623 1543 791 1588 quinlum5
824 1542 881 1572 sed
910 1542 1053 1572 imitandi
1077 1553 1204 1573 causam

246 1614 311 1634 non
326 1603 429 1642 video,
455 1603 549 1634 modo
574 1603 612 1633 ad
634 1603 789 1633 mundum
804 1603 965 1633 referatur.
988 1603 1102 1645 Neque
1119 1602 1203 1633 enim

248 1664 287 1694 de
315 1662 500 1694 Aristotelis
533 1665 647 1709 quinta
673 1665 810 1693 essentia
840 1663 1016 1693 Martianus
1043 1663 1201 1706 loquitur,

248 1726 304 1757 sed
326 1726 364 1756 de
392 1726 587 1756 ‹lodecaze‘dro
611 1725 771 1763 Platonis,
798 1725 884 1767 quod
907 1725 1047 1756 universi
1069 1726 1201 1755 Formam

246 1787 341 1817 refert
356 1786 450 1829 (Tim.
472 1798 502 1828 p.
520 1787 566 1816 35
591 1784 636 1827 c);
664 1797 845 1828 (piariquzun
871 1787 931 1816 hoe
957 1798 1085 1828 qnoque
1112 1786 1203 1817 multi

245 1860 304 1892 pro
328 1849 455 1880 aethere
479 1847 658 1891 acceperint
682 1848 766 1891 (vide
786 1848 983 1878 Bocchhium
1000 1848 1032 1879 in
1053 1849 1201 1880 Philolao

244 1924 276 1955 p.
297 1912 384 1951 1623
418 1910 547 1942 Astium
572 1910 611 1941 ad
636 1911 720 1941 Plat.
753 1910 903 1952 Epinom.
924 1923 954 1954 p.
972 1911 1068 1953 601).
1105 1911 1200 1943 Adde

246 1972 440 2004 Strabonem
470 1972 548 2015 (13,
579 1984 609 2014 p.
629 1972 700 2002 715
731 1971 896 2013 Casama).
921 1969 1021 2017 πρὸς
1048 1970 1087 2006 δὲ
1117 1977 1201 2011 τοῖς

247 2034 426 2078 τέτταρσι
452 2032 665 2076 στοιχείοις
688 2031 844 2078 πέμπτη
874 2032 934 2072 τίς
964 2035 1043 2068 «ἐστι
1071 2031 1199 2080 φύσις,

248 2097 292 2138 ἐξ
313 2090 361 2142 ἧς
386 2094 406 2129 ὁ
433 2093 600 2141 οὐρανὸς
621 2094 683 2129 καὶ
706 2094 751 2129 τὰ
775 2094 896 2142 ἄστρα
922 2111 953 2131 κ.
982 2109 1014 2131 τ.
1040 2098 1073 2131 λ.

322 2160 491 2203 utriusque
517 2155 636 2200 sexus]
673 2157 764 2187 Unde
793 2158 887 2188 eliam
912 2155 1150 2204 (ἶνὸρογυνιά
1171 2165 1203 2191 et

245 2216 370 2266 γάμος
405 2219 624 2262 appellabatur
662 2231 679 2250 a
715 2220 925 2262 Pythagoreis
959 2221 1063 2263 (l'lut.
1094 2222 1134 2253 de
1160 2222 1202 2253 Ei

248 2284 331 2327 apud
357 2283 504 2325 Delphos
530 2284 569 2320 S,
600 2295 629 2325 p.
648 2282 747 2324 587).

322 2341 568 2387 apocatasticus]
595 2343 664 2373 Nisi
683 2349 830 2386 corrupta
847 2343 943 2375 lectio
962 2349 1028 2385 est,
1055 2357 1113 2390 per
1129 2357 1201 2390 syn-

248 2417 350 2449 copen
375 2405 492 2436 dietum
523 2415 580 2447 pro
604 2400 970 2452 ἀποκαταότατικῴ,
998 2406 1053 2450 qui
1080 2418 1206 2451 semper

249 2467 288 2498 ad
318 2478 353 2497 se
382 2464 531 2505 recurrit,
561 2464 593 2495 in
622 2476 656 2495 se
682 2464 785 2508 ipsum
810 2467 994 2507 revertitur,
1021 2473 1057 2498 ut
1082 2468 1125 2499 ait
1148 2468 1204 2501 Ni-

249 2530 419 2561 comachus
436 2527 549 2571 (instit.
569 2527 692 2559 arithm.
704 2528 737 2566 2,
760 2529 822 2568 173
847 2542 878 2572 p.
892 2531 959 2561 151
976 2529 1077 2573 Ast.)=
1096 2528 1204 2570 ὅσαις

248 2590 322 2637 γὰρ
345 2587 393 2625 [ἐν
415 2586 624 2635 αὐξήῦεσιν
645 2586 821 2635 αὐξήσει),
850 2591 903 2631 εἰς
923 2590 967 2626 τὸ
994 2590 1091 2628 αὐτὸ
1115 2597 1204 2637 mm—

795 1357 909 1396 Nam
948 1365 988 1395 et
1025 1365 1186 1396 sextam
1230 1353 1296 1392 sui
1336 1353 1445 1392 intra
1483 1366 1526 1391 se
1575 1352 1776 1401 continet,
1825 1350 1941 1404 quod
1980 1359 2040 1390 est
2079 1363 2210 1402 unus3

1255 1474 1433 1521 πέραόμα
1450 1474 1670 1522 τελευτήσει
1686 1474 1856 1516 πάντως.
1882 1476 1978 1508 Adde
1995 1477 2211 1509 Jamblichum

1255 1540 1299 1582 (p.
1323 1540 1368 1570 12
1397 1540 1556 1583 Tennul.)
1581 1546 1612 1570 et
1637 1541 1802 1571 Theonem
1830 1541 2042 1584 Smyrnaeum
2067 1541 2209 1584 (arithm.

1255 1603 1320 1642 24,
1351 1615 1381 1645 p.
1401 1603 1473 1645 61).

1328 1664 1441 1709 zonae]
1470 1666 1555 1697 Vide
1578 1671 1722 1697 nostrum
1749 1679 1844 1710 supra
1874 1666 1916 1709 (ἓ.
1936 1666 2031 1708 662).

1328 1725 1562 1772 quadrupedes]
1591 1726 1647 1758 Sic
1677 1726 1779 1758 codex
1801 1727 2083 1767 Darmstatlensis3
2113 1727 2206 1768 vulgo

1254 1788 1549 1834 quadrupedesque.
1577 1787 1730 1819 Ceterum
1760 1788 1868 1820 confer
1887 1789 2057 1820 Platonem
2081 1789 2126 1832 (in
2155 1789 2207 1820 Ti-

1252 1861 1342 1880 maeo
1373 1862 1402 1892 p.
1420 1851 1477 1881 91.
1503 1849 1574 1891 92).

1324 1911 1525 1956 diametrum]
1555 1913 1659 1944 Simili
1679 1913 1717 1944 de
1737 1925 1832 1944 eausa
1856 1910 2024 1958 ’ἡμίθεον
2049 1914 2209 1957 appellant

1252 1976 1515 2016 Theologumena
1536 1975 1580 2019 (p.
1600 1976 1683 2018 52),
1709 1972 1770 2010 ὅτι
1796 1975 1867 2010 τοῦ
1885 1974 1977 2010 δέκα
2001 1975 2117 2011 θείου
2149 1975 2206 2010 ὅν-

1251 2047 1320 2075 τος
1344 2033 1497 2081 ἡμίσειά
1527 2037 1640 2071 &mu

1328 2096 1415 2141 uero]
1444 2097 1500 2128 Sic
1518 2097 1644 2129 codices
1658 2098 1870 2130 Monacenses
1888 2096 1943 2140 (Λ.
1958 2097 2010 2140 C),
2030 2098 2205 2130 Dal-mstat—

1252 2158 1369 2197 tensis,
1393 2163 1425 2189 et
1447 2158 1720 2189 Reichcnauensis
1747 2170 1804 2201 pro
1823 2164 1928 2188 antem
1950 2158 1982 2188 in
2006 2158 2108 2190 editis.

1325 2220 1514 2265 pet-fectum]
1542 2221 1686 2252 Isidorus
1703 2220 1922 2263 Hispalensis:
1945 2220 2118 2253 »Seuarius
2140 2224 2206 2254 suis

1251 2283 1394 2326 partibus
1417 2284 1576 2327 perfectus
1595 2289 1672 2314 est.«
1705 2283 1903 2314 Macrobiusz
1927 2283 2099 2316 »Senarius
2118 2298 2204 2325 vero,

1253 2346 1309 2389 qui
1333 2358 1404 2377 cum
1426 2358 1491 2377 uno
1519 2345 1732 2388 septenarium
1755 2346 1844 2386 facit,
1871 2346 1974 2378 variae
1996 2360 2032 2379 ae
2056 2348 2204 2392 multipli-

1255 2407 1300 2439 cis
1325 2407 1490 2448 religionis
1519 2418 1554 2437 ae
1580 2407 1742 2449 potentIae
1767 2413 1824 2438 est.
1859 2408 2017 2449 Primum,
2044 2411 2130 2453 quod
2154 2422 2203 2442 so-

1254 2470 1320 2501 lum
1342 2469 1465 2514 (malim
1487 2470 1592 2513 solus)
1618 2482 1657 2501 ex
1684 2470 1831 2501 omnihus
1858 2471 2012 2510 numeris,
2042 2473 2096 2515 qui
2123 2473 2205 2504 infra

1255 2531 1363 2563 decem
1397 2536 1486 2570 sunt,
1517 2531 1556 2562 de
1592 2531 1657 2561 suis
1690 2531 1833 2574 partibus
1857 2537 1999 2562 constat«
2025 2539 2083 2564 eet.
2101 2533 2203 2565 Gnor.

1257 2612 1302 2617 —-
1324 2593 1363 2625 In
1387 2605 1458 2625 meo
1483 2594 1639 2626 Macrobii
1661 2594 1834 2637 exemplari
1858 2595 1972 2637 (somn.
1989 2594 2077 2639 Seip.
2098 2597 2136 2636 1,
2167 2597 2203 2637 G)
