2310 2860
679 147 877 191 Martiani
908 147 1107 204 Capellae
1143 148 1213 190 lib.
1234 145 1287 191 V.
1324 151 1355 201 ς.
1375 149 1474 191 565.
1969 152 2055 193 477

108 253 293 296 secunda
317 263 398 306 est,
429 253 582 296 dehinc
611 255 810 311 primam.
840 256 895 297 Et
916 270 1011 298 eam
1039 256 1353 310 quaestionem,
1387 269 1521 312 quam
1553 255 1784 299 adversarii
1804 257 2050 312 intulerunt,
2080 260 2169 306 565

107 333 255 374 iisdem
280 333 414 375 modis
437 335 622 376 refutare
648 351 888 391 possumus,
920 347 959 377 et
982 337 1161 391 adjicere
1182 338 1381 388 solemus,
1412 352 1549 393 quum
1584 338 1745 394 aliquid
1776 350 1848 382 aut
1875 341 2054 384 obscure

107 414 374 456 adversarius
417 417 621 472 posuerit,
684 427 755 459 aut
798 417 976 473 augendi
1020 417 1158 473 potius
1193 432 1320 458 causa
1355 418 1507 460 dixerit
1545 433 1677 473 quam
1709 419 1938 475 probandi,
1984 431 2056 462 aut

107 510 244 550 quum
276 513 351 553 per
382 498 684 554 hypophoram
717 499 897 554 gradum
930 499 1111 540 facimus
1143 508 1309 540 nostrae
1340 499 1654 554 propositionis,
1701 510 1774 541 aut
1807 515 1943 556 quum
1979 501 2055 543 ad-

106 578 278 619 versarii
308 580 636 636 propositionem
667 582 709 621 in
734 590 922 621 nostram
953 591 1116 636 partem
1150 581 1457 632 convertimus,
1493 595 1622 635 quam
1654 582 1945 638 peristrophcn
1978 600 2054 625 vo-

102 671 271 708 camus,
316 667 390 699 aut
421 673 559 714 quum
602 659 788 701 secunda
830 660 1043 716 proposita
1092 662 1337 716 quaestione
1379 661 1565 716 primam
1599 670 1849 715 tractamus3
1898 673 1936 704 et
1972 663 2053 704 hoc

101 738 358 789 faciendum,
380 740 448 780 vel
472 754 611 794 quum
636 739 885 794 elegantiam
910 741 1122 782 varietatis
1145 741 1405 792 affectamus,
1431 741 1499 782 vel
1529 755 1667 796 quum
1694 744 1834 797 prima
1859 744 2048 797 quaestio

103 818 305 859 adversus
344 834 418 860 nos
463 819 587 860 valde
626 818 723 860 facit
763 828 802 859 et
836 834 920 860 non
955 830 1015 861 est
1054 823 1097 861 in
1134 821 1273 875 primo
1311 821 1403 862 loco
1443 821 1651 876 ponenda.
1713 822 1761 862 In
1792 822 2049 879 hypophora

101 901 341 942 cavendum
377 911 456 952 est,
501 916 553 941 ne
585 901 707 956 plene
746 910 785 941 et
827 900 993 956 copiose
1039 911 1244 956 ponatur,
1301 915 1551 956 quanquam
1585 902 1816 958 aliquando
1847 904 2049 946 irridendi

101 980 328 1021 adversarii
377 995 526 1031 eausa,
574 981 626 1021 de
671 995 758 1035 quo
796 981 915 1022 nulla
961 982 1149 1036 quaestio
1186 992 1268 1033 est,
1317 983 1609 1039 exaggeranda
1651 999 1674 1026 a
1717 986 1837 1027 nohis
1880 996 1958 1038 est,
2004 998 2051 1028 ut

98 1061 199 1114 quid
224 1062 431 1116 discrepet
454 1061 740 1115 ostendamus.
787 1062 1080 1117 Hypophorae
1113 1063 1245 1104 tribus
1280 1063 1416 1104 modis
1447 1064 1786 1117 imminuuntur,
1820 1066 2052 1121 adjectione

96 1142 351 1192 verborum,
386 1143 700 1193 immutatione,
745 1142 1013 1182 detractione.
1073 1143 1340 1198 Hypophora
1374 1152 1516 1183 autem
1548 1154 1607 1184 est
1637 1145 1809 1186 intentio
1841 1146 2049 1188 adversae

94 1221 240 1276 partis;
273 1222 599 1278 anthypophora
617 1233 676 1264 est
693 1224 907 1279 responsio
928 1223 1030 1277 ejus.
1064 1223 1445 1279 Anacephalacosis
1469 1234 1528 1266 est
1552 1225 1681 1266 veluti
1701 1241 1722 1266 a
1738 1227 1873 1281 capite
1892 1241 2047 1279 causae

94 1303 235 1345 brevis
274 1304 463 1359 repetitio
499 1304 811 1358 quaestionum.
868 1303 1229 1359 Anacephalaeosi
1273 1320 1357 1346 non
1398 1304 1568 1361 semper
1610 1305 1819 1348 utendum
1851 1316 1930 1358 est,
1976 1307 2050 1348 sod

93 1451 179 1494 quod
208 1451 344 1494 primum
377 1450 579 1492 cogitandum
609 1461 674 1481 non
698 1450 808 1493 utique
834 1449 969 1492 primum
999 1449 1042 1480 di-

93 1515 244 1546 cendum«
269 1515 426 1556 intelligat
447 1513 677 1558 (Quinctilium
697 1515 738 1554 5,
762 1514 802 1552 G,
832 1513 895 1553 123
918 1525 948 1557 p.
969 1513 1042 1544 485

92 1578 226 1622 Spal‹1.).

162 1640 323 1685 posuerit]
358 1640 406 1672 lta
435 1640 577 1681 correxi,
613 1638 699 1683 quod
723 1639 756 1670 in
781 1637 875 1670 editis
899 1642 967 1669 erat
987 1649 1041 1681 po-

90 1709 219 1742 suerat,
247 1703 391 1735 codicum
413 1701 678 1733 Darmstattcnsis
707 1706 739 1732 et
766 1699 1041 1732 Reichenauensis

91 1766 286 1799 auctoritate.

163 1834 218 1860 aut
234 1825 387 1872 augendi]
411 1827 448 1858 Iu
466 1827 558 1858 editis
582 1832 649 1857 erat
665 1827 795 1870 agendi,
815 1837 873 1869 pro
893 1837 956 1869 quo
974 1825 1042 1866 jam

91 1890 223 1922 Grotius
244 1891 350 1932 legere
371 1891 514 1931 jusserat
539 1890 698 1933 augendi,
723 1889 904 1932 legiturque
934 1888 977 1918 ita
1007 1888 1041 1919 in

90 1951 251 1983 codicibus
273 1950 520 1982 Darnistnttensi
537 1956 569 1981 et
586 1950 772 1983 monacensi
790 1949 855 1993 (C).
884 1948 1040 1992 Quamvis

88 2015 184 2056 igitur
213 2014 332 2046 Curius
361 2013 609 2045 Fortunati-:mus
642 2012 690 2056 (p.
713 2014 760 2044 6ss
789 2011 911 2054 Pith.),
945 2023 1040 2055 quem

87 2084 198 2110 noster
224 2078 264 2109 ad
296 2077 428 2109 verbum
459 2077 525 2108 fere
557 2075 718 2119 sequitur,
749 2076 866 2119 agendi
887 2075 1039 2115 babebat,

87 2143 171 2173 hunc
189 2147 293 2173 tamen
311 2153 328 2172 e
345 2140 494 2174 Martiani
509 2139 616 2185 potius
637 2138 799 2172 codicibus
817 2138 1039 2180 corrigendum

89 2216 160 2236 csse
188 2204 333 2236 arbitror.

159 2266 295 2309 gradum
311 2263 466 2310 facimus]
491 2264 529 2296 Id
555 2270 604 2296 cst
627 2263 727 2296 »viam
752 2262 949 2294 sternimus«
988 2261 1037 2294 Ita

88 2326 203 2359 Cicero
220 2325 267 2370 (in
290 2326 383 2358 Verr.
402 2327 442 2366 2,
469 2326 517 2369 i):
545 2325 680 2368 »gradus
702 2324 827 2368 imperii
845 2325 947 2356 sactus
964 2329 1029 2355 est«

86 2401 144 2434 pro
167 2389 234 2421 »via
251 2389 291 2420 ad
311 2388 476 2432 imperium
500 2395 597 2421 strata
615 2395 690 2421 est.‹«
723 2388 810 2421 Male
826 2393 931 2420 autem
952 2387 1036 2432 apud

87 2454 167 2485 alios
202 2453 332 2493 desunt,
366 2457 495 2484 notante
527 2452 641 2485 Grotio
673 2453 708 2484 in
743 2452 900 2494 margine,
938 2463 1035 2484 voces

84 2527 143 2557 per
167 2514 388 2557 hypophoram.
414 2513 613 2556 Ilypephora
636 2514 719 2547 euim
745 2514 778 2546 id
799 2514 903 2559 ipsum
925 2513 1034 2546 antici-

84 2576 222 2620 pationis
248 2576 314 2607 sive
338 2574 554 2618 occupationis
578 2585 678 2616 genus
703 2574 833 2616 ffitur,
857 2588 954 2620 quum
974 2575 1034 2620 ipsi

1094 1451 1203 1491 nobis,
1226 1457 1261 1483 ut
1285 1451 1447 1483 Rufiniani
1476 1452 1580 1484 verbis
1612 1453 1666 1496 (p.
1688 1453 1763 1485 270
1785 1453 1932 1495 Ruhnlz.)
1964 1459 2049 1493 utar,

1100 1513 1371 1544 »adversariorum
1404 1513 1577 1544 sententias
1609 1518 1641 1544 et
1672 1513 1755 1544 dieta
1784 1514 1992 1557 proponimus
2017 1520 2051 1545 ct

1093 1574 1326 1613 substituimus,
1344 1575 1375 1605 iu
1393 1576 1454 1606 hoc
1473 1580 1604 1613 tantum,
1630 1580 1664 1605 ut
1680 1574 1743 1605 illis
1760 1576 2039 1619 respondeamus«

1167 1638 1219 1669 vel
1239 1650 1337 1684 quum
1353 1636 1470 1681 prima]
1499 1636 1737 1678 Quinctilianus
1756 1638 1805 1681 (7,
1828 1640 1867 1678 l,
1889 1639 1930 1678 23
1953 1651 1983 1682 p.
1993 1639 2046 1681 3):

1093 1699 1160 1732 Sed
1192 1700 1427 1731 meminerimus
1451 1700 1552 1744 ipsam
1584 1700 1827 1744 dispositionem
1857 1701 2047 1745 plerumque

1091 1761 1228 1793 utilitate
1253 1761 1384 1801 mutari,
1415 1773 1474 1793 nec
1499 1761 1631 1792 eandem
1654 1773 1780 1805 semper
1801 1762 1933 1806 primam
1952 1775 2047 1805 quae-

1093 1822 1228 1855 stionem
1259 1836 1299 1855 ex
1328 1828 1462 1866 utraque
1490 1827 1579 1866 parte
1613 1823 1825 1863 tractandam3
1868 1824 1959 1866 cujus
1987 1824 2047 1862 rei,

1092 1890 1126 1916 ut
1145 1891 1249 1916 cetera
1267 1884 1411 1928 exempla
1429 1889 1644 1927 praeteream,
1663 1884 1898 1917 Demosthenes
1919 1898 2048 1930 quoque

1092 1953 1186 1991 atque
1207 1947 1387 1979 Aeschines
1410 1953 1547 1990 possunt
1572 1959 1644 1979 esse
1670 1948 1879 1989 documento,
1906 1949 1938 1981 in
1959 1949 2045 1990 judi-

1091 2011 1140 2043 cio
1175 2011 1397 2054 Ctesiphontis
1426 2011 1586 2042 diversum
1618 2012 1720 2043 secuti
1753 2012 1916 2053 ordinem3
1949 2025 2048 2057 quum

1090 2079 1256 2106 accusator
1277 2086 1295 2106 a
1315 2074 1408 2115 jure,
1431 2085 1495 2118 quo
1517 2074 1684 2106 videbatur
1702 2076 1873 2119 potentior,
1893 2077 2045 2120 coeperit,

1089 2143 1243 2182 patronus
1265 2137 1370 2168 omnia
1394 2137 1445 2169 vel
1466 2149 1569 2181 paene
1593 2138 1698 2170 omnia
1722 2143 1794 2170 ante
1811 2139 1867 2180 jus
1889 2140 2045 2183 posuerit,

1089 2199 1204 2244 quibus
1223 2198 1366 2240 judicem
1389 2198 1571 2242 quaestioni
1592 2198 1700 2241 legum
1724 2205 1956 2243 praepararet«

1155 2259 1407 2305 anthypophora]
1418 2259 1595 2302 Distinguit
1605 2262 1877 2304 anthypophoram
1892 2268 2043 2306 tanquam

1086 2322 1332 2366 responsionem
1358 2322 1397 2353 ab
1420 2322 1601 2365 hypophora
1620 2328 1771 2366 tanquam
1792 2323 1970 2354 intentione
1991 2323 2042 2354 vel

1086 2386 1264 2430 positiou03
1289 2385 1461 2417 Rufiniano
1479 2384 1523 2429 (p.
1542 2386 1629 2429 270)
1645 2386 1730 2416 idem
1747 2389 1796 2416 est
1817 2385 1904 2429 quod
1927 2390 2039 2417 nostro

1085 2450 1275 2493 hypophora.
1299 2449 1439 2480 Prorsus
1460 2449 1551 2494 aliter
1572 2448 1809 2493 Quinctilianus
1839 2448 1891 2491 (9,
1911 2449 1951 2488 5,
1973 2450 2039 2486 87;

1085 2526 1118 2558 p.
1141 2513 1226 2556 509)
1251 2512 1306 2556 qni
1340 2514 1420 2544 hanc
1452 2512 1585 2554 figuram
1615 2507 1908 2557 ἀνθυποφορὰν
1934 2514 2040 2544 vocari

1086 2575 1145 2606 ait:
1172 2574 1376 2607 »incredibile
1398 2579 1448 2606 est
1470 2574 1556 2619 quod
1581 2573 1651 2606 dico
1674 2572 1730 2604 sed
1756 2583 1894 2604 verum«

2080 1223 2166 1265 :364
