2310 2860
210 194 259 227 lv

215 307 254 338 et
276 295 404 338 medii
435 294 528 337 aevi
557 292 842 334 monumentis
873 287 1126 330 illustrandis
1156 282 1443 333 incumberet,
1475 295 1554 322 usu
1587 284 1717 337 magis
1748 292 1787 323 et
1812 282 1999 338 quadam
2032 283 2152 323 beni—

213 378 403 434 gnissimi
427 375 578 430 ingenii
610 373 805 414 facultate
837 385 966 426 quam
995 368 1156 409 ratione
1183 375 1221 406 et
1244 362 1390 404 ordine
1420 360 1681 414 singularum
1708 363 1895 403 notitiam
1924 363 2002 402 sibi
2035 376 2152 402 com-

213 473 365 515 parare
398 454 591 512 potuerit.
648 452 785 494 Multa
822 450 1101 497 lectitaverat‚
1150 444 1285 485 multa
1318 443 1360 483 in
1391 441 1633 482 adversaria
1663 444 1864 484 retulerat
1891 459 1974 484 non
2011 443 2151 483 minus

213 539 480 595 dispositione
517 550 649 590 quam
690 533 878 575 vastitate
915 529 1111 585 insignia,
1161 535 1415 579 tantumque
1446 523 1591 564 aberat
1617 533 1663 562 ut
1690 523 1903 565 doetrinae
1935 524 2044 565 mole
2076 524 2152 564 ob-

213 629 431 668 rueretur,
463 626 510 657 ut
536 630 682 656 omnes
712 628 808 654 suas
840 612 979 667 copias
1009 611 1050 649 in
1081 616 1305 649 numerato
1337 605 1513 646 haberet
1543 603 1837 658 acerrimoque
1868 620 1968 646 eum
1997 605 2156 660 judicio

213 699 493 754 dispensaret3
527 709 619 736 eam
646 694 831 747 denique
863 689 1029 731 assidua
1058 687 1233 727 lectione
1264 686 1412 727 Latine
1443 683 1652 726 scribendi
1683 684 2020 726 exercitationem
2052 700 2154 726 con-

212 779 418 827 traxerat,
452 785 499 816 ut
524 774 684 815 etiamsi
708 788 792 814 non
824 781 972 813 ornato
999 779 1037 810 et
1060 765 1268 821 exquisito
1299 765 1465 807 dicendi
1488 779 1660 820 genere,
1691 774 1831 805 tamen
1862 767 2157 822 perspicuitate

215 867 254 898 et
282 856 460 897 flumine
491 854 687 895 orationis
718 868 771 893 ne
801 850 1021 907 philologis
1056 847 1231 903 quidem
1263 846 1510 887 doctissimis
1542 846 1727 898 cederet3
1767 856 1808 886 at
1831 862 1935 887 vero
1964 849 2158 898 rationes,

216 952 321 992 quas
346 936 413 977 vel
438 936 478 975 in
503 933 760 989 explicandis
790 931 1152 983 emendandisque
1175 930 1318 983 priscis
1349 927 1625 982 scriptoribus.
1646 927 1714 969 vel
1737 927 1779 967 in
1801 928 1930 968 rebus
1954 927 2159 968 historicis

214 1026 288 1058 aut
324 1013 616 1070 mythologicis
654 1011 932 1063 dijudicandis
976 1009 1105 1062 hujus
1144 1007 1319 1061 quidem
1360 1008 1504 1048 aetatis
1542 1008 1742 1062 philologi
1775 1018 2037 1063 sequuntur,
2081 1023 2157 1048 nee

213 1096 308 1137 satis
358 1093 540 1149 cognitas
586 1090 789 1138 habebat,
836 1104 915 1128 nee
956 1089 990 1127 si
1030 1086 1247 1126 habuisset
1283 1088 1541 1140 probaturus
1582 1088 1744 1129 nedum
1788 1088 2024 1129 adsciturus
2070 1082 2171 1129 esse*

214 1176 453 1217 videbatur.
511 1172 683 1226 Quippe
715 1183 814 1209 cum
847 1167 946 1222 ipsis
966 1165 1215 1206 >studiorum
1246 1180 1425 1207 suorum
1462 1168 1719 1221 argumentis
1751 1169 2024 1221 conjunctum
2057 1179 2160 1222 erat,

214 1268 261 1299 ut
294 1257 541 1299 vetustiores
580 1252 717 1308 potius
749 1258 961 1299 auctores,
1006 1248 1198 1303 inprimis
1229 1247 1428 1298 Batavos,
1473 1261 1605 1300 quam
1650 1248 1899 1288 recentiores
1934 1249 2158 1301 lectitaret3

212 1353 403 1396 quorum
441 1351 541 1378 eum
581 1332 832 1388 exemplum
872 1330 952 1371 hae
991 1329 1081 1384 ipsa
1119 1329 1160 1369 in
1201 1327 1380 1369 editione
1426 1327 1672 1368 adornanda
1717 1328 2046 1382 exprimendum
2081 1329 2159 1369 sibi

213 1419 503 1476 proposuisse,
549 1415 618 1456 vel
656 1423 830 1455 externa
875 1411 1012 1466 operis
1052 1410 1190 1450 forma
1229 1417 1454 1457 monstrat,
1504 1406 1620 1459 quod
1663 1407 1784 1460 quasi
1823 1417 2068 1448 extremum
2106 1409 2159 1449 ad

213 1501 386 1541 illarum
426 1497 658 1537 editionum
697 1493 849 1532 seriem
898 1489 1074 1539 accedit,
1127 1502 1238 1542 quae
1284 1497 1378 1528 ante
1421 1486 1497 1524 hos
1543 1493 1711 1524 eentum
1750 1494 1790 1524 et
1828 1487 1943 1539 quod
1974 1491 2162 1530 excurrit

214 1594 344 1621 annos
376 1572 860 1620 Drakenborchiorum,
904 1570 1278 1616 Burmannorum,
1325 1558 1733 1618 Oudendorpiorum
1772 1567 1922 1608 studiis
1957 1570 2159 1625 Lugduni

212 1660 473 1700 Batavorum
499 1668 596 1694 cum
628 1652 849 1693 variorum
881 1650 985 1690 notis
1017 1646 1276 1704 prodierunt.
1335 1644 1634 1698 Quaecunque
1669 1645 1781 1686 enim
1817 1647 1868 1688 ad
1894 1649 2153 1693 Martianum

213 1735 513 1780 illustrandum
553 1729 925 1772 emendandumve
959 1729 1111 1783 scripta
1146 1734 1302 1774 essent,
1351 1724 1440 1765 sive
1476 1734 1586 1764 recte
1626 1726 1716 1766 sive
1761 1742 1879 1767 secus
1919 1729 2026 1772 dicta
2069 1747 2160 1774 esse

213 1818 481 1867 viderentur,
532 1816 723 1870 ipsorum
763 1821 986 1853 auctorum
1032 1808 1171 1850 verbis
1212 1815 1422 1861 quantum
1465 1805 1556 1846 fieri
1598 1815 1735 1860 posset
1774 1807 1942 1864 integris
1981 1815 2156 1854 servatis

213 1899 545 1952 nominibusque
581 1894 747 1948 adjectis
788 1891 1009 1947 complecti
1052 1888 1206 1939 voluit3
1249 1899 1391 1940 neque
1428 1885 1470 1925 in
1509 1884 1738 1926 editoribus
1770 1892 2159 1946 tantum-substitit,

214 1995 402 2037 quorum
441 1992 540 2019 sane
581 1976 732 2029 exigua
766 1987 896 2029 opera
934 1980 1029 2012 ante
1068 1969 1209 2024 ipsum
1241 1967 1283 2007 in
1315 1966 1552 2007 enarrando
1590 1967 1791 2021 scriptore
1821 1971 2013 2012 omnium
2050 1972 2159 2014 diffi-

214 2062 373 2103 cillimo
402 2058 675 2106 cernebatur,
720 2069 874 2095 verum
912 2053 1036 2094 etiam
1080 2051 1261 2092 aliorum
1302 2048 1647 2098 commentarios,
1699 2049 1858 2091 Barthii
1899 2052 2157 2106 adversaria,

214 2139 407 2182 Salmasii
459 2135 772 2178 exercitationes
817 2134 1046 2183 Plinianas,
1103 2132 1319 2175 Arntzenii
1363 2130 1652 2182 miscellanea,
1710 2131 1896 2172 Vonckii
1943 2135 2155 2188 specimen

215 2221 429 2268 criticum,
458 2216 665 2257 Bondami
699 2214 833 2255 varias
868 2215 1086 2263 lectiones,
1127 2223 1167 2253 et
1197 2225 1478 2267 quoscunque
1509 2219 1725 2265 praeterea
1757 2210 1916 2264 aliquid
1949 2213 1988 2252 in
2022 2223 2158 2255 trans—

215 2313 343 2340 cursu
373 2296 425 2338 de
458 2295 666 2336 Martiano
703 2303 920 2334 annotasse
950 2302 1110 2345 nosset,
1153 2293 1196 2333 in
1227 2305 1351 2332 usum
1385 2305 1514 2331 suum
1544 2290 1770 2339 convertit,
1827 2290 1936 2345 ipsos
1971 2291 2157 2347 denique

216 2380 304 2420 illas
344 2390 450 2432 quas
501 2374 745 2414 imitabatur
792 2373 993 2414 editiones
1046 2374 1264 2428 diligenter
1309 2371 1492 2411 excussit
1539 2369 1854 2424 excerpsitque;
1906 2372 2158 2413 recentiores

218 2457 473 2498 Martianum
507 2467 661 2509 parum
692 2453 923 2508 respexisse
955 2462 1101 2494 notum
1136 2462 1217 2502 est,
1261 2464 1450 2505 quorum
1482 2448 1514 2489 si
1546 2462 1676 2503 quem
1710 2447 1946 2488 adhibitum
1982 2450 2157 2503 videbis,

218 2551 292 2592 ego
312 2537 582 2591 plerumque,
612 2533 644 2574 si
670 2533 774 2589 quid
797 2533 902 2575 forte
920 2541 1173 2584 occurreret,
1196 2532 1365 2588 Koppio
1389 2530 1557 2574 contuli.
1588 2530 1697 2572 Hinc
1717 2531 2156 2586 autemsequebatur,
