2310 2860
217 189 303 232 194-

217 299 364 344 opiceret.
407 297 475 331 Sed
499 308 596 341 quum
622 295 729 338 ignem
763 307 845 339 aqua
874 299 1043 339 sequatur,
1076 292 1169 325 facile

218 361 441 394 lustrationum
464 364 496 390 et
516 357 736 402 expiationum
764 369 881 399 genera
917 366 1091 398 agnoscere
1113 366 1169 400 po-

219 425 342 458 tuisset.
366 423 494 465 Virgilii
516 423 606 455 loeus
627 421 723 466 (Aen.
741 423 780 463 G,
811 420 896 465 756)
920 420 950 452 ei
969 419 1114 452 fortassis
1137 419 1172 451 in

219 492 325 520 mente
351 491 436 526 erat,
473 484 530 518 uhi
561 489 657 530 poeta
690 484 730 516 de
758 489 958 516 mortuorum
987 482 1100 514 animis
1126 481 1173 515 sie

221 552 322 586 canit:

277 608 373 649 »Non
394 620 502 647 tamen
521 626 611 646 omne
631 614 751 646 malum
772 614 916 652 miser-55,
946 623 1005 644 nec
1022 610 1174 657 funditus

622 688 731 708 omnes

270 742 449 786 Cor-porcae
468 741 628 773 excedunt
642 746 746 784 pestes
760 742 954 786 penitusque
974 750 1104 771 necesse
1127 744 1177 772 est

270 804 379 839 Multa
400 805 456 835 diu
478 809 627 835 concreta
650 804 750 834 modis
774 802 945 834 inolescere
967 802 1066 833 miris.

270 868 360 912 Eryo
386 872 578 899 exercentur
601 865 731 910 poenis,
764 870 972 911 veterumque
995 863 1153 895 malorum

273 929 442 973 Supplicia
464 929 663 973 expendunt.
689 927 785 959 Aliae
805 927 996 971 panduntur
1020 927 1130 958 inanis

271 992 455 1035 Suspensae
475 991 518 1022 ad
537 996 669 1023 ventos-
687 990 760 1021 aliis
782 990 842 1021 sub
866 990 994 1034 qut-qite
1015 994 1108 1021 vasto

269 1053 433 1097 Infectam
453 1054 574 1085 eluitur
594 1052 718 1092 scelus,
747 1057 805 1084 aut
829 1053 981 1086 exuritur
1003 1051 1099 1094 ignia

225 1118 292 1151 Sed
318 1117 454 1149 multum
478 1117 608 1158 abesse,
632 1121 667 1148 ut
696 1128 808 1148 omnes
833 1116 956 1149 animae
978 1116 1091 1161 poeuis
1116 1115 1179 1148 affi-

225 1181 358 1220 ciantur,
381 1180 449 1221 jam
467 1192 483 1211 e
499 1179 636 1211 Platone
652 1178 704 1223 (de
721 1179 762 1210 R.
779 1179 818 1211 P.
838 1180 892 1210 10.
916 1191 948 1222 p.
961 1180 1034 1211 615
1055 1175 1181 1223 Steph.)

223 1242 335 1287 liquet.
361 1240 457 1272 Aliae
479 1240 562 1272 enim
586 1239 717 1271 lustrari
739 1245 861 1272 tantum
884 1240 1106 1280 credebantur,
1127 1252 1182 1272 cu·-

224 1307 350 1351 pientcs
383 1305 511 1349 quidem
537 1304 624 1348 ipsae
651 1304 820 1348 (Juvenal.
854 1304 898 1345 2,
932 1305 1014 1337 156.
1039 1304 1181 1338 Macroh.

225 1380 328 1401 somn.
350 1366 438 1409 Scip.
461 1367 499 1405 2,
528 1367 573 1397 17
596 1365 647 1409 s.):
667 1366 747 1397 aliae
775 1366 923 1409 praemiis
947 1367 1042 1398 etiam
1067 1366 1182 1399 ornari.

224 1429 367 1469 Deinde,
393 1427 481 1471 quod
509 1427 653 1469 inprimis
687 1426 821 1459 Grotius
845 1428 1014 1459 ohservare
1035 1429 1182 1470 debehat,

223 1506 290 1526 non
321 1496 521 1523 mortuorum
550 1493 675 1521 tantum
706 1490 790 1532 apud
814 1490 933 1522 inferos
960 1492 1098 1533 animas,
1126 1492 1183 1524 sed

224 1559 258 1591 iu
282 1556 408 1600 superis
435 1554 531 1586 etiam
555 1553 640 1585 auris
665 1552 809 1584 viventes
834 1554 986 1587 lustratos
1014 1568 1085 1588 esse
1107 1562 1183 1601 poe-

227 1629 277 1654 tae
303 1621 477 1652 finxerunt.
504 1619 556 1649 De
582 1617 652 1649 solo
679 1617 752 1658 igne
780 1617 930 1649 Tibullus
957 1618 1011 1662 (l,
1040 1620 1082 1659 2,
1104 1619 1184 1662 61);

282 1683 345 1714 „Et
367 1693 417 1712 me
437 1681 587 1711 lustravit
611 1678 712 1710 taedis
719 1692 1050 1706 ——————

229 1747 267 1779 de
291 1744 378 1777 omui
398 1754 513 1786 genere
536 1741 673 1774 Ovidius
697 1741 784 1785 (met.
807 1742 840 1782 7,
868 1740 972 1786 261);

287 1810 435 1855 »Terque
461 1818 570 1839 senem
599 1806 742 1845 flamma,
780 1809 829 1836 ter
859 1817 957 1849 aqua,
988 1811 1037 1838 ter
1061 1804 1186 1850 sulfure

634 1870 782 1901 lustratae

229 1936 386 1972 Similiter
414 1933 604 1978 Propertius
629 1933 681 1977 (4,
705 1933 745 1972 8,
770 1931 849 1976 86)=

285 2000 434 2045 »Terque
455 2008 560 2028 meum
581 1996 685 2039 teliyit
710 1993 846 2038 sulfuris
870 1994 944 2035 igne
966 2000 1090 2038 capum

231 2061 395 2106 Quoniam
429 2064 536 2091 autem
574 2057 753 2090 Martianus
787 2068 825 2087 ea
861 2056 1067 2099 expositurus
1101 2060 1187 2098 crat,

232 2135 313 2167 quae
348 2127 453 2166 aptam
485 2126 579 2164 atque
606 2119 744 2151 habilem
774 2117 990 2160 Philologiam
1018 2119 1190 2151 redderent

234 2187 274 2219 ad
298 2184 528 2229 impetrandam
547 2182 756 2227 apotheosin,
785 2182 916 2213 vex-bum
937 2195 1030 2214 urere
1052 2183 1112 2214 rite
1137 2183 1190 2214 ad-

233 2249 344 2282 hibuit.
378 2249 427 2281 lta
450 2246 639 2291 Triptolemi
668 2246 769 2279 Ceres
795 2244 904 2290 (Ox-id.
927 2246 1001 2279 fast.
1025 2247 1065 2288 4,
1089 2246 1191 2291 555)=

285 2329 333 2336 -—-
349 2330 396 2335 --
414 2321 544 2352 »corpus
566 2309 692 2341 vivente
721 2307 829 2339 favilla

286 2373 420 2412 Obruit,
448 2372 624 2402 humanum
645 2376 759 2414 pmyet
784 2376 819 2402 ul
839 2370 922 2412 ignis
952 2383 1061 2403 onus«

236 2438 287 2470 De
313 2434 510 2479 Triptolemo
536 2434 618 2465 idem
639 2433 859 2477 Apollodorus
883 2435 936 2479 (1,
962 2437 995 2475 5,
1022 2435 1070 2478 2),
1092 2435 1190 2467 idem-

238 2511 300 2544 que
317 2497 439 2531 Achilli
459 2497 498 2529 al)
519 2496 615 2538 hujus
639 2502 737 2527 matre
761 2497 877 2528 sactum
899 2496 1095 2541 Apollonius
1117 2497 1192 2542 (Ar-

238 2575 312 2606 gon.
333 2562 375 2603 4,
405 2560 492 2604 869)
512 2565 544 2592 ct
567 2558 790 2603 Apollodorus
816 2562 864 2603 (5,
892 2562 949 2602 15,
973 2563 995 2594 5
1023 2561 1125 2606 sequ.)
1144 2573 1193 2594 re·

238 2628 391 2660 tulerunt.
425 2625 540 2670 Neque
566 2623 726 2657 Hercules
755 2623 846 2655 divus
880 2624 948 2657 fieri
976 2626 1082 2671 potuit
1108 2631 1195 2659 ante·

788 182 990 226 Martiani
1021 180 1220 239 Capellae
1257 181 1328 223 lib.
1350 180 1405 223 ΙΙ.
1444 181 1598 234 §.142

1221 303 1317 336 quam
1341 291 1446 323 omnia
1464 292 1620 332 humana,
1647 305 1729 337 quae
1753 305 1771 325 a
1791 298 1891 325 matre
1912 292 2066 333 habebat,
2090 293 2176 325 flam-

1222 368 1344 387 marum
1361 355 1392 387 vi
1413 361 1579 387 consumta
1603 362 1693 388 erant
1710 357 1792 401 (Liv.
1808 358 1874 398 56,
1899 359 1958 390 50.
1985 356 2081 389 Ovid.
2102 363 2176 389 met.

1222 418 1264 459 9,
1294 418 1378 449 251.
1415 416 1531 449 Senec.
1561 417 1659 449 Herc.
1684 418 1759 450 Oet.
1791 419 1918 463 1966),
1956 431 2062 463 neque
2085 419 2178 451 semi-

1222 482 1357 514 deorum
1368 481 1449 513 alius
1466 481 1634 525 quisquam
1648 481 1756 526 (Dion.
1770 483 1876 515 11alic.
1892 485 1923 515 7.
1937 483 2049 527 p.478
2065 481 2179 527 sylb).

1221 546 1325 579 Indus
1350 557 1479 590 quoque
1508 545 1649 579 Calamis
1675 546 1736 591 (ap.
1760 547 1863 581 Cicer.
1887 548 1926 580 de
1951 548 2012 580 div.
2036 549 2075 589 1,
2101 547 2180 593 25):

1232 608 1282 641 »O
1297 608 1497 653 praeclarum
1516 608 1693 640 discessum
1712 621 1730 641 e
1746 609 1846 651 vita«,
1869 611 2041 652 exclamat,
2063 621 2182 654 »quum

1224 677 1262 705 ut
1290 672 1427 704 Herculi
1458 673 1608 715 contigit,
1646 673 1773 705 mortali
1799 685 1932 717 corpore
1964 680 2119 715 cremato,
2149 673 2182 705 in

1222 734 1332 768 >lucem
1357 735 1480 767 animus
1502 735 1711 768 excesserim
1744 735 1907 768 Phoreum
1929 736 2066 781 denique
2086 736 2182 767 filiam

1226 811 1319 833 suam
1341 800 1531 840 suscitasse,
1561 804 1731 844 postquam
1752 800 1822 842 ejus
1845 811 1960 844 corpus
1979 800 2080 832 taedis
2098 811 2183 831 com-

1229 863 1405 905 bussisset,
1430 863 1626 908 Lycophron
1649 863 1725 908 (48)
1744 864 1844 906 fingit.
1878 863 1946 896 Sed
1967 869 2003 894 ut
2025 864 2121 895 [inem
2139 864 2183 895 fa·
2242 906 2246 909 ὴ

1228 929 1349 962 ciamus
1377 927 1452 959 huic
1481 928 1520 959 de
1541 927 1784 959 lustrationibus
1810 926 2035 971 disputationi,
2059 927 2185 970 juvabit

1228 990 1460 1036 praestantium
1492 990 1587 1021 etiam
1617 989 1881 1034 philosophorum
1913 989 2102 1021 sententiam
2131 989 2184 1021 ad·

1231 1054 1323 1096 dere,
1348 1054 1484 1086 maxime
1505 1054 1669 1094 Senecae,
1711 1054 1766 1098 qui
1788 1053 1922 1098 (consol.
1943 1054 1982 1085 ad
2007 1054 2105 1086 Marc.
2126 1053 2186 1085 25.

1230 1131 1261 1163 p.
1288 1119 1358 1150 128
1383 1116 1502 1162 Lips.):
1529 1118 1689 1150 »Proinde
1717 1130 1785 1150 non
1810 1123 1896 1159 est«,
1922 1117 2042 1161 inquit,
2080 1116 2187 1161 „quod

1231 1181 1272 1212 ad
1299 1180 1480 1224 sepulcrum
1506 1180 1563 1211 filii
1586 1191 1711 1211 curras:
1728 1180 1866 1224 pessima
1889 1180 1959 1221 ejus
1986 1186 2018 1211 et
2037 1179 2099 1223 ipsi
2119 1190 2187 1211 mo·

1233 1241 1406 1273 lestissima
1429 1241 1503 1274 istie
1521 1241 1646 1284 jacent,
1670 1253 1744 1272 ossa
1765 1241 1971 1285 cineresque,
1997 1252 2064 1272 non
2087 1240 2188 1282 magis

1232 1303 1319 1335 illius
1346 1309 1471 1347 partes,
1507 1316 1603 1347 quam
1631 1308 1739 1336 vestes
1766 1303 1889 1347 aliaque
1911 1307 2094 1344 tegumenta
2119 1313 2187 1334 cor·

1233 1380 1357 1413 porum.
1395 1367 1526 1409 Integer
1553 1368 1609 1399 ille
1638 1367 1782 1411 nihilque
1810 1367 1843 1398 in
1874 1366 1968 1398 terris
2002 1366 2188 1410 relinquens

1233 1432 1315 1474 sugit
1335 1437 1367 1463 et
1391 1437 1478 1463 totus
1504 1431 1657 1472 excessit,
1680 1431 1888 1475 paullumquc
1909 1442 2006 1475 supra
2027 1442 2087 1462 nos
2106 1441 2189 1461 com-

1234 1499 1391 1534 moratus,
1421 1494 1498 1525 dum
1524 1499 1727 1537 expurqatm·
1755 1498 1787 1525 et
1813 1494 2019 1526 inhaerentia
2043 1493 2124 1524 vitia
2148 1491 2189 1523 si-

1234 1563 1367 1602 tumque
1402 1569 1528 1588 omnem
1557 1557 1700 1588 mortalis
1736 1556 1805 1588 aevi
1835 1558 1975 1596 excutit,
2008 1556 2123 1587 deinde
2150 1555 2193 1586 ad

1236 1622 1364 1652 excelsa
1386 1621 1533 1651 sublatus
1558 1620 1642 1652 inter
1665 1620 1775 1652 felices
1799 1620 1897 1653 currit
1917 1620 2065 1652 animas«
2109 1619 2190 1663 Qui-

1236 1681 1371 1713 buscum
1393 1680 1552 1723 permulta
1579 1678 1641 1709 alia
1663 1687 1807 1712 veterum
1834 1682 1970 1714 conferri
1994 1681 2121 1726 possint
2147 1686 2191 1712 te-

1238 1739 1402 1780 stimonia,
1434 1745 1470 1771 ut
1492 1739 1658 1771 Plutarchi
1682 1740 1735 1784 (de
1760 1741 1840 1773 facie
1863 1743 1896 1774 in
1921 1743 2015 1774 Luna
2041 1754 2074 1786 p.
2095 1742 2193 1785 945),

1235 1803 1464 1847 Aristophanis
1489 1803 1540 1847 (in
1565 1804 1652 1836 Pace
1670 1816 1699 1835 v.
1722 1805 1796 1836 696
1827 1804 1934 1849 ibique
1959 1805 2193 1849 Christianus),

1236 1868 1342 1902 Pselli
1360 1868 1413 1911 (ad
1430 1867 1545 1900 Chald.
1561 1878 1646 1900 orac.
1663 1879 1710 1912 ap.
1723 1867 1891 1901 Gallaeum
1913 1868 1945 1900 in
1961 1881 2032 1913 app.
2049 1881 2081 1913 p.
2097 1868 2193 1912 105),

1239 1933 1313 1966 Silii
1339 1933 1417 1975 (10,
1446 1931 1532 1975 578)
1556 1936 1615 1962 cet.

1316 1994 1404 2041 eam]
1431 1994 1594 2027 Omissam
1621 1995 1705 2039 apud
1729 1995 1877 2028 Grotium
1907 1996 1989 2028 hanc
2015 2008 2127 2028 vocem
2155 2008 2195 2028 ex

1240 2058 1452 2091 anterioribus
1480 2057 1604 2089 restitui
1630 2057 1834 2090 editionibus,

1317 2118 1456 2165 lympha]
1477 2120 1527 2151 De
1543 2119 1732 2152 lustratione
1755 2125 1787 2151 et
1808 2120 1988 2164 expiatione
2006 2131 2065 2164 per
2082 2131 2195 2163 aquam

1242 2186 1352 2217 confer
1368 2189 1494 2228 praeter
1510 2183 1600 2215 locos
1622 2184 1717 2216 modo
1749 2182 1895 2215 laudatos
1910 2183 2079 2225 Virgilium
2098 2182 2194 2227 (Aen.

1242 2250 1276 2288 (3,
1303 2247 1408 2291 229),
1434 2246 1592 2278 Senecam
1613 2246 1724 2291 (llere.
1748 2247 1806 2276 sur.
1838 2245 1958 2289 1526),
1987 2251 2019 2276 ct
2042 2245 2195 2277 Ovidium

1242 2311 1328 2355 (met.
1349 2310 1406 2349 15,
1429 2310 1512 2341 950.
1539 2309 1596 2350 14,
1621 2309 1712 2349 (3013
1741 2308 1812 2339 sast.
1838 2307 1873 2348 4,
1899 2307 1996 2351 790),
2022 2308 2077 2352 qui
2101 2307 2213 2340 etiam'

1241 2375 1325 2420 (fast.
1348 2375 1387 2413 5,
1413 2371 1518 2416 GSl)=

1299 2435 1425 2468 »Ablue
1446 2435 1615 2478 praeteriti
1633 2434 1777 2478 penjuria
1800 2435 1966 2477 temporis,
1999 2436 2125 2482 inquit,

1299 2497 1424 2532 »Ablue
1446 2498 1621 2541 praeterita
1643 2496 1765 2539 perfida
1788 2497 1886 2528 verba
1910 2497 1990 2528 (lies

1319 2562 1446 2593 animae
1460 2557 1680 2604 simulacrum]
1698 2558 1849 2591 Animam
1863 2559 1964 2604 ipsam
1979 2571 2077 2603 quum
2091 2563 2196 2590 mente

1245 2623 1424 2669 complecti,
1447 2623 1584 2656 docente
1603 2622 1760 2656 Cicerone
1780 2622 1890 2666 (Tusc.
1909 2622 1941 2663 1,
1962 2621 2033 2666 16),
2052 2619 2196 2653 homines
