2310 2860
677 100 878 144 Martiani
917 99 1118 158 Capellae
1154 99 1295 142 lib.II.
1333 103 1364 154 §.
1388 100 1482 144 158.

106 207 221 263 apud
254 208 409 248 Atticos
454 207 651 249 docuere.

105 289 474 331 Comminuendae
518 290 650 346 frugis
689 290 903 346 farrisque
941 290 1178 346 fragmenta
1215 290 1414 330 Pilumno
1460 290 1640 345 assignat
1676 292 1807 334 Italia.

105 370 297 427 Asclepio
328 371 509 412 Graecia
535 371 805 412 medicinam.
864 371 947 414 Alii
981 386 1158 428 quoque
1188 371 1319 426 hujus
1349 372 1512 427 generis
1544 371 1739 414 homines
1770 374 1813 415 in
1847 374 2067 417 divinandi
2101 367 2183 409 159

1977 105 2065 147 ‘215

732 207 988 264 Eademque
1024 207 1099 248 Isis
1144 207 1217 248 lini
1259 221 1387 248 usum
1431 217 1752 265 sementemque
1797 213 2062 253 monstravit.

1885 293 2068 334 Ascribit

106 466 230 493 usum
267 460 306 492 et
342 451 665 506 praescientiam
699 453 927 508 procreati,
969 462 1015 494 ut
1045 452 1282 493 Carmentis
1321 452 1364 493 ln
1395 452 1576 494 Arcadia
1612 454 1666 494 ab
1699 453 1832 496 offuso
1868 471 1943 511 per
1987 470 2062 497 va-

103 530 243 573 ticinia
276 531 465 573 carmine
496 542 756 585 1nemorata3
813 532 976 588 Sibylla
1017 533 1085 575 vel
1122 532 1360 588 Eryffirea,
1404 547 1605 589 quaeque
1640 534 1831 577 Cumaea
1866 546 1947 587 est,
1994 538 2062 578 vel

174 651 233 682 Iz'm'
257 649 362 697 usum]
390 651 477 684 lline
498 651 560 684 Isis
588 651 721 693 linigera
748 656 780 683 et
803 649 899 685 Isiaci
921 650 1057 693 linigeri.

101 711 284 745 Juvenalis:
912 700 915 702 -

158 776 244 820 »Qui
261 790 357 822 yreye
383 779 517 822 liniyero
538 777 757 810 circumdatur
775 782 806 810 et
827 789 925 823 yreqe
948 779 1049 812 caluo.

104 840 208 875 Gnor.
226 860 272 865 —
300 841 451 885 Aegyptii
470 854 545 873 vero
571 844 666 874 etiam
689 842 800 874 lancae
824 841 923 873 vestis
949 842 1057 874 inven-

103 902 222 935 tionem
241 904 319 936 Isidi
343 905 538 944 tribuerunt,
565 910 676 948 utpote
706 916 788 948 quae
818 904 978 936 Mercurio
1003 905 1058 936 do·

103 972 194 998 cente
220 967 320 1011 prima
353 968 457 1002 lanam
484 979 578 1008 nere,
608 973 640 1000 ct
671 973 792 999 vestem
821 979 861 999 cx
889 979 926 1000 ca
950 974 1058 1000 texere

103 1028 265 1060 inuenerit.
291 1028 392 1061 Gonz.
415 1048 462 1053 -—
495 1029 579 1060 »Nili
602 1029 687 1071 regis
715 1029 812 1060 liliam
842 1035 875 1062 et
902 1030 1058 1061 textrinae

102 1089 176 1120 artis
208 1090 406 1132 magistram«
438 1091 547 1122 Julius
578 1091 734 1123 Firmieus
761 1091 821 1135 (de
850 1102 947 1122 error.
977 1092 1058 1135 prof.

101 1151 202 1194 relig.)
221 1151 337 1183 Isidem
358 1152 515 1196 appellat,
541 1153 628 1196 quod
650 1159 815 1196 praeterea
837 1152 979 1186 Goezius
1002 1153 1058 1184 do-

103 1218 168 1252 cet,
196 1225 246 1244 me
275 1214 407 1246 latuisse
432 1214 570 1256 ingenue
593 1215 714 1255 fateor,
748 1227 829 1259 quae
851 1215 935 1247 enim
959 1216 998 1246 de
1021 1227 1057 1247 ca

102 1280 264 1318 comperta
286 1276 441 1307 habebam
467 1276 572 1307 omnia
592 1276 714 1320 pridem
741 1277 786 1321 (in
808 1277 968 1321 palaeogr.
990 1277 1059 1310 crit.

101 1335 162 1370 IV.
188 1336 217 1382 §.
238 1338 326 1382 595)
350 1338 496 1382 exposui.

177 1399 342 1446 Pilumno]
366 1401 450 1433 Vide
470 1401 510 1433 de
530 1402 592 1433 hoe
613 1401 673 1433 deo
693 1401 872 1434 Varronem
894 1402 955 1446 (ap.
973 1402 1058 1435 Non.

102 1463 244 1496 Marcell.
268 1465 322 1496 12.
344 1478 376 1498 n.
397 1466 457 1498 56.
478 1466 594 1508 p.528
615 1465 742 1507 Mera),
766 1466 937 1507 Virgilium
959 1465 1058 1509 (Aen.

104 1528 161 1568 10,
184 1528 240 1559 76.
266 1526 364 1569 619),
382 1528 558 1560 Minucium
577 1528 719 1560 Felicem
740 1529 814 1572 (25,
837 1530 885 1571 8),
910 1529 1058 1561 Servium

101 1589 154 1632 (ad
175 1588 259 1620 Aen.
274 1589 314 1629 9,
339 1590 363 1621 4
387 1595 419 1621 ct
444 1590 500 1629 10,
522 1590 597 1631 76),
622 1589 842 1631 Augustinum
859 1590 913 1634 (de
933 1591 990 1623 civ.
1006 1591 1060 1623 dei

101 1652 141 1691 6,
168 1650 204 1693 9)
232 1656 264 1681 et
288 1649 462 1682 Gruterum
489 1651 535 1694 (in
559 1651 656 1685 inser.
681 1651 749 1691 96,
772 1651 820 1694 ll).

175 1712 332 1759 assignat]
360 1714 409 1745 Ita
433 1726 492 1758 pro
517 1714 674 1746 Grotiano
696 1716 804 1758 siquat
821 1715 940 1747 habent
961 1727 1058 1747 mem-

102 1780 218 1811 branae
245 1779 423 1811 Leideuses
447 1780 593 1823 (Mum-k.
626 1780 666 1811 ad
694 1779 846 1821 Fulgent.
874 1791 908 1824 p.
931 1779 1000 1823 44)
1026 1784 1058 1810 et

103 1843 205 1875 codex
232 1842 412 1874 Vossianus
437 1842 570 1886 (Arntz.
598 1843 686 1875 misc:
714 1856 744 1887 p.
768 1842 879 1887 211),
913 1843 1057 1886 quamvis

103 1916 169 1937 non
196 1904 265 1935 sine
295 1904 441 1948 exemplo
472 1904 527 1934 ille
556 1904 645 1935 verbi
666 1905 797 1947 siquam
820 1915 898 1934 usus
926 1903 976 1935 sit.

178 1966 373 2012 cameratis]
399 1967 542 1998 Evandri
566 1972 667 1998 mater
689 1967 888 2007 Nicostrata,
918 1967 980 1998 alio
1000 1979 1057 1999 no-

102 2030 187 2062 mine
212 2029 383 2062 Carmenta
415 2028 602 2069 vocabatur,
633 2028 703 2059 aliis
733 2034 840 2061 tamen
864 2028 1056 2061 Carmentis.

103 2092 257 2126 Ovidius:

160 2155 317 2203 »Jamque
335 2160 437 2188 ratem
457 2155 567 2186 dociae
591 2155 715 2187 monitu
733 2154 918 2188 Carmentis
940 2156 975 2187 in
990 2166 1055 2186 am-

502 2227 576 2247 nem

153 2276 289 2320 Efferat·
305 2295 353 2301 —
369 2291 418 2301 —
437 2295 484 2301 ·—-

104 2336 208 2371 Idem:

162 2400 359 2432 nCarmentis
375 2407 486 2443 portae
504 2401 618 2434 dextro
637 2408 684 2434 est
705 2403 759 2434 vn'a
776 2404 924 2446 proxima
940 2403 1052 2435 nsanos

105 2464 149 2497 Et
170 2464 252 2495 forte
269 2463 403 2504 rectius,
429 2462 457 2494 si
478 2465 697 2507 etymologicis
714 2466 889 2506 eredimus,
909 2467 964 2510 qui
983 2467 1056 2498 inde

106 2526 221 2559 dietam
248 2525 351 2567 ajunt,
381 2524 468 2569 quod
489 2531 610 2558 careret
633 2533 754 2560 mente:
778 2534 846 2560 crat
871 2528 956 2560 enim
987 2528 1054 2559 fati-

1111 650 1189 682 dica.
1216 650 1320 683 Gnor.
1345 669 1392 676 -—-
1425 651 1572 684 Nominis
1604 658 1732 696 etymon
1762 654 1901 698 prodidit
1925 655 2063 688 Ovidius

1109 714 1193 758 (fast.
1220 715 1255 754 ι,
1283 715 1384 758 467),
1581 702 1584 705 ’

1168 776 1262 819 »Ipsa
1282 789 1393 817 mone,
1425 787 1509 825 quae
1535 788 1651 810 nomen
1680 778 1776 810 habes
1806 791 1822 810 a
1851 780 1987 811 carmine
2010 781 2066 812 ‹ln-

1508 846 1623 872 mamm

1111 901 1209 945 Quod
1225 908 1256 934 et
1270 902 1466 935 Graecorum
1481 904 1628 936 nonnulli
1640 904 1786 949 (Dionys.
1806 905 1910 937 Halic.
1929 908 1956 937 1.
1973 920 2003 950 p.
2016 907 2065 939 24

1110 965 1201 1009 Syll».
1223 966 1387 998 Plutarch.
1408 966 1441 998 in
1460 967 1589 998 Romul.
1613 980 1643 1012 p.
1663 969 1729 1006 513
1757 974 1881 1011 quaest.
1898 969 1992 1000 Rom.
2009 972 2069 1002 55.

1109 1039 1140 1071 p.
1159 1026 1246 1070 278)
1266 1028 1482 1071 comprobant.
1511 1028 1628 1060 Strabo
1651 1030 1696 1072 (25.
1719 1043 1749 1072 1¹·
1768 1030 1841 1061 250
1866 1031 1885 1060 s.
1916 1031 2069 1073 Casaub.)

1110 1088 1296 1131 simpliester
1324 1087 1546 1135 Ηαρμὲντιν
1572 1102 1641 1121 eam
1672 1091 1820 1134 appellat.
1865 1090 1990 1124 Aedem
2015 1095 2068 1124 lia-

1109 1151 1178 1183 buit
1197 1151 1231 1183 in
1255 1152 1387 1193 regione
1416 1157 1527 1184 octava
1553 1153 1605 1196 (es.
1634 1153 1757 1185 Victor.
1784 1154 1852 1185 urb.
1881 1165 1946 1195 reg.
1965 1154 2010 1198 8).

1183 1214 1322 1260 Sibylla]
1351 1216 1400 1246 Dc
1432 1215 1570 1247 nominis
1600 1221 1706 1259 οἴμῃ)
1735 1217 1840 1248 Varro
1865 1218 1963 1260 (apud
1989 1217 2068 1250 Lae-

1109 1281 1186 1309 tant.
1211 1279 1241 1309 1.
1266 1278 1309 1321 6)
1337 1278 1380 1309 ita
1407 1279 1534 1319 statuit,
1570 1276 1699 1319 »ιόιούς
1725 1279 1821 1320 deos,
1847 1292 1910 1312 non
1934 1279 2067 1323 θεοὺς,

1109 1347 1142 1372 et
1170 1341 1338 1373 eonsilium
1371 1354 1438 1374 nou
1471 1339 1625 1388 βουλὴν
1658 1341 1716 1374 sed
1750 1341 1879 1389 βυλὴν
1915 1344 2070 1387 appellari

1109 1402 1245 1435 Acolico
1279 1416 1396 1445 genere
1429 1405 1603 1446 sermoni53
1635 1405 1744 1450 itaque
1767 1405 1925 1450 Sibyllam
1953 1407 2069 1440 dietam

1109 1477 1181 1497 csse
1201 1466 1293 1510 quasi
1307 1462 1561 1513 θεοβούλην.«
1590 1466 1667 1499 Alia
1691 1469 1866 1500 attulerunt
1889 1469 2068 1502 Salmasius

1109 1529 1163 1573 (ad
1187 1528 1291 1562 Solin.
1320 1542 1350 1573 p.
1370 1531 1419 1562 80
1449 1530 1497 1561 ed.
1524 1542 1549 1561 a.
1578 1530 1703 1573 1629),
1729 1531 1895 1563 Fabricius
1917 1533 1962 1575 (in
1989 1533 2067 1565 bibl.

1111 1592 1167 1624 Gr.
1185 1592 1212 1633 Ι,
1230 1605 1261 1636 p.
1282 1594 1508 1633 171-1743
1533 1593 1608 1625 edit.
1630 1594 1721 1626 Harl.
1744 1594 1774 1634 Ι,
1797 1606 1828 1638 p.
1851 1595 1925 1627 229
1949 1595 2067 1639 sequ.)‚

1109 1660 1142 1686 ct
1164 1654 1356 1686 Perizonius
1376 1654 1430 1697 (ad
1450 1653 1578 1687 Aelian.
1596 1667 1663 1688 var.
1679 1656 1752 1687 hist.
1777 1657 1831 1688 12.
1854 1658 1913 1689 35.
1938 1658 1985 1701 5),
2012 1659 2068 1701 qui

1109 1718 1204 1750 etiam
1230 1718 1371 1758 monuit,
1397 1719 1526 1750 tandem
1543 1718 1676 1750 feminas
1701 1719 1845 1751 fatidicas
1871 1732 1980 1751 omnes
2006 1723 2068 1754 hoe

1109 1780 1237 1812 nomine
1259 1779 1435 1824 appellatas
1456 1779 1546 1820 esse,
1580 1780 1663 1812 sicut
1686 1785 1718 1812 et
1746 1780 1905 1813 Stavereu
1929 1782 1974 1825 (in
2001 1796 2067 1826 my-

1109 1845 1275 1888 thograph.
1301 1856 1331 1887 p.
1355 1843 1449 1886 952)
1474 1844 1620 1887 pluribus
1650 1844 1888 1877 demonstravit.
1927 1846 2068 1878 Primam

1108 1911 1215 1936 tamen
1245 1904 1450 1949 omniumque
1480 1906 1732 1950 antiquissimam
1765 1907 1805 1938 ab
1828 1906 1923 1949 Asi-is
1950 1919 2068 1941 nomen

1109 1967 1271 2010 accepisse
1293 1967 1392 1997 refert
1413 1966 1592 1998 Pausanias
1618 1967 1690 2011 (10.
1716 1968 1792 2010 12),
1821 1969 1905 2000 uude
1927 1969 2067 2003 sortasse

1107 2028 1187 2059 fides
1214 2027 1336 2059 accedit
1361 2027 1490 2071 Hydi0,
1524 2028 1580 2071 qui
1610 2029 1663 2072 (de
1681 2028 1770 2070 relig.
1797 2029 1925 2061 Persar.
1952 2043 1979 2063 e.
2005 2032 2066 2071 52,

1106 2103 1139 2135 p.
1156 2091 1228 2123 591
1259 2102 1348 2135 sequ.
1371 2091 1420 2123 ed.
1451 2090 1566 2135 1700)
1592 2091 1725 2135 reliquis
1755 2093 1902 2124 omnibus
1929 2095 2064 2137 origina-

1107 2153 1247 2185 tionibus
1274 2152 1408 2196 spretis,
1441 2164 1459 2184 e
1490 2165 1569 2185 voce
1603 2154 1779 2186 Phoenicia
1807 2153 1921 2197 rhum,
1958 2159 2065 2200 spica,

1106 2217 1246 2261 explicat
1267 2216 1370 2260 adque
1397 2217 1545 2260 l‘⁷ir9inis
1569 2217 1603 2249 in
1635 2217 1777 2249 Zodiaeo
1807 2219 1933 2260 signum
1958 2221 2062 2251 refert.

1179 2278 1339 2324 Cumaea]
1365 2279 1433 2311 Pro
1454 2280 1575 2311 Cmnea
1603 2281 1799 2312 Mueck-erus
1830 2283 1870 2314 ad
1899 2282 2062 2325 Hyginum

1106 2343 1169 2374 fab.
1192 2343 1265 2374 228
1292 2354 1310 2374 c
1336 2342 1445 2375 codice
1470 2343 1624 2375 Lcidensi
1652 2344 1773 2387 profert
1800 2345 1931 2387 Cymen,
1964 2345 2061 2386 idque

1107 2405 1202 2437 etiam
1231 2405 1360 2437 exhibet
1383 2406 1581 2448 Vossianus,
1610 2419 1714 2451 neque
1741 2407 1820 2439 illud
1848 2407 1937 2438 malc.
1976 2407 2062 2438 Vide

1107 2475 1215 2502 notam
1251 2469 1291 2500 ad
1321 2469 1447 2501 Livium
1475 2471 1542 2511 58,
1568 2471 1632 2511 59,
1663 2476 1695 2502 ct
1718 2482 1812 2513 quem
1839 2470 2061 2501 Draekenber-

1108 2531 1197 2562 ehins
1228 2530 1344 2562 excitat
1372 2520 1547 2563 'Heinsium
1577 2531 1616 2563 ad
1639 2531 1712 2564 val.
1738 2531 1842 2561 Flac-c.
1869 2531 1906 2570 1,
1935 2532 1968 2563 5.
1991 2531 2062 2563 Ad-
