2310 2860
95 427 152 468 27

179 233 238 276 68

777 228 976 272 Martiani
1014 226 1214 284 Capellae
1251 227 1324 269 lib.
1348 226 1380 269 1.
1419 226 1541 280 §.27

183 355 330 382 sarum
355 338 614 396 pedisequus
651 335 976 392 adhaerensque
1015 335 1238 377 comitatus
1269 334 1464 377 candenti
1493 349 1737 393 canoraque
1769 337 1863 378 alite
1883 338 2135 381 vehebatur.

183 424 310 465 Tunc
342 436 444 464 vero
475 420 736 476 conspiceres
768 421 892 461 totius
923 416 1074 460 mundi
1104 417 1260 473 gaudia
1292 416 1534 461 convenire.
1591 418 1706 459 Nam
1737 427 1777 458 et
1806 417 1929 458 tellus
1954 417 2133 459 floribus

183 505 412 554 luminata,
450 502 611 557 quippe
641 502 753 543 veris
784 501 915 542 deum
958 508 1236 554 conspexerat
1264 498 1494 540 subvolare
1534 497 1825 551 Mercurium,
1869 507 1908 539 et
1936 497 2134 554 Apolline

184 584 418 639 conspicato
449 582 561 623 aeria
592 581 816 637 temperies
847 580 960 621 sudis
997 578 1200 620 tractibus
1231 579 1463 621 renidebat.

1533 579 1688 634 Superi
1728 589 1872 620 autem
1911 579 2023 634 globi
2062 593 2134 619 or-

178 666 342 720 besque
378 662 671 720 septemplices
710 662 852 703 suavis
896 659 1120 716 cujusdam
1161 660 1371 702 melodiae
1402 660 1661 701 harmonicis
1691 659 1907 701 tinnitibus
1939 660 2136 701 concine-

182 745 303 795 bant,
348 759 397 785 ac
435 759 538 785 sono
571 743 684 784 ultra
713 742 884 783 solitum
914 741 1128 793 dulciore,
1167 743 1328 799 quippe
1358 741 1504 784 Musas
1537 741 1769 784 adventare
1800 748 2134 796 praesenserant,

177 839 290 880 quae
322 824 499 879 quidem
535 823 777 878 singulatim
809 822 975 863 circulis
1007 822 1255 878 quibusque
1286 824 1472 875 metatis,
1512 823 1588 864 ubi
1632 837 1735 864 suae
1765 822 1943 878 pulsum
1974 821 2132 863 modu-

177 912 350 938 acstatcm«
376 906 491 938 dieitur
515 905 638 938 auctori
662 905 700 936 dc
725 904 834 936 Aetna
864 917 895 948 p.
917 906 981 939 18;
1018 918 1132 937 »cursu

175 969 259 1000 seras
295 968 439 1013 praeire«
477 967 556 999 dixit
588 966 733 998 Adamas
767 966 954 998 Bremcnsis
989 979 1016 999 e.
1047 968 1130 999 251.

175 1033 324 1064 Boanu.
346 1033 422 1076 (var.
440 1031 512 1064 lect.
530 1044 561 1075 p.
576 1032 641 1063 55.
667 1030 738 1073 54).
758 1048 805 1053 —
820 1031 929 1071 Vulgo
954 1031 1039 1063 enim
1057 1043 1129 1063 con·

175 1098 290 1128 citatis.
304 1096 422 1127 Parum
439 1095 568 1139 quidem
585 1094 736 1134 interest,
763 1094 914 1138 quoniam
937 1100 1041 1126 autem
1059 1095 1129 1126 Πιι-

176 1160 288 1201 gianus
313 1171 441 1203 quoque
471 1159 573 1192 codex
598 1158 705 1191 Solem
734 1164 767 1189 ct
795 1160 938 1190 concitus
965 1171 1023 1202 pro
1057 1171 1128 1190 eon-

175 1223 291 1253 citatus
316 1221 464 1261 exhibet,
494 1220 699 1251 Boudamum
719 1225 848 1251 secutus
870 1232 949 1250 sum.

246 1282 453 1331 pedisequus]
486 1284 684 1315 Basilccnsis
716 1295 781 1314 uno
815 1282 858 1324 S,
897 1295 979 1326 quae
1016 1283 1129 1315 melior

172 1346 333 1379 scribendi
352 1345 431 1377 ratio
453 1350 519 1385 est,
545 1358 640 1389 quam
660 1345 817 1377 Grotiana
838 1345 1006 1387 geminato.
1028 1345 1128 1377 Notat

171 1411 253 1441 hanc
268 1420 377 1441 vocem
394 1407 632 1451 Quiuctilianus
653 1408 699 1451 (l,
722 1409 756 1447 5,
778 1408 837 1439 (38.
856 1420 887 1451 p.
910 1409 980 1440 155
1001 1407 1126 1451 Spald.)

172 1477 283 1514 utpote
307 1483 347 1502 ex
372 1470 524 1501 ambabus
548 1469 706 1512 corruptis
731 1469 908 1500 conflatam.
943 1469 1064 1500 Confer
1086 1469 1125 1500 (lc

169 1532 354 1576 pedisequis
369 1531 557 1572 Pignorium
575 1530 628 1573 (dc
650 1529 750 1560 servis
765 1542 794 1572 p.
810 1530 896 1572 212)
916 1535 1124 1574 nostrumque

169 1593 370 1625 inferioribus
392 1592 473 1623 loeis
495 1591 536 1635 (ξ.
554 1592 612 1623 59.
642 1592 723 1623 111.
749 1591 843 1634 146).

241 1654 412 1700 himinam]
439 1654 524 1687 Aliis
556 1655 699 1694 Iumina,-
723 1654 805 1684 forte
839 1655 1016 1685 luminabat
1044 1666 1124 1685 voce

168 1719 320 1762 Capellae
343 1718 469 1748 usitata.
501 1717 611 1749 Gloss.
638 1716 809 1756 luminata,
843 1715 1000 1747 decorata.
1018 1716 1123 1748 Gnor.

166 1782 277 1825 Atque
300 1793 339 1811 ex
360 1781 468 1821 glossa
488 1779 556 1821 jam
580 1784 687 1823 patet,
719 1779 795 1811 olim
825 1780 981 1811 lznninata
1003 1779 1123 1811 lectum

166 1844 283 1884 fuisse,
313 1843 369 1874 sed
386 1842 509 1874 aceedit
524 1842 734 1886 plurimorum
747 1842 893 1873 codicum
912 1843 1008 1873 fides:
1032 1843 1124 1874 lumi-

166 1912 245 1938 mua
265 1910 370 1936 exstat
401 1904 435 1936 in
462 1902 664 1943 Basilccnsi,
696 1902 955 1944 Cantabrigicnsi
978 1909 1010 1935 ct
1033 1903 1120 1935 Bod-

165 1969 271 2010 lojano
305 1968 424 2007 altero,
462 1966 550 2010 quod
583 1966 708 1997 Pedem
739 1972 904 2010 acceptum
933 1967 1054 2006 resero,
1088 1966 1121 1998 in

165 2030 346 2069 Vossiano,
381 2029 469 2072 quod
498 2027 696 2060 Arntzcnius
722 2027 822 2071 (misc.
847 2041 878 2072 p.
903 2029 989 2071 203)
1015 2028 1120 2065 docet,

165 2095 198 2126 in
221 2093 407 2124 Monacensi
435 2091 509 2136 (G),
541 2091 627 2135 quod
651 2091 720 2135 ipsc
745 2091 818 2133 legi.
844 2091 958 2131 Adde,
990 2092 1016 2123 si
1041 2093 1120 2124 tanti

166 2161 235 2194 est,
272 2154 410 2185 virorum
442 2155 609 2186 doctorum
641 2153 864 2185 annotationes
899 2154 931 2185 in
955 2154 1118 2196 Vellejum

166 2214 372 2249 Paterculum
396 2215 446 2259 (P.
471 2214 648 2247 Burmanni
675 2214 724 2246 ed.
746 2215 779 2246 2.
796 2215 900 2257 Lugd.
920 2215 992 2247 But.
1013 2217 1118 2248 1744.

166 2291 198 2323 p.
217 2274 316 2322 278).

242 2339 327 2370 veris
352 2336 459 2382 deum]
485 2337 539 2370 Ad
563 2339 640 2372 haec
663 2338 829 2381 Remigius
852 2341 1024 2371 monachus
1049 2339 1117 2371 An-

168 2398 393 2432 tesi-lorensis:
410 2400 514 2442 »quod
530 2405 560 2431 ct
576 2400 644 2444 ipsc
663 2401 763 2432 fertur
779 2413 928 2445 pracesse
944 2402 1118 2434 seminibus

169 2461 264 2494 maris
280 2466 313 2492 et
330 2465 443 2500 terrae,
462 2466 494 2499 et
515 2460 583 2503 ipse
602 2467 651 2492 est
675 2462 778 2494 dietus
791 2463 962 2495 Favonius.
970 2479 981 2492 «
1012 2465 1118 2507 Quem

169 2523 275 2555 locum
291 2521 363 2553 vide
380 2521 464 2565 apud
476 2519 697 2554 Alexandrum
714 2523 759 2567 (in
779 2525 841 2556 tal).
857 2526 991 2558 Ileliaca
1005 2539 1034 2570 p.
1045 2526 1117 2569 85),

172 2585 226 2628 qui
250 2583 357 2615 multis
381 2582 550 2614 defendere
580 2584 687 2614 studet
717 2585 798 2617 lianc
818 2586 967 2618 Martiani
995 2587 1116 2631 opinio-

172 2657 252 2678 nem.
287 2643 466 2676 Vulcanius
495 2643 589 2676 etiam
607 2644 800 2678 Mercurium
821 2647 864 2679 ita
887 2649 1040 2694 appellari
1062 2650 1115 2683 ob-

1184 912 1288 938 servat
1316 908 1422 953 »quod
1453 907 1573 951 praesit
1604 907 1810 939 sationibus«
1860 906 2013 937 Fortasse
2037 904 2076 936 ab
2097 916 2136 937 co

1181 969 1279 1002 Veris
1307 971 1359 1002 dci
1384 983 1501 1003 nomen
1525 970 1666 1011 invenit,
1692 970 1780 1014 quod
1806 981 1914 1001 mcnsc
1938 969 2044 1010 Majo,
2072 979 2137 1012 quo

1181 1043 1238 1062 ver
1266 1032 1392 1076 incipit,
1428 1032 1589 1065 Mercurio
1623 1043 1712 1064 sacra
1747 1031 1867 1062 fiebant
1895 1030 2070 1074 (Plutarch.
2104 1029 2138 1061 in

1180 1093 1286 1125 Numa
1319 1107 1350 1138 p.
1375 1095 1431 1126 72.
1459 1094 1596 1137 Quaest.
1617 1093 1712 1124 Rom.
1729 1105 1760 1136 p.
1784 1092 1876 1132 2833
1899 1092 1970 1123 add.
1993 1090 2136 1124 Macrob.

1181 1156 1310 1189 Saturn.
1336 1158 1368 1197 1,
1396 1157 1451 1188 12.
1472 1156 1642 1189 Censorin.
1661 1156 1700 1187 de
1721 1156 1770 1186 die
1793 1160 1857 1187 nat.
1883 1154 1943 1195 22,
1965 1154 2022 1186 12.
2039 1155 2135 1186 Laur.

1178 1218 1260 1261 Lyd.
1282 1229 1392 1249 mense
1415 1218 1503 1260 Majo
1525 1219 1582 1250 55.
1610 1230 1640 1261 p.
1666 1217 1740 1249 244
1761 1215 1911 1259 Πυθὼ),
1951 1215 2028 1248 lieet
2045 1227 2136 1260 prac-

1179 1281 1283 1313 sidere
1311 1281 1385 1313 lmie
1419 1282 1522 1313 mensi
1551 1280 1739 1325 Apollinem
1772 1291 1837 1311 non
1872 1279 2017 1321 ignorem
2044 1279 2134 1322 (Pal.

1178 1343 1245 1376 crit.
1268 1343 1326 1376 IV.
1349 1342 1377 1388 ἓ.
1393 1342 1490 1386 524).
1530 1342 1628 1375 Certe
1652 1347 1763 1373 noster
1785 1340 1951 1384 utriusque
1977 1340 2030 1372 dci
2051 1340 2136 1371 vires

1177 1405 1345 1445 discernit,
1379 1404 1531 1437 Mercurii
1560 1404 1593 1436 in
1620 1409 1752 1443 terram,
1778 1401 1943 1445 Apollinis
1965 1401 1999 1433 in
2020 1407 2134 1434 aerem.

1175 1466 1275 1510 Apud
1299 1466 1452 1498 Ouidium
1474 1466 1561 1509 (met.
1578 1465 1613 1505 2,
1637 1464 1699 1508 27)
1721 1464 1791 1497 Ver
1817 1475 1935 1495 novum
1960 1463 2038 1495 (leae
2060 1475 2132 1508 pcr-

1176 1541 1288 1561 sonam
1317 1530 1471 1569 sustinet,
1502 1529 1678 1572 cademque
1714 1528 1773 1559 dea
1798 1527 1837 1559 ab
1859 1527 2024 1571 Appulejo
2046 1528 2132 1571 (met.

1178 1594 1233 1625 10.
1258 1606 1288 1636 p.
1307 1593 1389 1624 744.
1412 1593 1483 1624 745
1509 1591 1615 1633 oud.)
1640 1590 1828 1622 celebratur.
1851 1589 2029 1622 Martianus
2052 1589 2134 1622 infra

1175 1654 1215 1698 (ξ.
1235 1654 1283 1685 52
1304 1654 1338 1696 s.)
1366 1654 1463 1685 Veris
1482 1653 1612 1696 fruetus
1631 1652 1759 1684 nominc
1783 1652 1878 1683 deum
1898 1652 2031 1684 inducit.

1246 1714 1426 1761 temperies]
1453 1716 1503 1748 Ita
1525 1728 1543 1747 a
1567 1715 1725 1748 Cicerone
1747 1715 1792 1760 (in
1814 1727 1916 1748 somn.
1938 1714 2026 1760 Scip.
2050 1726 2074 1747 S.
2091 1715 2131 1748 de

1172 1778 1212 1809 R.
1233 1779 1271 1811 P.
1289 1779 1327 1811 L.
1352 1781 1384 1811 6.
1408 1778 1435 1823 ἓ.
1457 1780 1480 1811 4
1506 1792 1535 1823 p.
1560 1779 1630 1811 128
1648 1778 1743 1822 zell.)
1786 1777 1847 1810 Sol
1881 1790 1989 1810 »inens
2021 1779 2132 1810 mundi

1173 1847 1205 1872 et
1230 1844 1434 1885 temperatio«
1462 1842 1586 1874 dieitur.
1632 1842 1682 1874 Ita
1711 1841 1869 1886 superiori
1898 1842 1971 1875 loco
2001 1840 2043 1886 (ξ.
2069 1840 2130 1884 18)

1172 1910 1282 1936 noster
1297 1905 1466 1937 Phoebum
1487 1905 1586 1936 »aeris
1610 1905 1731 1936 semina
1749 1911 1961 1948 temperare«,
1984 1905 2028 1936 ita
2046 1905 2130 1937 infra

1172 1966 1214 2012 (ξ
1225 1968 1287 2010 54)
1310 1980 1401 2000 neum
1415 1969 1633 2012 placiditatem
1644 1970 1754 2000 ass'errc
1765 1969 1894 2000 solitum
1902 1980 1992 2001 csse«
2010 1968 2129 2001 scribit.

1247 2033 1465 2074 septemplices
1482 2030 1586 2076 orbes]
1610 2031 1777 2072 Planctac,
1803 2044 1939 2075 quorum
1956 2044 2041 2064 nunc
2060 2038 2128 2064 tan·

1172 2093 1216 2134 git
1255 2094 1461 2126 harmoniam.
1517 2094 1657 2126 Uberius
1692 2105 1761 2126 cam
1796 2094 1936 2138 explicat
1965 2093 2127 2126 Aristides

1172 2156 1411 2199 Quinctilianus
1434 2157 1486 2200 (de
1506 2157 1626 2188 musica
1651 2158 1685 2190 5.
1708 2170 1740 2201 p.
1761 2158 1831 2189 145
1856 2156 2042 2199 Meibomii).
2070 2156 2126 2189 Ni-

1170 2219 1340 2250 comachus
1373 2223 1539 2261 praeterea
1572 2218 1624 2262 (in
1653 2220 1751 2250 hai-m.
1779 2217 1920 2249 manuali
1948 2218 1981 2249 2.
2014 2231 2044 2261 p.
2066 2219 2126 2250 57.

1170 2278 1280 2321 meib.)
1308 2279 1517 2323 »Quotquot«
1537 2279 1642 2323 inquit
1663 2278 1774 2309 »abusi
1791 2284 1866 2310 sunt
1885 2284 2009 2322 septem
2030 2290 2125 2312 sono-

1169 2352 1239 2371 rum
1264 2340 1474 2372 consonantia
1495 2346 1530 2372 ut
1554 2339 1706 2379 naturali,
1743 2351 1809 2371 non
1836 2340 1897 2372 hoe
1921 2351 2063 2372 sumsere
2085 2341 2124 2373 ab

1170 2403 1318 2442 orbibus,
1346 2403 1403 2434 scd
1428 2403 1467 2434 ab
1485 2403 1564 2447 ipsis
1583 2402 1732 2434 universo
1750 2401 1859 2433 inditis
1880 2403 2038 2436 sonitibus
2057 2415 2123 2437 mo-

1169 2466 1275 2498 dulate
1303 2465 1502 2505 constitutis,
1540 2477 1623 2510 quos
1648 2465 1743 2497 etiam
1773 2466 1860 2498 solos
1890 2478 1931 2498 ex
1955 2466 2123 2499 elementis

1167 2529 1295 2562 vocales
1316 2535 1347 2560 et
1362 2529 1524 2561 sonabilcs
1541 2529 1768 2572 appellamus«
1791 2529 1830 2561 In
1848 2541 1971 2571 gemma
1993 2531 2122 2574 antiqua

1167 2590 1230 2636 (ap.
1252 2589 1360 2622 Wild.
1379 2604 1409 2622 n.
1428 2590 1511 2634 165)
1536 2589 1676 2633 quinque
1694 2590 1850 2622 Planetac
1873 2592 2074 2634 effinguntur.

1243 2649 1443 2697 sinyulaeim]
1472 2650 1605 2683 Grotius
1631 2650 1726 2684 habet
1746 2651 1807 2684 boc
1831 2651 1903 2685 loco
1922 2653 2120 2697 singlillalim,
