2310 2860
729 141 929 184 Martiani
968 141 1170 199 Capellae
1208 143 1279 184 lib.
1297 142 1328 185 Ι.
1365 144 1396 195 §.
1426 143 1493 185 75.

137 254 177 286 et
214 245 423 301 Crystallo
463 246 676 303 lapidibus
716 248 982 304 alligabatur.

137 339 240 366 vero
274 326 363 368 divi
400 342 505 369 auro
535 329 709 370 tinctam
742 330 970 371 caesariem
1005 342 1239 382 comasque
1271 326 1464 369 crederes
1495 328 1741 371 bracteatas.
1791 331 1919 373 Facie
1952 341 2091 374 autem
2123 336 2181 379 76

135 433 417 475 Darmstattensis,
455 436 666 477 Drcsdensis,
710 436 882 478 Bongarsii
913 441 945 468 ct
980 435 1089 479 Ilugii.

135 495 281 529 Coronae
304 498 388 529 enim
413 509 487 542 pars
514 497 674 542 lapidibus
698 498 899 540 alligabatur.

206 571 384 618 Hydatide]
408 573 557 616 Ilydatis‚
583 584 640 604 seu
658 572 813 615 llydratis
831 573 879 616 (ut
895 572 947 603 alii
966 572 1089 616 legunt)

135 631 174 664 ab
201 642 283 676 aqua
310 645 426 665 nomen
456 634 563 666 habet.
598 634 700 665 Estne
729 644 785 674 ea,
817 645 898 676 quae
922 633 1031 665 Plinio
1057 640 1089 665 et

131 692 257 727 Isidoro
283 695 455 739 Enbydros
482 696 617 728 dicitur?
648 695 708 727 Ille
732 696 897 728 candidam
921 707 993 728 esse
1017 707 1088 740 per-

132 755 238 797 hibet3
275 757 325 789 hic
350 757 393 789 ita
418 758 560 802 loquitur
579 758 661 790 libro
689 759 734 789 16
761 757 838 800 orig.
867 770 893 790 c.
919 759 980 791 15:
1005 758 1088 790 »En-

131 817 251 861 hydros
276 820 314 851 ab
338 832 419 863 aqua
441 826 569 860 vocata,
610 811 751 852 exundat
777 820 861 852 enim
887 832 1018 864 aquam,
1045 820 1089 852 ita

132 885 168 912 ut
199 881 340 914 clausam
373 883 407 914 iu
435 894 473 914 ea
509 887 602 927 putes
635 883 799 914 fontanam
827 882 1088 924 scaturiginem«,

132 952 215 986 quae
239 944 336 975 verba
360 955 400 975 ex
427 943 543 977 Selino
570 944 747 990 desumpsit
775 949 917 977 extremo
942 956 1008 990 cap.
1029 945 1088 977 40.

130 1001 275 1036 ALEAM).
302 1005 337 1049 (l.
361 1005 382 1037 l.
406 1018 436 1049 p.
457 1006 532 1050 68).

203 1077 261 1110 hos
277 1076 374 1123 enim]
402 1077 570 1111 Vonekius
589 1078 636 1123 (in
657 1090 742 1123 spec.
762 1078 829 1111 erit.
849 1091 881 1123 p.
900 1079 960 1123 80)
977 1079 1034 1111 hos
1059 1081 1089 1110 ei

127 1136 235 1181 legere
255 1139 370 1181 jussit,
397 1140 456 1173 sed
480 1152 546 1173 non
574 1141 801 1174 necessarium.
841 1141 1004 1174 Genuisse
1030 1154 1084 1172 cas

129 1211 268 1243 gemmas
291 1202 392 1234 hiems
414 1202 547 1243 dicitur,
571 1203 645 1247 quia
667 1215 707 1235 ex
733 1215 815 1247 aqua
843 1203 992 1234 videntur
1015 1214 1087 1235 esse

130 1265 334 1305 congelatae,
361 1278 456 1309 quam
477 1267 614 1311 speciem
642 1278 717 1310 prae
746 1279 779 1298 se
802 1268 909 1298 serunt
937 1267 1087 1310 crystalli.

130 1327 223 1358 Unde
240 1327 430 1371 Propertius
453 1329 507 1372 (4,
531 1331 566 1369 5,
594 1329 654 1372 52>
675 1329 891 1372 »Crystallum
908 1342 1080 1377 aquosam«

131 1390 287 1435 appellat,
315 1391 513 1423 Claudianus
543 1397 648 1423 autem
672 1392 781 1423 multis
806 1393 1086 1436 epigrammatibus

129 1453 206 1486 lusit
227 1453 261 1486 in
287 1454 491 1497 crystallum,
525 1467 662 1499 quorum
691 1467 790 1487 unum
814 1456 955 1497 subjeci:

187 1527 325 1560 »Sollers
350 1529 426 1560 lusit
449 1529 550 1560 hiems
577 1529 825 1577 imperfectoque
848 1532 956 1575 riqore

177 1589 327 1622 Nobilior
349 1592 431 1621 vivis
461 1602 585 1632 gemma
610 1593 758 1623 tmnescit
779 1593 914 1638 aquisu3

129 1676 192 1709 quo
215 1669 311 1709 poeta
339 1664 463 1697 Graeca
484 1665 711 1709 epigrammata
737 1665 872 1710 (anthol.
895 1666 937 1706 4,
966 1667 1031 1706 18,
1065 1667 1088 1697 2

129 1732 160 1758 et
182 1726 219 1770 5)
249 1726 391 1758 imitatus
422 1738 493 1758 esse
519 1727 654 1760 videtur.
690 1728 791 1760 Plura
819 1729 940 1760 dabunt
960 1728 1087 1760 Plinius

128 1788 200 1832 (57.
226 1788 259 1820 2.
282 1788 326 1831 9)
361 1794 393 1820 et
427 1788 553 1822 Seneca
582 1789 660 1834 (nat.
695 1802 748 1834 qu.
783 1792 817 1823 5.
846 1791 893 1822 25
918 1791 938 1822 f.
967 1803 997 1834 p.
1017 1792 1088 1822 755

127 1849 240 1894 Lips.).
265 1850 372 1882 Probe
400 1850 497 1892 igitur
528 1855 640 1882 noster
673 1851 793 1883 causali
817 1852 974 1895 particula
1004 1854 1089 1883 enim

129 1924 207 1944 usus
229 1918 289 1953 est,
315 1925 380 1957 quo
404 1913 504 1955 magis
529 1918 670 1957 pateret,
697 1925 754 1946 cur
773 1914 934 1956 posterior
951 1926 1088 1945 coronae

128 1987 202 2019 pars
229 1975 293 2007 illis
318 1976 468 2018 insignita
491 1981 579 2008 esset
602 1976 745 2018 gemmis.
774 1976 867 2008 Sicut
894 1977 979 2008 enim
1002 1978 1088 2021 prio-

127 2048 196 2069 rem
227 2037 342 2070 aestati
375 2037 547 2079 tribuerat,
586 2037 630 2071 ita
661 2039 874 2083 posteriorem
906 2038 1002 2071 hiemi
1034 2039 1087 2071 ad-

130 2100 276 2143 signavit.

202 2175 401 2222 bracteatas]
430 2174 487 2209 Sic
518 2175 617 2208 infra:
649 2177 758 2220 »cujus
781 2189 933 2210 sonorum
963 2178 1090 2222 (malim

131 2238 283 2272 honorum
289 2253 302 2279 ,-
324 2250 516 2282 quamquam
529 2237 568 2270 de
581 2238 702 2271 musica
716 2251 773 2271 seu
790 2240 952 2271 harmonia
973 2239 1090 2283 sermo)

132 2306 226 2344 caput
254 2301 321 2332 auri
343 2299 540 2333 coruscantis
564 2300 702 2333 bracteis
728 2301 942 2333 comebatur.«
984 2302 1088 2336 Gnor.

133 2382 180 2388 —
204 2362 341 2406 Bractea
360 2364 547 2396 tenuissima
571 2364 690 2396 lamina
714 2365 934 2410 cujuscunque
957 2365 1087 2397 metalli.

132 2424 333 2465 Bracteatus,
356 2425 485 2457 bractea
506 2426 673 2459 obductus.
698 2426 798 2471 Apud
816 2427 975 2461 Senecam
993 2428 1088 2472 epist.

131 2490 178 2521 41
212 2488 280 2520 »leo
301 2488 500 2520 bracteatus«
527 2488 642 2522 dicitur
669 2495 801 2523 ornatus
826 2491 965 2524 bractea.
987 2491 1088 2523 Haud

133 2564 226 2588 secus
242 2557 338 2597 atque
355 2550 544 2584 Ammianus
556 2552 764 2587 Marcellinus
778 2554 850 2588 libr.
869 2556 932 2589 14:
946 2560 1088 2588 »statuas

1045 249 1133 290 Hos
1166 249 1279 289 onim
1312 249 1460 290 Hiems
1492 249 1655 291 undosa
1685 261 1901 306 genuerat.

2016 149 2099 190 119

1959 251 2096 308 Ipsius

1141 444 1218 465 auro
1245 440 1356 465 curant
1378 434 1614 476 imbmcteari«,
1650 441 1681 467 et
1705 436 1787 469 libro
1818 439 1881 470 17:
1906 438 2000 471 nfacis
2028 439 2095 471 imi-

1139 502 1314 528 tamentum
1339 498 1372 529 in
1387 498 1488 540 figura
1514 511 1652 539 aereum,
1679 499 1788 532 itidem
1811 514 1887 533 auro
1911 502 2095 535 imbractea-

1963 563 2014 595 Ita
2043 563 2095 597 Si-

1140 619 1255 650 donius
1286 619 1368 651 libro
1401 620 1434 651 2.
1459 620 1553 664 epist.
1579 623 1624 654 10
1657 622 1870 656 »bracteatum
1892 625 2041 656 lacunar«
2064 631 2097 657 ct

1140 564 1223 597 tum,
1258 558 1346 589 velut
1374 559 1547 591 abundanti
1574 561 1698 592 flamma
1731 563 1922 594 candentis«

1138 680 1159 711 l.
1186 682 1219 712 8.
1242 693 1292 725 cp.
1317 683 1339 713 8
1362 682 1569 724 »gestatorias
1592 683 1799 716 bracteatas«
1831 686 2008 718 Martianus
2033 686 2095 718 Ca—

1138 744 1223 787 pella
1245 755 1370 777 »comas
1386 745 1591 778 bracteatas«
1625 745 1743 779 Srrrn.
1759 748 1812 791 (ad
1827 747 1948 781 Saxon.
1960 761 1990 792 p.
2010 748 2097 792 174)

1139 822 1187 830 -—
1219 805 1351 838 Addere
1384 812 1511 851 poterat
1550 807 1685 840 »malum
1717 810 1853 841 bracteis
1892 810 2089 842 inauratum·

1139 868 1224 912 apud
1257 869 1456 913 Appulejum
1486 872 1580 914 (met.
1613 872 1668 904 10.
1692 884 1722 916 p.
1748 873 1819 905 757
1851 872 1970 916 oud),
2010 873 2098 904 »auri

1139 932 1283 962 bracteas
1308 932 1393 974 apud
1419 931 1561 964 Plinium
1582 933 1661 976 (55,
1684 935 1724 974 5,
1760 933 1836 977 19),
1870 939 1902 966 et
1932 933 2019 966 „auri
2044 946 2095 967 co·

1138 994 1298 1025 ruscantis
1324 995 1487 1027 bracteas«
1520 995 1605 1039 apud
1629 1003 1775 1029 nostrum
1798 997 1840 1041 (ξ.
1863 997 1961 1042 909).
1984 997 2023 1030 In
2050 997 2095 1029 la·

1138 1056 1248 1099 pidum
1277 1068 1405 1100 quoque
1445 1056 1706 1100 inscriptionibus
1732 1058 1846 1103 (Grut.
1876 1059 1990 1099 1074,
2029 1058 2097 1102 12)

1139 1117 1267 1158 collegii
1301 1118 1553 1149 braeteariormn
1585 1124 1616 1150 et
1645 1121 1868 1151 inauratorum
1900 1120 2020 1151 mentio
2050 1120 2096 1151 fit.

1137 1177 1281 1209 Eosdem
1314 1184 1469 1210 memorat
1501 1179 1660 1210 firmicus
1687 1182 1818 1223 (astron.
1851 1183 1893 1221 8,
1926 1180 1994 1224 16).
2032 1180 2098 1212 Per

1137 1241 1355 1283 metaphoram
1376 1240 1503 1273 Seneca
1524 1240 1631 1284 (epist.
1656 1242 1735 1273 115.
1754 1255 1784 1286 p.
1802 1242 1874 1273 (352
1897 1241 2001 1286 Lips.)
2025 1243 2096 1274 bra-

1137 1309 1273 1336 cteatum
1291 1303 1479 1346 felicitatem
1498 1305 1638 1349 appellat
1659 1316 1738 1345 eam,
1759 1317 1840 1350 quae
1859 1306 2009 1338 videatur
2031 1310 2098 1338 tan-

1139 1372 1205 1399 tum
1230 1367 1366 1399 felicitas
1393 1379 1476 1400 esse.

1212 1427 1309 1472 facie]
1336 1428 1428 1459 Albr.
1461 1429 1499 1460 de
1531 1428 1629 1461 Sole:
1661 1429 1744 1461 »Iste
1769 1429 1961 1473 pingebatur
1992 1428 2099 1473 specie

1140 1490 1313 1534 impuberis
1335 1491 1503 1532 juvenies,
1541 1503 1628 1523 nune
1655 1492 1736 1523 facie
1765 1493 1917 1536 puerilis,
1943 1504 2028 1525 nune
2045 1493 2098 1534 ju-

1140 1554 1254 1594 venili,
1292 1565 1418 1598 semper
1443 1554 1612 1594 imberbis,
1646 1566 1731 1587 nunc
1758 1560 1864 1586 autem
1893 1555 1927 1586 in
1950 1567 2028 1587 cana
2052 1555 2097 1586 di-

1141 1615 1290 1646 versitate
1313 1615 1524 1658 apparentis«
1564 1616 1765 1647 Macrobius:
1791 1616 1891 1648 »Item
1911 1616 2022 1648 Liberi
2044 1628 2098 1660 pa-

1142 1676 1198 1706 tris
1226 1676 1394 1708 simulacra
1423 1676 1538 1720 partim
1570 1677 1685 1720 puerili
1714 1682 1834 1717 aetate,
1868 1677 1983 1721 partim
2006 1678 2096 1719 juve-

1140 1738 1199 1770 nili
1220 1738 1366 1779 fingunt,
1397 1743 1564 1782 praeterea
1591 1738 1723 1770 barbata
1751 1739 1874 1782 speeie,
1904 1738 1999 1771 senili
2019 1749 2098 1782 quo-

1141 1814 1214 1846 que,
1241 1802 1286 1833 uti
1303 1802 1421 1834 Gracci
1445 1803 1514 1844 ejus
1541 1814 1636 1847 quem
1653 1801 1873 1849 Βαόὄαρέα,
1902 1802 1978 1834 item
2003 1814 2098 1846 quem

1139 1865 1283 1913 Βριόέα
1308 1867 1485 1910 appellant,
1510 1873 1542 1899 et
1566 1872 1601 1898 ut
1630 1867 1663 1898 in
1694 1866 1869 1910 Campania
1894 1866 2099 1910 Neopolitaui

1137 1930 1300 1962 celebrant
1316 1927 1471 1970 ίΗβώνα
1494 1931 1767 1972 cognominantes.
1776 1947 1786 1958 u
1817 1929 1922 1961 Gnor.
1942 1948 1990 1953 ——-
2017 1931 2099 1961 Tres

1140 1992 1216 2023 anni
1236 1997 1443 2036 tempestates
1468 1993 1662 2025 Martia'num
1680 1992 1859 2033 siguificare
1884 1997 1994 2024 censet
2017 1992 2098 2024 Ges-

1139 2066 1237 2093 nerus
1258 2055 1311 2099 (ad
1334 2055 1437 2099 Orpb.
1449 2069 1480 2099 p.
1499 2057 1603 2099 229);
1636 2067 1696 2087 nec
1716 2056 1865 2100 pluribus
1884 2056 1960 2088 olim
1979 2067 2096 2087 anuum

1139 2116 1322 2148 constitisse
1356 2117 1419 2149 alio
1451 2118 1524 2149 loco
1551 2118 1724 2161 (palaeogr.
1754 2118 1822 2149 crit.
1846 2117 1875 2162 ξ.
1901 2119 1985 2150 668.
2014 2117 2099 2160 771)

1140 2180 1243 2212 docui.
1270 2179 1424 2213 Attamen
1450 2181 1551 2223 magis
1576 2193 1756 2225 propensus
1782 2194 1852 2212 sum
1877 2182 1916 2213 ad
1944 2181 2096 2225 reeipien-

1142 2241 1213 2273 dam
1234 2254 1304 2274 eam
1325 2242 1638 2286 interpretationem,
1663 2255 1758 2287 quam
1778 2243 1927 2287 Cuperus
1945 2243 1991 2287 (in
2014 2243 2095 2273 Har-

1139 2315 1227 2348 pocr.
1254 2317 1284 2348 p.
1304 2303 1365 2347 76)
1396 2305 1499 2345 dedit,
1531 2304 1633 2336 videri
1657 2317 1772 2349 nempe
1794 2305 1986 2337 Martianum
2019 2308 2094 2333 tcm-

1139 2378 1201 2411 pus
1222 2366 1427 2407 matutinum,
1457 2367 1641 2408 meridiem,
1674 2372 1706 2399 et
1723 2378 1890 2411 vesperam
1915 2364 2094 2404 designare,

1139 2429 1255 2474 quibus
1274 2429 1363 2462 Solis
1382 2430 1430 2461 vis
1448 2442 1484 2461 ac
1508 2436 1654 2474 potestas
1677 2431 1982 2468 valdcffiimmutetur.
2000 2426 2095 2468 Quae

1138 2491 1324 2534 conjectura
1366 2491 1461 2523 etiam
1500 2491 1540 2523 iis
1571 2492 1793 2531 confirmatur,
1825 2500 1906 2534 quae
1943 2487 1983 2520 de
2015 2486 2094 2520 Sole

1139 2553 1260 2587 oriente
1288 2553 1329 2589 ad
1354 2553 1524 2600 sequentia
1549 2553 1694 2587 observo.
