2310 2860
94 671 115 710 ..ἃ

119 671 147 711 Ut

148 670 177 711 10

207 166 300 210 406
772 164 970 204 Martiani
1010 162 1208 219 Capellae
1245 163 1317 204 lib.
1341 162 1395 204 V.
1435 165 1466 215 §.
1492 164 1591 204 451.

206 272 421 313 intentioni
448 284 529 311 non
562 270 630 324 jus
662 270 779 322 sacti,
808 270 881 312 sed
926 270 1090 325 negatio
1129 270 1312 311 nominis
1359 279 1621 326 opponatur,
1659 272 1857 324 quamvis
1887 273 2050 327 negatio
2080 271 2154 312 de-

209 350 411 408 pulsionis
451 350 542 391 vice
582 350 768 402 dicatur,
807 361 948 393 tamen
986 367 1072 393 non
1109 350 1234 392 faciet
1262 351 1573 405 conjecturam,
1618 349 1720 404 quia
1750 364 1834 390 non
1869 350 2049 402 sactum,
2084 349 2157 390 sed

205 448 361 474 nomen
397 432 494 473 facti
528 431 780 484 destr11itur3
829 442 875 473 ut
914 434 956 473 in
989 432 1092 473 hoc:
1125 432 1320 473 adulterii
1352 432 1455 473 actio
1484 432 1554 484 sit,
1599 444 1737 485 quum
1763 429 1986 485 repudiata
2020 445 2156 471 uxore

205 523 491 569 stupratorem
522 516 596 568 qui
626 515 928 570 repudiaverat
958 515 1136 556 maritus
1167 514 1348 563 invenit,
1395 522 1563 554 accusat
1594 513 1810 564 adulterii3
1861 527 1960 553 reus
1992 522 2156 554 contra-

204 593 323 646 dicit,
371 609 450 636 nec
483 595 642 636 factum
683 605 827 650 negat,
871 595 946 636 sed
985 594 1181 636 adulterii
1213 608 1368 634 nomen
1400 592 1607 644 excludit,
1652 601 1692 632 et
1721 592 1943 646 quaeritur
1974 592 2080 647 quid
2112 593 2161 633 sit

206 675 489 726 adulterium,
533 675 649 730 quod
691 685 750 716 est
784 675 1025 717 definitivae
1063 675 1387 716 controversiae.
1464 675 1597 730 Igitur
1629 675 1871 730 conjectura
1901 675 2032 731 ipsius
2064 675 2159 716 facti

204 757 369 812 negatio
400 765 479 808 est3
530 755 623 796 finis
653 771 739 796 non
780 755 952 797 admissi
992 755 1065 796 sed
1112 756 1314 807 nominis,
1360 755 1605 811 idcircoque
1634 757 1761 798 etiam
1792 756 1986 812 depulsio
2015 755 2161 811 ingesti

204 836 412 887 criminis,
458 837 558 891 quia
590 850 726 890 quum
760 835 869 877 facto
901 836 1017 878 aliud
1048 850 1202 877 nomen
1236 837 1494 893 imponitur,
1540 838 1768 880 imminens
1799 839 1964 893 objecto
1996 837 2163 879 crimini

204 916 444 971 periculum
489 915 741 971 denegatur3
799 926 845 958 ut
890 918 931 958 in
983 917 1065 959 hoc
1099 918 1290 972 objectu:
1322 917 1476 973 pocula
1515 918 1662 974 templi
1705 933 1727 958 e
1769 918 1995 960 sacerdotis
2033 918 2162 959 domo

202 998 367 1040 furatus
407 1013 471 1050 es,
513 998 781 1053 sacrilegium
821 999 979 1052 fecisti3
1029 1001 1217 1057 repellit:
1250 999 1404 1055 pocula
1435 999 1611 1054 quidem
1648 1000 1823 1052 abstuli,
1864 1000 1939 1042 sed.
1978 1000 2080 1056 quia
2110 999 2162 1040 de

201 1078 351 1131 domo,
405 1095 490 1121 non
539 1080 591 1120 de
635 1080 817 1135 templo,
873 1081 1061 1133 furtum,
1115 1097 1200 1123 non
1242 1080 1512 1135 sacrilegium
1559 1082 1915 1136 nuncupandum.
1982 1083 2032 1123 In
2074 1095 2161 1137 quo

203 1161 327 1201 ctiam
372 1160 470 1201 facti
516 1161 596 1200 alta
640 1160 854 1215 quaedam
902 1161 1070 1202 videtur
1109 1175 1199 1201 esse
1236 1162 1422 1214 negatio,
1475 1177 1559 1202 non
1607 1162 1720 1202 enim
1763 1162 1845 1202 hoc
1888 1162 1939 1203 ad
1980 1162 2161 1203 deorum

202 1239 403 1292 injuriam
442 1249 607 1294 spectat
651 1240 907 1292 admissum,
955 1241 1030 1282 sed
1075 1241 1126 1282 ad
1164 1241 1435 1296 dispendium
1473 1243 1723 1294 sacerdotis,
1768 1258 1905 1297 quum
1942 1244 1996 1284 de
2033 1244 2161 1283 domo

202 1320 357 1375 pocula
394 1320 716 1361 subtrahantur.

275 1463 432 1509 nominis]
467 1464 624 1509 Sequitur
649 1465 732 1509 apud
758 1464 923 1497 Grotium:
955 1472 1008 1497 »ut
1037 1466 1158 1498 adulte-

201 1526 280 1556 rium
308 1539 374 1557 uou
401 1527 499 1567 feei«,
535 1527 575 1557 ad
604 1538 685 1570 quae
717 1527 884 1557 observat:
906 1527 997 1558 »Hae
1021 1533 1160 1571 quatuor

201 1599 295 1619 voces
331 1588 365 1618 in
402 1600 474 1619 meo
509 1588 620 1619 codice
661 1587 795 1627 desunt,
830 1588 926 1619 etiam
958 1589 992 1620 in
1026 1589 1158 1630 Lugdu-

201 1650 293 1681 nensi
321 1656 353 1682 et
387 1651 585 1691 Basileensi,
626 1656 658 1681 et
695 1662 772 1681 sane
805 1651 976 1683 verisimile
1013 1657 1064 1683 est
1093 1664 1158 1684 non

202 1725 273 1744 esse
298 1713 349 1744 hie
378 1714 542 1754 genuinam«
580 1713 695 1757 Neque
720 1714 753 1745 in
776 1714 989 1747 anterioribus
1012 1715 1159 1747 editioni-

203 1776 263 1808 bus
282 1776 448 1817 leguntur,
478 1789 575 1820 quare
601 1776 703 1809 omisi.

279 1838 461 1879 definitivae
480 1837 728 1884 controversiae]
750 1839 865 1871 Cicero
883 1840 936 1884 (de
951 1840 1014 1872 inv.
1030 1841 1065 1882 2,
1084 1840 1159 1884 17):

212 1900 340 1943 »Quum
362 1906 411 1932 est
429 1902 566 1933 nominis
589 1903 822 1944 controversia,
851 1904 927 1947 quia
948 1904 997 1936 vis
1013 1904 1161 1936 vocabuli

205 1962 382 1993 definienda
402 1964 507 1994 verbis
532 1970 592 2004 est,
615 1965 804 1996 constitutio
822 1966 986 2009 definitiva
1009 1967 1153 1999 dicitmu«

205 2025 303 2069 (Add.
327 2026 482 2068 Quinctil.
504 2028 536 2067 7,
562 2029 603 2067 5,
633 2029 701 2068 113
734 2041 766 2072 p.
785 2030 833 2061 92
850 2029 985 2073 Spald.).

281 2088 399 2131 objecto
420 2087 558 2132 crimini]
587 2090 700 2121 Codex
724 2090 854 2134 quidem
875 2090 1081 2124 Monacensis
1103 2089 1160 2134 (C)

213 2151 367 2193 »objectio
400 2152 539 2182 criminis
549 2165 577 2192 ιι,
617 2154 672 2184 sed
714 2166 895 2197 perperam,
937 2156 1011 2198 quia
1036 2157 1161 2197 pericu-

206 2216 272 2246 Inm
296 2216 452 2258 sequitur,
485 2216 572 2259 quod
602 2216 634 2247 in
658 2218 743 2248 omni
765 2218 985 2250 criminatione
1000 2229 1160 2250 summum

206 2284 265 2310 est.
290 2279 498 2322 Exemplum,
531 2280 618 2323 quod
648 2280 788 2321 additur,
815 2283 855 2313 de
883 2282 1048 2324 sacrilegio
1074 2282 1162 2313 adhi-

206 2341 275 2372 buit
303 2346 334 2372 et
362 2341 477 2373 Cicero
508 2342 561 2385 (de
588 2341 706 2372 invent.
730 2344 769 2381 1,
791 2343 842 2386 9);
868 2344 913 2374 »si
936 2344 1008 2388 quis
1036 2356 1162 2376 sacrum

206 2416 244 2434 ex
272 2404 394 2447 privato
418 2405 622 2448 surripuerit,
655 2410 760 2436 utrum
782 2406 833 2437 sur
857 2419 897 2438 an
924 2409 1099 2450 sacrilegus
1121 2408 1163 2439 sit

473 2469 575 2499 Paulo
607 2468 698 2500 aliter
735 2470 973 2511 Quinetilianus
1007 2472 1067 2515 (5,
1100 2472 1162 2511 10,

205 2531 283 2571 59)·.
311 2533 481 2574 »privatam
516 2532 683 2575 pecuniam
717 2534 896 2574 sustulisti,
925 2535 983 2566 sed
1014 2535 1090 2579 quia
1121 2535 1162 2566 de

201 2468 404 2512 judicandus.
412 2483 423 2497 «

208 2591 343 2635 templo,
382 2604 445 2623 non
469 2594 585 2624 furtum
615 2594 672 2626 sed
701 2594 900 2636 sacrilegium
926 2601 991 2627 est«
1017 2597 1112 2640 (adde
1129 2598 1163 2635 5,

777 1321 857 1362 Hic
891 1331 1073 1376 utraque
1117 1323 1279 1364 sactum
1311 1322 1553 1363 definitione
1583 1323 1876 1374 tractandum,
1927 1323 1970 1363 id
2001 1332 2081 1375 est,
2127 1333 2165 1363 et

1211 1467 1250 1506 G,
1279 1467 1327 1497 58
1355 1472 1387 1497 et
1416 1466 1476 1497 40.
1503 1467 1543 1507 4,
1573 1466 1614 1507 2,
1645 1468 1667 1498 8
1698 1472 1731 1498 et
1758 1469 1818 1500 68.
1845 1469 1879 1509 7,
1912 1469 1953 1508 5,
1986 1468 2009 1499 9
2034 1472 2066 1499 et
2087 1466 2164 1510 21).

1282 1528 1362 1574 alta]
1389 1529 1483 1560 Hane
1502 1530 1673 1561 lectionem
1687 1531 1754 1572 jam
1772 1531 1905 1563 Grotius
1927 1532 1968 1562 ad
1991 1530 2163 1572 marginem

1210 1593 1328 1635 posuit,
1350 1593 1530 1636 legiturque
1551 1593 1583 1624 in
1606 1594 1880 1634 Reichenauensi,
1906 1594 2164 1633 Darnistattensi,

1210 1659 1243 1685 et
1265 1654 1334 1685 aliis
1362 1654 1452 1684 libris
1481 1654 1609 1697 seriptis
1639 1655 1679 1686 ab
1705 1654 1937 1698 Oudendorpio
1962 1655 2015 1698 (ad
2043 1654 2164 1698 Appul.

1209 1717 1235 1748 Ι.
1257 1729 1288 1760 p.
1304 1716 1391 1760 245)
1415 1717 1568 1757 laudatis,
1594 1729 1652 1761 pro
1680 1718 1745 1749 alia
1768 1718 1801 1749 in
1817 1717 1920 1749 editis.
1946 1717 2094 1759 Intellige
2116 1730 2164 1750 re-

1210 1779 1390 1817 conditam,
1419 1784 1456 1809 ut
1478 1779 1563 1822 apud
1585 1779 1758 1820 Virgilium
1772 1778 1873 1823 (Aen.
1895 1780 1933 1819 1,
1959 1779 2066 1821 209)=

1260 1861 1308 1866 ——-
1327 1858 1374 1867 —·
1394 1857 1405 1871 ι»
1412 1854 1554 1885 premere
1578 1842 1678 1874 altum
1702 1844 1796 1875 eorde
1824 1844 2001 1883 dolorem«,-

1210 1910 1244 1936 et
1279 1905 1453 1935 »altissima
1488 1904 1642 1936 eruditiou
1679 1905 1766 1949 apud
1799 1905 1942 1936 Plinium
1979 1903 2167 1937 Secundum

1209 1966 1317 2011 (epist.
1343 1967 1384 2005 4,
1415 1967 1480 2006 50,
1511 1966 1555 2009 l).

1286 2026 1442 2074 utraque]
1483 2028 1628 2074 Utraque
1660 2027 1741 2059 dixit
1772 2027 1948 2059 adverbiali
1989 2028 2105 2058 forma:
2130 2030 2167 2057 ut

1211 2089 1296 2121 enim
1319 2091 1492 2136 utrinque,
1520 2102 1620 2133 quum
1653 2089 1727 2120 hinc
1755 2095 1788 2120 et
1812 2088 1900 2120 illinc
1925 2086 2105 2131 respondit,
2133 2091 2167 2118 et

1211 2154 1393 2199 utrobique,
1413 2164 1512 2196 quum
1529 2153 1581 2185 hic
1603 2159 1636 2184 et
1656 2152 1739 2192 illic,
1761 2152 1809 2183 sie
1825 2157 1963 2197 utraque
1986 2162 2084 2193 quum
2106 2151 2167 2181 liae

1211 2220 1245 2246 et
1269 2213 1352 2244 illac.
1372 2213 1537 2245 Gno*r.—
1561 2214 1722 2257 Equidem
1745 2214 1806 2243 hoe
1825 2211 2021 2252 adjectivum
2043 2211 2084 2242 ad
2109 2222 2166 2242 no-

1213 2290 1285 2310 men
1306 2277 1490 2320 definitione
1519 2278 1634 2309 resero.
1668 2276 1718 2308 De
1741 2276 1824 2306 sacto
1847 2275 1932 2306 euim
1954 2282 2092 2321 utruque
2113 2275 2166 2306 de-

1208 2342 1374 2384 finitione,
1407 2341 1504 2383 aquid
1534 2340 1576 2371 sit
1604 2339 1821 2379 sacrilegium,
1853 2344 1886 2369 et
1917 2338 1995 2381 quid
2023 2338 2159 2369 furtum«

1212 2404 1412 2437 tractandum
1433 2415 1507 2434 esse
1529 2402 1617 2435 dicit.
1657 2401 1773 2434 Cicero
1806 2402 1848 2433 ad
1877 2402 1962 2433 idem
1985 2401 2168 2445 exemplum

1212 2469 1378 2501 observat:
1402 2478 1554 2499 „neeesse
1575 2466 1637 2497 erit
1658 2465 1790 2509 definire
1814 2471 2005 2511 utramnque,
2028 2465 2105 2508 quid
2125 2463 2168 2495 sit

1213 2532 1281 2572 fur,
1307 2530 1387 2574 quid
1410 2528 1623 2569 sacrilegus«,
1646 2527 1755 2572 itaque
1781 2539 1842 2559 nec
1861 2527 1916 2557 illa
1934 2526 2072 2557 lectione
2084 2535 2166 2568 opus

1215 2594 1286 2634 erit,
1313 2605 1408 2638 quam
1423 2592 1456 2625 in
1473 2592 1611 2634 margine
1627 2591 1735 2635 posuit
1754 2590 1902 2621 Grotius:
1927 2588 1976 2619 »in
1996 2592 2158 2631 utroque«
