2310 2860
740 175 938 219 Martiani
976 176 1176 234 Capellae
1213 175 1286 221 lib.
1310 176 1343 220 1.
1384 180 1414 229 ᾗ.
1437 176 1506 220 21.

2059 185 2118 225 59

501 282 735 324 Consilium
770 283 833 325 vis
863 283 978 326 ferre
1008 296 1178 326 meum:
1208 285 1268 326 sic
1299 299 1472 344 semper
1504 288 1556 331 ab
1587 292 1703 332 omni

501 364 625 405 Velle
655 365 769 421 capis
795 365 984 415 socium,
1018 366 1179 409 faciunt
1202 376 1331 424 atque
1358 369 1499 414 addita
1525 381 1727 414 mentem.

496 446 572 487 Est
602 447 727 504 igitur
758 447 884 503 prisci
914 448 1078 503 generis
1107 446 1350 491 doctissima
1381 451 1501 507 virgo

504 527 683 570 Conscia
712 530 921 581 Parnaso,
962 530 1032 570 cui
1063 529 1225 587 fulgent
1254 530 1393 573 sidera
1424 541 1568 574 coetu:

499 608 582 649 Cui
610 623 687 649 nec
719 618 922 650 tartareos
953 609 1137 652 claustra
1167 610 1381 653 occultare
1411 627 1625 665 recessus,

497 690 589 731 Nec
617 689 733 732 Jovis
766 690 993 732 arbitrium
1025 692 1239 734 rutilantia
1270 692 1453 735 fulmina
1487 706 1688 751 possunt3

220 783 401 830 eonsilium]
419 784 534 818 Cicero
545 785 598 830 (de
611 791 687 818 orat.
699 786 803 830 1,45)
822 787 1110 831 scribitnd'ythius

154 846 276 891 Apollo
294 849 379 892 apud
396 848 537 882 Ennium
555 861 590 881 se
612 862 684 882 eum
705 862 777 882 esse
799 850 876 883 dicit
898 851 984 884 uncle
1005 852 1068 884 sibi
1084 852 1112 883 si

154 921 218 940 non
239 911 350 953 populi
375 917 407 943 et
430 924 540 956 reyes,
569 918 601 944 at
626 924 736 944 omnes
758 913 807 944 sui
831 913 916 945 cives
943 914 1111 946 eonsilium

153 979 341 1017 exspectant

211 1035 371 1069 »suarum
386 1048 496 1068 rerum
511 1039 627 1069 incerti
634 1052 643 1068 .·
671 1048 750 1085 quos
775 1049 832 1081 eqo
859 1049 930 1069 mea
953 1049 1008 1081 ope
1033 1049 1075 1072 ex

200 1096 341 1129 Incertis
363 1104 465 1130 certos
483 1105 704 1146 compotesque
724 1100 840 1131 consili

201 1158 360 1198 Dimino,
392 1165 428 1191 ut
455 1172 495 1191 ne
522 1172 574 1191 res
601 1167 717 1193 temere
741 1167 879 1192 {rm-lent
903 1161 1075 1192 turbidas«

225 1219 319 1266 velle]
348 1220 398 1254 Ita
423 1227 456 1252 et
477 1222 559 1254 infra
581 1221 625 1266 (ξ.
642 1221 723 1267 52);
751 1223 940 1265 »Tuumque
961 1223 1041 1254 velle
1059 1227 1109 1254 est

151 1287 223 1313 ante
240 1283 496 1325 praescientias.«
522 1283 735 1316 Notissimum
750 1284 831 1315 illud
846 1284 953 1316 Persii
970 1284 1018 1328 (5,
1035 1284 1109 1327 55):

157 1357 169 1370 ο
181 1342 273 1374 Velle
289 1355 384 1375 snum
400 1346 517 1390 cuique
533 1351 610 1378 estu

225 1405 349 1451 addita]
386 1407 520 1439 Grotius
551 1409 668 1441 abdite..
696 1427 743 1432 --
770 1407 954 1442 Nonnullae
982 1414 1107 1440 veteres

151 1470 308 1501 editiones
334 1471 445 1502 addita
464 1472 612 1502 offerunt.
644 1470 712 1504 Sed
727 1476 870 1516 praestat
885 1476 1014 1516 recepta
1032 1470 1108 1504 seri-

148 1539 250 1577 ptura.
275 1533 378 1565 Gosz.
400 1551 447 1557 —-
470 1533 595 1577 Nempe
623 1535 742 1566 abditu.
783 1534 852 1567 Cur
874 1540 1015 1578 praestet
1043 1546 1108 1566 non

150 1597 237 1629 dixit.
278 1597 351 1639 Ego
377 1609 453 1630 vero
478 1597 616 1640 ingenue
639 1597 758 1638 fateor,
789 1597 930 1641 reposita
953 1608 1031 1629 voce
1055 1599 1107 1628 ab·

149 1660 217 1692 dita
241 1671 292 1693 me
315 1659 423 1692 locum
439 1671 572 1704 prorsus
595 1670 661 1691 non
681 1658 872 1701 intelligere.
898 1658 974 1690 Vox
997 1658 1108 1689 additu

150 1727 260 1754 eontra
294 1722 334 1754 ad
366 1734 422 1763 ea,
457 1734 540 1767 quae
569 1722 784 1766 praecedunt:
822 1720 881 1752 »ab
914 1720 1000 1752 onmi
1028 1721 1108 1752 velle

149 1787 236 1830 capis
259 1788 399 1820 socium«
433 1792 564 1832 spectat.
598 1785 802 1818 Vocabulum
823 1797 914 1817 mens
931 1784 984 1817 hie
1005 1784 1107 1826 majus

151 1848 271 1892 aliquid
303 1860 398 1892 quam
427 1849 508 1880 velle
538 1848 605 1880 sive
636 1848 836 1880 voluntatem
871 1845 1045 1889 signifieat,
1076 1851 1108 1876 et

158 1912 280 1943 »heere
304 1916 459 1942 mentem«
484 1910 569 1941 idem
592 1915 642 1941 cst
665 1921 701 1941 ae
723 1909 817 1940 »dare
839 1914 987 1940 mentem.
996 1923 1007 1936 «
1039 1909 1106 1940 Ad-

152 1976 220 2006 «lita
249 1974 346 2016 igitur
378 1975 424 2006 sie
452 1973 618 2015 intelligo,
649 1978 686 2004 ut
709 1977 832 2016 spectet
861 1972 902 2003 ad
924 1972 1106 2016 superiora:

157 2037 319 2068 «nondum
342 2036 463 2067 firmam
485 2046 558 2066 esse
579 2034 797 2075 voluntatem3
837 2046 942 2075 nune,
979 2034 1006 2065 si
1030 2034 1107 2078 quid

152 2102 181 2133 ei
198 2114 214 2132 a
234 2101 382 2133 consulto
401 2100 586 2137 adderetur,
611 2111 680 2130 cam
698 2098 844 2130 firmarL«
884 2097 984 2142 Quod
1004 2098 1105 2138 deest,

153 2162 294 2208 suppleri
310 2162 439 2194 Horatii
462 2161 569 2205 (epist.
587 2162 630 2202 2,
655 2161 696 2202 2,
727 2160 763 2205 6)
785 2172 881 2192 versu
905 2165 1030 2209 potest:

210 2243 220 2256 ι
233 2227 347 2260 Verbis
364 2237 447 2273 qnae
465 2226 575 2258 timido
593 2236 719 2273 quoque
734 2231 864 2269 possent
883 2224 1000 2257 addere
1017 2236 1105 2256 men-

548 2293 639 2319 tem«

155 2350 322 2392 Hugianus
346 2351 441 2382 etiam
465 2350 567 2383 codex
589 2351 695 2390 adita,
721 2350 920 2382 Basileensis
949 2355 1056 2383 autem
1075 2354 1109 2382 et

157 2413 418 2446 Darmstattensis
445 2415 554 2447 abdita
581 2414 743 2459 praebent.

232 2482 278 2508 est
301 2476 415 2522 igitur]
441 2475 475 2509 Α
490 2477 646 2524 principio
665 2489 815 2510 versuum
834 2478 872 2508 ad
896 2479 980 2510 hune
1004 2488 1106 2522 usque

157 2538 318 2582 praefatus
341 2544 391 2570 est
413 2537 549 2581 Apollo:
572 2553 657 2573 nune
687 2541 798 2572 laudes
829 2540 1030 2583 philologiae
1054 2552 1107 2583 ag-

159 2599 308 2640 greditur.
325 2599 428 2632 vute.
442 2617 489 2623 ——
507 2599 606 2644 Quod
623 2601 720 2646 prisci
741 2602 867 2644 generis
888 2602 947 2644 sit,
967 2602 1109 2636 omnium

1162 800 1268 819 reriun
1293 800 1406 831 gnara,
1436 796 1483 829 et,
1514 797 1550 822 ut
1577 803 1649 823 eum
1672 789 1809 823 Horatio
1830 790 1961 835 loquar,
1994 794 2115 825 arcanis

1161 848 1255 881 «Iovis
1273 850 1420 882 admissa.
1438 851 1660 884 Cosa—De
1681 852 1880 894 philologiae
1899 853 1993 885 laude
2008 855 2116 886 confer

1162 919 1264 944 totum
1288 925 1418 946 aureum
1446 915 1601 947 xvowori
1628 916 1667 947 de
1689 916 1882 960 polymatliia
1908 915 2032 947 librum.

1238 974 1342 1020 coelic]
1372 976 1535 1019 Scriptum
1552 978 1614 1008 lioc
1636 989 1694 1021 pro
1724 984 1877 1009 »coelus«
1905 977 2050 1009 Vrion:
2070 996 2115 1000 -—

1160 1034 1248 1077 Lege
1270 1039 1342 1068 »eui
1359 1043 1420 1069 lm«
1444 1038 1570 1070 Bam-n.
1589 1038 1728 1082 (advers.
1747 1051 1777 1082 p.
1793 1040 1878 1071 955.
1897 1039 1979 1070 9723.
1998 1038 2115 1079 1242).

1162 1117 1209 1122 —-
1237 1099 1326 1141 Lege
1356 1102 1478 1132 »coelia
1508 1101 1634 1134 Yon-en.
1665 1101 1764 1146 (spec.
1789 1102 1856 1133 crit.
1884 1114 1915 1145 p.
1942 1102 2038 1144 145).
2069 1118 2116 1123 --

2143 469 2203 509 22

1159 1158 1232 1201 Ego
1264 1172 1356 1192 xero:
1390 1162 1462 1203 lege
1494 1163 1581 1205 quod
1620 1163 1771 1206 scriptum
1803 1162 1910 1194 vides!
1954 1162 2117 1194 Constans
2160 1169 2163 1205 ᾗ

1159 1221 1243 1252 enim
1268 1222 1410 1254 omnium
1435 1223 1589 1254 librorum
1618 1223 1713 1257 lectio
1741 1224 1873 1267 praebet
1893 1229 2004 1263 coeiie3
2035 1234 2117 1266 quae

1159 1285 1187 1317 si
1216 1285 1324 1329 aliquo
1361 1287 1466 1317 saltim
1500 1287 1596 1318 modo
1638 1287 1766 1318 defendi
1797 1292 1922 1330 potest,
1975 1286 2117 1317 mutandi

1158 1360 1254 1381 eausa
1267 1349 1356 1381 nulla
1371 1350 1439 1382 crit.
1462 1350 1578 1381 Potest
1598 1355 1714 1383 autem.
1740 1349 1886 1394 Namque
1907 1350 1975 1382 »eui
1993 1350 2116 1390 fulgent

1160 1412 1265 1443 sidera
1291 1418 1400 1445 coetu«
1430 1413 1513 1445 idem
1535 1419 1585 1445 est
1607 1426 1644 1446 ac
1667 1414 1694 1445 si
1718 1413 1836 1446 dixeris
1860 1413 1931 1446 ncui
1956 1413 2056 1454 fulget
2075 1412 2116 1442 si-

1485 1476 1622 1508 Aceedit
1646 1476 1734 1520 quod
1755 1477 1836 1508 infra
1860 1476 1902 1520 (ξ,-
1921 1478 1984 1520 90)
2007 1481 2118 1507 noster

1167 1540 1312 1567 ”coctum
1335 1536 1513 1567 sidereumu
1539 1536 1633 1567 simili
1655 1537 1721 1568 fere
1744 1537 1840 1568 modo
1865 1537 1953 1568 dixit.
1993 1535 2117 1568 Sensus

1160 1474 1271 1505 derum
1296 1481 1417 1507 coetus.
1424 1491 1435 1504 ι(

1160 1603 1266 1628 autem
1290 1604 1339 1629 est
1365 1611 1463 1641 »quae
1485 1599 1579 1630 callet
1605 1599 1859 1630 astronomiam-u

1235 1660 1390 1704 claustra]
1418 1661 1528 1692 Habet
1552 1662 1810 1693 membranaceus
1837 1661 1939 1693 codex
1955 1661 2115 1704 flauum,-

1159 1721 1244 1753 unde
1268 1733 1306 1753 eo
1326 1721 1410 1761 voni,
1434 1728 1468 1752 ut
1487 1722 1652 1765 Capellam
1675 1722 1854 1765 putaverim
1867 1722 1987 1766 flustra
2004 1734 2021 1753 a
2039 1723 2117 1753 mari

1159 1783 1199 1815 ad
1220 1783 1321 1815 Erebi
1343 1783 1606 1826 tranquillitatem
1627 1783 1812 1816 detorsisse.
1828 1783 1953 1814 BAuTn.
1977 1783 2114 1825 (advers.

1157 1857 1188 1889 p.
1211 1844 1308 1888 955).
1327 1864 1374 1869 -—
1410 1845 1455 1876 Ut
1474 1846 1556 1877 hane
1580 1856 1670 1875 suam
1694 1845 1741 1875 vir
1768 1845 1882 1876 doctus
1902 1844 2116 1886 conjecturam

1158 1908 1324 1948 defendat,
1358 1908 1397 1940 ad
1416 1908 1549 1940 Festum
1572 1914 1726 1952 provocat
1751 1914 1783 1940 et
1804 1908 2037 1940 Tertullianum
2061 1908 2116 1951 (de

1157 1970 1289 2014 pallio)⁷
1332 1982 1413 2013 quae
1446 1970 1551 2001 omnia
1579 1970 1664 2014 apud
1686 1970 1793 2014 ipsum
1816 1970 1904 2012 legas
1931 1970 2015 2002 licet.
2042 1969 2115 2010 Ego

1158 2032 1243 2063 enim
1268 2037 1468 2065 constantem
1485 2031 1627 2064 omnium
1650 2031 1805 2064 fibrarum
1823 2031 1994 2065 lectionem
2010 2037 2114 2063 tueor.
2142 2068 2144 2070 v

1158 2095 1284 2139 Quidni
1308 2096 1436 2127 »claudi
1459 2101 1616 2127 tartareos
1638 2107 1805 2128 recessus«
1831 2096 1937 2129 dicere
1962 2095 2113 2140 potuerit,

1158 2172 1175 2191 e
1194 2160 1310 2204 quibus
1331 2159 1450 2191 nemini
1469 2171 1642 2192 concessus
1660 2165 1727 2191 erat
1744 2160 1889 2192 reditus?
1912 2159 2114 2200 philologiae

1158 2224 1254 2265 igitur
1277 2236 1316 2255 ne
1346 2223 1476 2255 tartarei
1500 2223 1629 2268 quidem
1656 2235 1804 2256 recessus
1824 2224 1974 2255 claustris
2007 2221 2111 2254 oecul-

1157 2285 1219 2318 tari
1243 2291 1388 2329 possunt⁴
1428 2285 1514 2318 Vide
1538 2290 1692 2330 quantum
1720 2285 1855 2329 spatium
1878 2285 2041 2317 Hesiodus
2066 2282 2111 2325 (in

1157 2351 1263 2391 theog.
1284 2349 1356 2380 724
1386 2348 1491 2393 seqq.)
1513 2361 1531 2381 a
1555 2349 1647 2381 coelo
1668 2349 1708 2381 ad
1731 2355 1848 2381 terram
1873 2355 1968 2393 atque
1989 2359 2006 2378 a
2025 2352 2109 2378 terra

1159 2412 1199 2444 ad
1221 2416 1372 2443 tartarum
1396 2422 1498 2454 usque
1521 2410 1629 2443 finxit!

1229 2474 1377 2520 possunt]
1404 2474 1619 2508 Scribendum
1649 2473 1799 2506 »fulmina
1822 2473 1949 2515 possit«
1995 2469 2109 2502 Invitis

1159 2537 1243 2569 enim
1272 2538 1332 2569 diis
1361 2548 1499 2581 superna
1523 2535 1675 2578 cognosci
1698 2547 1715 2566 a
1736 2533 1921 2565 mortalibus
1950 2543 2015 2564 non
2037 2543 2109 2563 raro

1159 2601 1249 2643 ajunt
1272 2600 1400 2632 ethnici.
1421 2600 1545 2633 mum.
1577 2598 1718 2645 (advers.
1742 2609 1772 2640 p.
1794 2595 1916 2637 1241).
1938 2614 1984 2618 —
2014 2595 2109 2626 Hane

1640 2661 1662 2690 8
1684 2656 1707 2683 ss
