<?xml version="1.0" encoding="UTF-8"?>
<!DOCTYPE html PUBLIC "-//W3C//DTD XHTML 1.0 Transitional//EN"
    "http://www.w3.org/TR/xhtml1/DTD/xhtml1-transitional.dtd">
<html xmlns="http://www.w3.org/1999/xhtml" xml:lang="en" lang="en">
 <head>
  <title>
</title>
<meta http-equiv="Content-Type" content="text/html;charset=utf-8" />
  <meta name='ocr-system' content='tesseract 3.04.00' />
  <meta name='ocr-capabilities' content='ocr_page ocr_carea ocr_par ocr_line ocrx_word'/>
</head>
<body>
  <div class='ocr_page' id='page_1' title='image "./denuptiisphilolo00martuoft/denuptiisphilolo00martuoft_0157.png"; bbox 0 0 2310 2860; ppageno 0'>
   <div class='ocr_carea' id='block_1_1' title="bbox 702 149 1481 220">
    <p class='ocr_par' dir='ltr' id='par_1_1' title="bbox 702 149 1481 220">
     <span class='ocr_line' id='line_1_1' title="bbox 702 149 1481 220; baseline -0.001 -14"><span class='ocrx_word' id='word_1_1' title='bbox 702 164 902 207; x_wconf 69' lang='lat' dir='ltr'><strong>Martiam</strong></span> <span class='ocrx_word' id='word_1_2' title='bbox 941 149 1140 220; x_wconf 66' lang='lat' dir='ltr'><strong>Capenae</strong></span> <span class='ocrx_word' id='word_1_3' title='bbox 1178 163 1250 205; x_wconf 85' lang='lat' dir='ltr'><strong>lib.</strong></span> <span class='ocrx_word' id='word_1_4' title='bbox 1280 163 1313 206; x_wconf 89' lang='lat'><strong>1.</strong></span> <span class='ocrx_word' id='word_1_5' title='bbox 1353 165 1385 215; x_wconf 62' lang='grc' dir='ltr'><strong>ς.</strong></span> <span class='ocrx_word' id='word_1_6' title='bbox 1408 164 1481 206; x_wconf 82' lang='lat'><strong>88.</strong></span> 
     </span>
    </p>
   </div>
   <div class='ocr_carea' id='block_1_2' title="bbox 1996 164 2078 210">
    <p class='ocr_par' dir='ltr' id='par_1_2' title="bbox 1996 164 2078 210">
     <span class='ocr_line' id='line_1_2' title="bbox 1996 164 2078 210; baseline 0.024 -3"><span class='ocrx_word' id='word_1_7' title='bbox 1996 164 2078 210; x_wconf 89' lang='grc'><strong>127</strong></span> 
     </span>
    </p>
   </div>
   <div class='ocr_carea' id='block_1_3' title="bbox 118 271 2080 330">
    <p class='ocr_par' dir='ltr' id='par_1_3' title="bbox 118 271 2080 330">
     <span class='ocr_line' id='line_1_3' title="bbox 118 271 2080 330; baseline 0.001 -13"><span class='ocrx_word' id='word_1_8' title='bbox 118 275 187 318; x_wconf 85' lang='lat' dir='ltr'><strong>alii</strong></span> <span class='ocrx_word' id='word_1_9' title='bbox 225 275 391 317; x_wconf 89' lang='lat' dir='ltr'>Sortem</span> <span class='ocrx_word' id='word_1_10' title='bbox 433 280 646 325; x_wconf 82' lang='lat' dir='ltr'><strong>asserunt,</strong></span> <span class='ocrx_word' id='word_1_11' title='bbox 691 272 1000 327; x_wconf 84' lang='lat' dir='ltr'><strong>Nemesimque</strong></span> <span class='ocrx_word' id='word_1_12' title='bbox 1040 271 1257 323; x_wconf 89' lang='lat' dir='ltr'>nonnulli,</span> <span class='ocrx_word' id='word_1_13' title='bbox 1311 271 1584 327; x_wconf 84' lang='lat' dir='ltr'><strong>Tychenque</strong></span> <span class='ocrx_word' id='word_1_14' title='bbox 1623 286 1757 328; x_wconf 87' lang='lat' dir='ltr'><strong>quam</strong></span> <span class='ocrx_word' id='word_1_15' title='bbox 1796 274 1961 330; x_wconf 80' lang='lat' dir='ltr'><strong>plureS‚</strong></span> <span class='ocrx_word' id='word_1_16' title='bbox 2008 285 2080 319; x_wconf 82' lang='lat' dir='ltr'><strong>aut</strong></span> 
     </span>
    </p>
   </div>
   <div class='ocr_carea' id='block_1_4' title="bbox 114 358 324 400">
    <p class='ocr_par' dir='ltr' id='par_1_4' title="bbox 114 358 324 400">
     <span class='ocr_line' id='line_1_4' title="bbox 114 358 324 400; baseline -0.01 0"><span class='ocrx_word' id='word_1_17' title='bbox 114 358 324 400; x_wconf 81' lang='lat' dir='ltr'><strong>Nortiam.</strong></span> 
     </span>
    </p>
   </div>
   <div class='ocr_carea' id='block_1_5' title="bbox 395 353 2080 412">
    <p class='ocr_par' dir='ltr' id='par_1_5' title="bbox 395 353 2080 412">
     <span class='ocr_line' id='line_1_5' title="bbox 395 353 2080 412; baseline 0 -14"><span class='ocrx_word' id='word_1_18' title='bbox 395 357 513 398; x_wconf 81' lang='lat' dir='ltr'><strong>Haec</strong></span> <span class='ocrx_word' id='word_1_19' title='bbox 557 365 697 397; x_wconf 82' lang='lat' dir='ltr'><strong>autem</strong></span> <span class='ocrx_word' id='word_1_20' title='bbox 741 354 946 410; x_wconf 87' lang='lat' dir='ltr'><strong>quoniam</strong></span> <span class='ocrx_word' id='word_1_21' title='bbox 984 354 1146 409; x_wconf 83' lang='lat' dir='ltr'><strong>gremio</strong></span> <span class='ocrx_word' id='word_1_22' title='bbox 1190 353 1371 408; x_wconf 81' lang='lat' dir='ltr'><strong>largiore</strong></span> <span class='ocrx_word' id='word_1_23' title='bbox 1400 353 1525 394; x_wconf 76' lang='lat' dir='ltr'><strong>totius</strong></span> <span class='ocrx_word' id='word_1_24' title='bbox 1556 353 1668 394; x_wconf 86' lang='lat' dir='ltr'><strong>orbis</strong></span> <span class='ocrx_word' id='word_1_25' title='bbox 1699 366 1951 397; x_wconf 82' lang='lat' dir='ltr'><strong>ornamenta</strong></span> <span class='ocrx_word' id='word_1_26' title='bbox 1978 371 2080 412; x_wconf 89' lang='lat' dir='ltr'><strong>por-</strong></span> 
     </span>
    </p>
   </div>
   <div class='ocr_carea' id='block_1_6' title="bbox 116 433 2078 491">
    <p class='ocr_par' dir='ltr' id='par_1_6' title="bbox 116 433 2078 491">
     <span class='ocr_line' id='line_1_6' title="bbox 116 433 2078 491; baseline 0.001 -14"><span class='ocrx_word' id='word_1_27' title='bbox 116 436 250 487; x_wconf 83' lang='lat' dir='ltr'><strong>tabat,</strong></span> <span class='ocrx_word' id='word_1_28' title='bbox 298 445 337 477; x_wconf 88' lang='lat' dir='ltr'><strong>et</strong></span> <span class='ocrx_word' id='word_1_29' title='bbox 374 436 463 477; x_wconf 83' lang='lat' dir='ltr'><strong>aliis</strong></span> <span class='ocrx_word' id='word_1_30' title='bbox 508 436 752 491; x_wconf 76' lang='lat' dir='ltr'><strong>impertiens</strong></span> <span class='ocrx_word' id='word_1_31' title='bbox 801 434 1030 490; x_wconf 84' lang='lat' dir='ltr'><strong>repentinis</strong></span> <span class='ocrx_word' id='word_1_32' title='bbox 1074 435 1260 476; x_wconf 84' lang='lat' dir='ltr'><strong>motibus</strong></span> <span class='ocrx_word' id='word_1_33' title='bbox 1306 433 1570 485; x_wconf 80' lang='lat' dir='ltr'><strong>conferebat,</strong></span> <span class='ocrx_word' id='word_1_34' title='bbox 1623 435 1789 490; x_wconf 83' lang='lat' dir='ltr'><strong>rapiens</strong></span> <span class='ocrx_word' id='word_1_35' title='bbox 1828 436 1894 478; x_wconf 89' lang='lat' dir='ltr'><strong>his</strong></span> <span class='ocrx_word' id='word_1_36' title='bbox 1934 451 2078 479; x_wconf 85' lang='lat' dir='ltr'><strong>comas</strong></span> 
     </span>
    </p>
   </div>
   <div class='ocr_carea' id='block_1_7' title="bbox 107 530 1075 2643">
    <p class='ocr_par' dir='ltr' id='par_1_7' title="bbox 107 530 1075 2643">
     <span class='ocr_line' id='line_1_7' title="bbox 115 530 1074 577; baseline 0 -14"><span class='ocrx_word' id='word_1_37' title='bbox 115 536 180 563; x_wconf 78' lang='lat' dir='ltr'><strong>tata</strong></span> <span class='ocrx_word' id='word_1_38' title='bbox 206 531 246 563; x_wconf 80' lang='lat' dir='ltr'><strong>ad</strong></span> <span class='ocrx_word' id='word_1_39' title='bbox 277 531 374 564; x_wconf 86' lang='lat' dir='ltr'><strong>finem</strong></span> <span class='ocrx_word' id='word_1_40' title='bbox 408 531 603 577; x_wconf 53' lang='lat' dir='ltr'><strong>pervenirem</strong></span> <span class='ocrx_word' id='word_1_41' title='bbox 646 531 770 576; x_wconf 85' lang='lat' dir='ltr'><strong>Optimi</strong></span> <span class='ocrx_word' id='word_1_42' title='bbox 801 531 876 563; x_wconf 89' lang='lat' dir='ltr'><strong>item</strong></span> <span class='ocrx_word' id='word_1_43' title='bbox 904 530 1074 563; x_wconf 79' lang='lat' dir='ltr'><strong>verissimi·</strong></span> 
     </span>
     <span class='ocr_line' id='line_1_8' title="bbox 115 593 1073 640; baseline -0.002 -13"><span class='ocrx_word' id='word_1_44' title='bbox 115 607 177 640; x_wconf 83' lang='lat' dir='ltr'><strong>que</strong></span> <span class='ocrx_word' id='word_1_45' title='bbox 200 601 276 627; x_wconf 88' lang='lat' dir='ltr'><strong>sunt</strong></span> <span class='ocrx_word' id='word_1_46' title='bbox 295 596 438 628; x_wconf 83' lang='lat' dir='ltr'><strong>Pedonis</strong></span> <span class='ocrx_word' id='word_1_47' title='bbox 459 595 655 628; x_wconf 82' lang='lat' dir='ltr'><strong>Albinovani</strong></span> <span class='ocrx_word' id='word_1_48' title='bbox 673 596 766 640; x_wconf 79' lang='lat' dir='ltr'><strong>(eleg.</strong></span> <span class='ocrx_word' id='word_1_49' title='bbox 788 595 817 626; x_wconf 81' lang='lat'><strong>1.</strong></span> <span class='ocrx_word' id='word_1_50' title='bbox 836 593 924 637; x_wconf 85' lang='lat'><strong>570)</strong></span> <span class='ocrx_word' id='word_1_51' title='bbox 946 606 1073 626; x_wconf 84' lang='lat' dir='ltr'><strong>versus:</strong></span> 
     </span>
     <span class='ocr_line' id='line_1_9' title="bbox 172 657 1001 704; baseline 0 -17"><span class='ocrx_word' id='word_1_52' title='bbox 172 657 337 690; x_wconf 70' lang='lat' dir='ltr'><strong>»Fortuna</strong></span> <span class='ocrx_word' id='word_1_53' title='bbox 362 660 505 690; x_wconf 81' lang='lat' dir='ltr'><strong>arbitriis</strong></span> <span class='ocrx_word' id='word_1_54' title='bbox 529 664 652 702; x_wconf 83' lang='lat' dir='ltr'><strong>tempus</strong></span> <span class='ocrx_word' id='word_1_55' title='bbox 672 658 834 701; x_wconf 81' lang='lat' dir='ltr'><em>dispensat</em></span> <span class='ocrx_word' id='word_1_56' title='bbox 858 658 1001 704; x_wconf 76' lang='lat' dir='ltr'><strong>iniquis,-</strong></span> 
     </span>
     <span class='ocr_line' id='line_1_10' title="bbox 215 721 948 766; baseline 0 -14"><span class='ocrx_word' id='word_1_57' title='bbox 215 721 280 752; x_wconf 76' lang='lat' dir='ltr'><strong>Illa</strong></span> <span class='ocrx_word' id='word_1_58' title='bbox 300 723 386 764; x_wconf 79' lang='lat' dir='ltr'><strong>rapit</strong></span> <span class='ocrx_word' id='word_1_59' title='bbox 407 722 568 766; x_wconf 76' lang='lat' dir='ltr'><strong>juvenes,</strong></span> <span class='ocrx_word' id='word_1_60' title='bbox 589 722 728 753; x_wconf 75' lang='lat' dir='ltr'><strong>sustinet</strong></span> <span class='ocrx_word' id='word_1_61' title='bbox 753 721 809 752; x_wconf 82' lang='lat' dir='ltr'><strong>illa</strong></span> <span class='ocrx_word' id='word_1_62' title='bbox 834 731 948 760; x_wconf 67' lang='lat' dir='ltr'><strong>senes,</strong></span> 
     </span>
     <span class='ocr_line' id='line_1_11' title="bbox 164 782 1075 831; baseline -0.001 -17"><span class='ocrx_word' id='word_1_63' title='bbox 164 783 303 831; x_wconf 74' lang='lat' dir='ltr'><strong>Quaque</strong></span> <span class='ocrx_word' id='word_1_64' title='bbox 319 786 400 824; x_wconf 78' lang='lat' dir='ltr'><strong>ruit,</strong></span> <span class='ocrx_word' id='word_1_65' title='bbox 418 785 599 828; x_wconf 73' lang='lat' dir='ltr'><strong>furibunda</strong></span> <span class='ocrx_word' id='word_1_66' title='bbox 618 786 695 825; x_wconf 82' lang='lat' dir='ltr'><strong>rm&#39;t,</strong></span> <span class='ocrx_word' id='word_1_67' title='bbox 721 789 886 831; x_wconf 84' lang='lat' dir='ltr'><strong>totumque</strong></span> <span class='ocrx_word' id='word_1_68' title='bbox 899 795 957 827; x_wconf 84' lang='lat' dir='ltr'><strong>per</strong></span> <span class='ocrx_word' id='word_1_69' title='bbox 970 782 1075 815; x_wconf 79' lang='lat' dir='ltr'><strong>orbem</strong></span> 
     </span>
     <span class='ocr_line' id='line_1_12' title="bbox 213 848 1017 895; baseline -0.001 -16"><span class='ocrx_word' id='word_1_70' title='bbox 213 848 383 880; x_wconf 78' lang='lat' dir='ltr'><strong>Fulminat</strong></span> <span class='ocrx_word' id='word_1_71' title='bbox 405 854 436 880; x_wconf 88' lang='lat' dir='ltr'><strong>et</strong></span> <span class='ocrx_word' id='word_1_72' title='bbox 458 850 561 880; x_wconf 84' lang='lat' dir='ltr'><strong>caecis</strong></span> <span class='ocrx_word' id='word_1_73' title='bbox 584 860 679 880; x_wconf 81' lang='lat' dir='ltr'><strong>caeca</strong></span> <span class='ocrx_word' id='word_1_74' title='bbox 697 848 874 891; x_wconf 74' lang='lat' dir='ltr'><em>triumphat</em></span> <span class='ocrx_word' id='word_1_75' title='bbox 897 848 997 895; x_wconf 80' lang='lat' dir='ltr'><strong>equis.</strong></span> <span class='ocrx_word' id='word_1_76' title='bbox 1006 861 1017 875; x_wconf 89' lang='lat'>«</span> 
     </span>
     <span class='ocr_line' id='line_1_13' title="bbox 184 909 1075 956; baseline -0.001 -14"><span class='ocrx_word' id='word_1_77' title='bbox 184 910 351 956; x_wconf 74' lang='lat' dir='ltr'><strong>qestae&#39;ebat]</strong></span> <span class='ocrx_word' id='word_1_78' title='bbox 378 911 538 955; x_wconf 86' lang='lat' dir='ltr'><strong>Reposuit</strong></span> <span class='ocrx_word' id='word_1_79' title='bbox 567 911 710 944; x_wconf 82' lang='lat' dir='ltr'><strong>Goezius</strong></span> <span class='ocrx_word' id='word_1_80' title='bbox 739 912 893 956; x_wconf 67' lang='lat' dir='ltr'><strong>yestibat,</strong></span> <span class='ocrx_word' id='word_1_81' title='bbox 933 910 1007 954; x_wconf 82' lang='lat' dir='ltr'><strong>quia</strong></span> <span class='ocrx_word' id='word_1_82' title='bbox 1042 909 1075 942; x_wconf 92' lang='lat' dir='ltr'><strong>in</strong></span> 
     </span>
     <span class='ocr_line' id='line_1_14' title="bbox 111 971 1073 1015; baseline -0.001 -12"><span class='ocrx_word' id='word_1_83' title='bbox 111 982 176 1003; x_wconf 85' lang='lat' dir='ltr'><strong>uno</strong></span> <span class='ocrx_word' id='word_1_84' title='bbox 203 973 313 1004; x_wconf 81' lang='lat' dir='ltr'><strong>codice</strong></span> <span class='ocrx_word' id='word_1_85' title='bbox 343 972 496 1004; x_wconf 89' lang='lat' dir='ltr'><strong>Leidensi</strong></span> <span class='ocrx_word' id='word_1_86' title='bbox 530 973 576 1004; x_wconf 88' lang='lat' dir='ltr'><strong>sic</strong></span> <span class='ocrx_word' id='word_1_87' title='bbox 599 972 663 1014; x_wconf 84' lang='lat' dir='ltr'><strong>legi</strong></span> <span class='ocrx_word' id='word_1_88' title='bbox 679 973 886 1004; x_wconf 80' lang='lat' dir='ltr'><strong>-Munekcrus</strong></span> <span class='ocrx_word' id='word_1_89' title='bbox 919 972 971 1015; x_wconf 81' lang='lat' dir='ltr'><strong>(ad</strong></span> <span class='ocrx_word' id='word_1_90' title='bbox 998 971 1073 1002; x_wconf 80' lang='lat' dir='ltr'><strong>Ful-</strong></span> 
     </span>
     <span class='ocr_line' id='line_1_15' title="bbox 112 1034 1074 1079; baseline -0.001 -14"><span class='ocrx_word' id='word_1_91' title='bbox 112 1040 196 1075; x_wconf 83' lang='lat' dir='ltr'><strong>gent.</strong></span> <span class='ocrx_word' id='word_1_92' title='bbox 212 1048 244 1079; x_wconf 90' lang='lat' dir='ltr'><strong>p.</strong></span> <span class='ocrx_word' id='word_1_93' title='bbox 255 1034 315 1079; x_wconf 79' lang='lat'><strong>16)</strong></span> <span class='ocrx_word' id='word_1_94' title='bbox 333 1036 549 1069; x_wconf 77' lang='lat' dir='ltr'><strong>adnotaverat.</strong></span> <span class='ocrx_word' id='word_1_95' title='bbox 576 1034 644 1067; x_wconf 86' lang='lat' dir='ltr'><strong>Sed</strong></span> <span class='ocrx_word' id='word_1_96' title='bbox 661 1046 760 1078; x_wconf 90' lang='lat' dir='ltr'><strong>quum</strong></span> <span class='ocrx_word' id='word_1_97' title='bbox 775 1034 892 1078; x_wconf 84' lang='lat' dir='ltr'><strong>reliqui</strong></span> <span class='ocrx_word' id='word_1_98' title='bbox 912 1040 944 1066; x_wconf 84' lang='lat' dir='ltr'><strong>et</strong></span> <span class='ocrx_word' id='word_1_99' title='bbox 962 1046 1074 1065; x_wconf 85' lang='lat' dir='ltr'><strong>omues</strong></span> 
     </span>
     <span class='ocr_line' id='line_1_16' title="bbox 111 1094 1071 1140; baseline -0.002 -14"><span class='ocrx_word' id='word_1_100' title='bbox 111 1096 188 1126; x_wconf 80' lang='lat' dir='ltr'><strong>editi</strong></span> <span class='ocrx_word' id='word_1_101' title='bbox 215 1096 379 1128; x_wconf 87' lang='lat' dir='ltr'><strong>meliorem</strong></span> <span class='ocrx_word' id='word_1_102' title='bbox 410 1096 670 1140; x_wconf 76' lang='lat' dir='ltr'><strong>orthographiam</strong></span> <span class='ocrx_word' id='word_1_103' title='bbox 691 1096 844 1135; x_wconf 76' lang='lat' dir='ltr'><strong>habeant,</strong></span> <span class='ocrx_word' id='word_1_104' title='bbox 877 1100 910 1126; x_wconf 86' lang='lat' dir='ltr'><strong>et</strong></span> <span class='ocrx_word' id='word_1_105' title='bbox 940 1094 1071 1126; x_wconf 81' lang='lat' dir='ltr'><strong>Martia-</strong></span> 
     </span>
     <span class='ocr_line' id='line_1_17' title="bbox 110 1156 1069 1202; baseline -0.005 -11"><span class='ocrx_word' id='word_1_106' title='bbox 110 1171 186 1200; x_wconf 86' lang='lat' dir='ltr'><strong>nus,</strong></span> <span class='ocrx_word' id='word_1_107' title='bbox 209 1160 353 1202; x_wconf 71' lang='lat' dir='ltr'><strong>quamvis</strong></span> <span class='ocrx_word' id='word_1_108' title='bbox 373 1159 470 1199; x_wconf 78' lang='lat' dir='ltr'><strong>Afer,</strong></span> <span class='ocrx_word' id='word_1_109' title='bbox 494 1159 614 1192; x_wconf 86' lang='lat' dir='ltr'><strong>rectius</strong></span> <span class='ocrx_word' id='word_1_110' title='bbox 637 1159 732 1190; x_wconf 81' lang='lat' dir='ltr'><strong>etiam</strong></span> <span class='ocrx_word' id='word_1_111' title='bbox 750 1158 889 1190; x_wconf 52' lang='lat' dir='ltr'><strong>scribere</strong></span> <span class='ocrx_word' id='word_1_112' title='bbox 916 1156 1069 1200; x_wconf 80' lang='lat' dir='ltr'><strong>potuerit,</strong></span> 
     </span>
     <span class='ocr_line' id='line_1_18' title="bbox 111 1220 919 1266; baseline -0.002 -13"><span class='ocrx_word' id='word_1_113' title='bbox 111 1222 194 1253; x_wconf 82' lang='lat' dir='ltr'><strong>haud</strong></span> <span class='ocrx_word' id='word_1_114' title='bbox 219 1223 285 1254; x_wconf 86' lang='lat' dir='ltr'><strong>scio</strong></span> <span class='ocrx_word' id='word_1_115' title='bbox 316 1234 373 1255; x_wconf 86' lang='lat' dir='ltr'><strong>cur</strong></span> <span class='ocrx_word' id='word_1_116' title='bbox 392 1234 525 1266; x_wconf 85' lang='lat' dir='ltr'><strong>pravum</strong></span> <span class='ocrx_word' id='word_1_117' title='bbox 546 1229 634 1254; x_wconf 87' lang='lat' dir='ltr'><strong>recto</strong></span> <span class='ocrx_word' id='word_1_118' title='bbox 661 1220 919 1252; x_wconf 74' lang='lat' dir='ltr'><strong>substituamus?</strong></span> 
     </span>
     <span class='ocr_line' id='line_1_19' title="bbox 181 1281 1072 1328; baseline -0.004 -13"><span class='ocrx_word' id='word_1_119' title='bbox 181 1282 321 1328; x_wconf 79' lang='lat' dir='ltr'><strong>Sortem]</strong></span> <span class='ocrx_word' id='word_1_120' title='bbox 347 1284 542 1324; x_wconf 79' lang='lat' dir='ltr'><strong>Fortunam,</strong></span> <span class='ocrx_word' id='word_1_121' title='bbox 575 1284 616 1315; x_wconf 90' lang='lat' dir='ltr'><strong>ob</strong></span> <span class='ocrx_word' id='word_1_122' title='bbox 645 1295 753 1314; x_wconf 82' lang='lat' dir='ltr'><strong>casum</strong></span> <span class='ocrx_word' id='word_1_123' title='bbox 780 1282 876 1314; x_wconf 88' lang='lat' dir='ltr'><strong>sortis</strong></span> <span class='ocrx_word' id='word_1_124' title='bbox 905 1281 1072 1320; x_wconf 87' lang='lat' dir='ltr'><strong>incertum,</strong></span> 
     </span>
     <span class='ocr_line' id='line_1_20' title="bbox 113 1344 1073 1390; baseline -0.002 -13"><span class='ocrx_word' id='word_1_125' title='bbox 113 1346 158 1378; x_wconf 78' lang='lat' dir='ltr'><strong>sie</strong></span> <span class='ocrx_word' id='word_1_126' title='bbox 189 1346 344 1390; x_wconf 88' lang='lat' dir='ltr'><strong>appellari</strong></span> <span class='ocrx_word' id='word_1_127' title='bbox 372 1347 424 1387; x_wconf 46' lang='lat' dir='ltr'><strong>{el</strong></span> <span class='ocrx_word' id='word_1_128' title='bbox 451 1359 491 1377; x_wconf 86' lang='lat' dir='ltr'><strong>ex</strong></span> <span class='ocrx_word' id='word_1_129' title='bbox 520 1346 653 1389; x_wconf 81' lang='lat' dir='ltr'><strong>reliquis</strong></span> <span class='ocrx_word' id='word_1_130' title='bbox 677 1346 860 1377; x_wconf 85' lang='lat' dir='ltr'><strong>nominibus</strong></span> <span class='ocrx_word' id='word_1_131' title='bbox 889 1344 1073 1387; x_wconf 66' lang='lat' dir='ltr'><strong>aequivocis</strong></span> 
     </span>
     <span class='ocr_line' id='line_1_21' title="bbox 112 1406 1075 1454; baseline -0.002 -13"><span class='ocrx_word' id='word_1_132' title='bbox 112 1414 209 1454; x_wconf 79' lang='lat' dir='ltr'><strong>patet.</strong></span> <span class='ocrx_word' id='word_1_133' title='bbox 233 1409 272 1441; x_wconf 89' lang='lat' dir='ltr'><strong>In</strong></span> <span class='ocrx_word' id='word_1_134' title='bbox 292 1409 438 1441; x_wconf 86' lang='lat' dir='ltr'><strong>Planetis</strong></span> <span class='ocrx_word' id='word_1_135' title='bbox 464 1414 539 1440; x_wconf 85' lang='lat' dir='ltr'><strong>sunt</strong></span> <span class='ocrx_word' id='word_1_136' title='bbox 568 1408 701 1440; x_wconf 83' lang='lat' dir='ltr'><strong>sortium</strong></span> <span class='ocrx_word' id='word_1_137' title='bbox 733 1408 811 1448; x_wconf 84' lang='lat' dir='ltr'><strong>loci,</strong></span> <span class='ocrx_word' id='word_1_138' title='bbox 839 1408 1016 1439; x_wconf 79' lang='lat' dir='ltr'><strong>Nemeseos</strong></span> <span class='ocrx_word' id='word_1_139' title='bbox 1040 1406 1075 1439; x_wconf 88' lang='lat' dir='ltr'><strong>in</strong></span> 
     </span>
     <span class='ocr_line' id='line_1_22' title="bbox 112 1469 1074 1518; baseline -0.003 -14"><span class='ocrx_word' id='word_1_140' title='bbox 112 1472 270 1513; x_wconf 85' lang='lat' dir='ltr'><strong>Saturno,</strong></span> <span class='ocrx_word' id='word_1_141' title='bbox 300 1469 442 1518; x_wconf 77' lang='grc' dir='ltr'><em>Τύχης</em></span> <span class='ocrx_word' id='word_1_142' title='bbox 471 1472 504 1504; x_wconf 82' lang='grc' dir='ltr'><strong>ἰη</strong></span> <span class='ocrx_word' id='word_1_143' title='bbox 535 1472 629 1503; x_wconf 85' lang='lat' dir='ltr'><strong>Luna</strong></span> <span class='ocrx_word' id='word_1_144' title='bbox 655 1471 778 1516; x_wconf 72' lang='lat' dir='ltr'><strong>(Manil.</strong></span> <span class='ocrx_word' id='word_1_145' title='bbox 804 1477 923 1502; x_wconf 83' lang='lat' dir='ltr'><strong>astron.</strong></span> <span class='ocrx_word' id='word_1_146' title='bbox 946 1471 990 1511; x_wconf 79' lang='lat'><strong>5,</strong></span> <span class='ocrx_word' id='word_1_147' title='bbox 1016 1471 1074 1502; x_wconf 80' lang='lat'><strong>96.</strong></span> 
     </span>
     <span class='ocr_line' id='line_1_23' title="bbox 110 1534 1074 1579; baseline -0.002 -12"><span class='ocrx_word' id='word_1_148' title='bbox 110 1536 278 1578; x_wconf 77' lang='lat' dir='ltr'><strong>Palaeogr.</strong></span> <span class='ocrx_word' id='word_1_149' title='bbox 309 1535 377 1567; x_wconf 85' lang='lat' dir='ltr'><strong>erit.</strong></span> <span class='ocrx_word' id='word_1_150' title='bbox 407 1535 466 1567; x_wconf 86' lang='lat' dir='ltr'><strong>m.</strong></span> <span class='ocrx_word' id='word_1_151' title='bbox 494 1534 522 1579; x_wconf 64' lang='grc' dir='ltr'><strong>ξ.</strong></span> <span class='ocrx_word' id='word_1_152' title='bbox 548 1534 645 1578; x_wconf 87' lang='grc'>282).</span> <span class='ocrx_word' id='word_1_153' title='bbox 684 1534 753 1567; x_wconf 85' lang='lat' dir='ltr'><strong>Sed</strong></span> <span class='ocrx_word' id='word_1_154' title='bbox 775 1534 936 1566; x_wconf 84' lang='lat' dir='ltr'><strong>Graecum</strong></span> <span class='ocrx_word' id='word_1_155' title='bbox 963 1538 1074 1565; x_wconf 83' lang='lat' dir='ltr'><strong>noster</strong></span> 
     </span>
     <span class='ocr_line' id='line_1_24' title="bbox 110 1590 1072 1641; baseline -0.003 -10"><span class='ocrx_word' id='word_1_156' title='bbox 110 1600 217 1631; x_wconf 82' lang='lat' dir='ltr'><strong>forsan</strong></span> <span class='ocrx_word' id='word_1_157' title='bbox 242 1599 275 1630; x_wconf 92' lang='lat' dir='ltr'><strong>in</strong></span> <span class='ocrx_word' id='word_1_158' title='bbox 304 1604 410 1630; x_wconf 84' lang='lat' dir='ltr'><strong>mente</strong></span> <span class='ocrx_word' id='word_1_159' title='bbox 438 1590 766 1641; x_wconf 66' lang='grc' dir='ltr'><strong>Ιιιι1ιιέίῑΛάχεσιν,</strong></span> <span class='ocrx_word' id='word_1_160' title='bbox 804 1597 922 1640; x_wconf 87' lang='lat' dir='ltr'><strong>quippe</strong></span> <span class='ocrx_word' id='word_1_161' title='bbox 955 1609 1072 1628; x_wconf 85' lang='lat' dir='ltr'><strong>nomen</strong></span> 
     </span>
     <span class='ocr_line' id='line_1_25' title="bbox 111 1655 1071 1708; baseline -0.007 -13"><span class='ocrx_word' id='word_1_162' title='bbox 111 1658 217 1708; x_wconf 77' lang='grc' dir='ltr'><em>παρὰ</em></span> <span class='ocrx_word' id='word_1_163' title='bbox 251 1658 297 1695; x_wconf 83' lang='grc' dir='ltr'><strong>τὸ</strong></span> <span class='ocrx_word' id='word_1_164' title='bbox 326 1655 544 1706; x_wconf 76' lang='grc' dir='ltr'><em>λαγχάνειν</em></span> <span class='ocrx_word' id='word_1_165' title='bbox 573 1658 775 1703; x_wconf 80' lang='lat' dir='ltr'><strong>(Diogenian.</strong></span> <span class='ocrx_word' id='word_1_166' title='bbox 804 1670 853 1702; x_wconf 85' lang='lat' dir='ltr'><strong>ap.</strong></span> <span class='ocrx_word' id='word_1_167' title='bbox 885 1659 1006 1689; x_wconf 81' lang='lat' dir='ltr'><strong>Euseb.</strong></span> <span class='ocrx_word' id='word_1_168' title='bbox 1037 1658 1071 1689; x_wconf 86' lang='lat' dir='ltr'><strong>iu</strong></span> 
     </span>
     <span class='ocr_line' id='line_1_26' title="bbox 112 1718 1071 1769; baseline 0 -13"><span class='ocrx_word' id='word_1_169' title='bbox 112 1737 217 1769; x_wconf 77' lang='lat' dir='ltr'><strong>praep.</strong></span> <span class='ocrx_word' id='word_1_170' title='bbox 249 1736 297 1756; x_wconf 87' lang='lat' dir='ltr'><strong>ev.</strong></span> <span class='ocrx_word' id='word_1_171' title='bbox 324 1737 355 1768; x_wconf 88' lang='lat' dir='ltr'><strong>p.</strong></span> <span class='ocrx_word' id='word_1_172' title='bbox 378 1724 451 1756; x_wconf 80' lang='grc'><strong>265</strong></span> <span class='ocrx_word' id='word_1_173' title='bbox 485 1722 576 1767; x_wconf 70' lang='lat' dir='ltr'><strong>vig.)</strong></span> <span class='ocrx_word' id='word_1_174' title='bbox 607 1723 743 1764; x_wconf 87' lang='lat' dir='ltr'><strong>dictum,</strong></span> <span class='ocrx_word' id='word_1_175' title='bbox 787 1721 854 1754; x_wconf 82' lang='lat' dir='ltr'><strong>sive</strong></span> <span class='ocrx_word' id='word_1_176' title='bbox 888 1718 968 1756; x_wconf 74' lang='grc' dir='ltr'><strong>ἀπὸ</strong></span> <span class='ocrx_word' id='word_1_177' title='bbox 999 1719 1071 1756; x_wconf 82' lang='grc' dir='ltr'><em>τοῦ</em></span> 
     </span>
     <span class='ocr_line' id='line_1_27' title="bbox 110 1780 1070 1832; baseline -0.003 -12"><span class='ocrx_word' id='word_1_178' title='bbox 110 1785 156 1832; x_wconf 84' lang='grc' dir='ltr'><strong>τῇ</strong></span> <span class='ocrx_word' id='word_1_179' title='bbox 179 1783 277 1821; x_wconf 76' lang='grc' dir='ltr'><strong><em>κατὰ</em></strong></span> <span class='ocrx_word' id='word_1_180' title='bbox 301 1782 473 1832; x_wconf 78' lang='grc' dir='ltr'><strong><em>κλήρους</em></strong></span> <span class='ocrx_word' id='word_1_181' title='bbox 498 1781 609 1830; x_wconf 73' lang='grc' dir='ltr'><em>λήξει</em></span> <span class='ocrx_word' id='word_1_182' title='bbox 630 1782 680 1819; x_wconf 73' lang='grc' dir='ltr'><strong>τὰ</strong></span> <span class='ocrx_word' id='word_1_183' title='bbox 698 1781 962 1828; x_wconf 77' lang='grc' dir='ltr'><em>ἀποδιδόμενα</em></span> <span class='ocrx_word' id='word_1_184' title='bbox 985 1780 1070 1818; x_wconf 75' lang='grc' dir='ltr'><em>ἑκά-</em></span> 
     </span>
     <span class='ocr_line' id='line_1_28' title="bbox 111 1844 1070 1894; baseline -0.006 -12"><span class='ocrx_word' id='word_1_185' title='bbox 111 1849 189 1894; x_wconf 77' lang='grc' dir='ltr'><strong>στῳ</strong></span> <span class='ocrx_word' id='word_1_186' title='bbox 219 1846 486 1894; x_wconf 76' lang='grc' dir='ltr'><em>προςεοικέναι</em></span> <span class='ocrx_word' id='word_1_187' title='bbox 505 1847 660 1890; x_wconf 85' lang='lat' dir='ltr'><strong>(Cornut.</strong></span> <span class='ocrx_word' id='word_1_188' title='bbox 681 1848 737 1878; x_wconf 80' lang='lat'><strong>¹5.</strong></span> <span class='ocrx_word' id='word_1_189' title='bbox 759 1858 790 1889; x_wconf 89' lang='lat' dir='ltr'><strong>p.</strong></span> <span class='ocrx_word' id='word_1_190' title='bbox 814 1847 885 1877; x_wconf 77' lang='lat'><strong>156</strong></span> <span class='ocrx_word' id='word_1_191' title='bbox 908 1845 1012 1888; x_wconf 80' lang='lat' dir='ltr'><strong>Gal.).</strong></span> <span class='ocrx_word' id='word_1_192' title='bbox 1037 1844 1070 1877; x_wconf 71' lang='lat' dir='ltr'><strong>A</strong></span> 
     </span>
     <span class='ocr_line' id='line_1_29' title="bbox 110 1909 1070 1954; baseline -0.003 -12"><span class='ocrx_word' id='word_1_193' title='bbox 110 1911 251 1942; x_wconf 81' lang='lat' dir='ltr'><strong>Pindaro</strong></span> <span class='ocrx_word' id='word_1_194' title='bbox 276 1910 370 1942; x_wconf 85' lang='lat' dir='ltr'><strong>etiam</strong></span> <span class='ocrx_word' id='word_1_195' title='bbox 390 1910 569 1942; x_wconf 79' lang='lat' dir='ltr'><strong>Pausanias</strong></span> <span class='ocrx_word' id='word_1_196' title='bbox 589 1910 638 1954; x_wconf 88' lang='lat'><strong>(7,</strong></span> <span class='ocrx_word' id='word_1_197' title='bbox 662 1910 723 1950; x_wconf 77' lang='lat'><strong>26,</strong></span> <span class='ocrx_word' id='word_1_198' title='bbox 741 1909 779 1953; x_wconf 83' lang='lat'><strong>5)</strong></span> <span class='ocrx_word' id='word_1_199' title='bbox 803 1909 951 1949; x_wconf 80' lang='lat' dir='ltr'><strong>habebat,</strong></span> <span class='ocrx_word' id='word_1_200' title='bbox 975 1921 1070 1940; x_wconf 82' lang='lat' dir='ltr'><strong>unam</strong></span> 
     </span>
     <span class='ocr_line' id='line_1_30' title="bbox 111 1972 1071 2017; baseline -0.002 -11"><span class='ocrx_word' id='word_1_201' title='bbox 111 1986 128 2006; x_wconf 85' lang='lat' dir='ltr'><strong>e</strong></span> <span class='ocrx_word' id='word_1_202' title='bbox 154 1974 265 2006; x_wconf 80' lang='lat' dir='ltr'><strong>Parcis</strong></span> <span class='ocrx_word' id='word_1_203' title='bbox 295 1974 478 2006; x_wconf 85' lang='lat' dir='ltr'><strong>Fortunam</strong></span> <span class='ocrx_word' id='word_1_204' title='bbox 504 1985 594 2014; x_wconf 89' lang='lat' dir='ltr'><strong>esse,</strong></span> <span class='ocrx_word' id='word_1_205' title='bbox 626 1984 761 2017; x_wconf 87' lang='lat' dir='ltr'><strong>eamque</strong></span> <span class='ocrx_word' id='word_1_206' title='bbox 789 1972 953 2004; x_wconf 88' lang='lat' dir='ltr'><strong>sororibus</strong></span> <span class='ocrx_word' id='word_1_207' title='bbox 978 1978 1071 2016; x_wconf 85' lang='lat' dir='ltr'><strong>pote·</strong></span> 
     </span>
     <span class='ocr_line' id='line_1_31' title="bbox 110 2036 1069 2081; baseline 0 -13"><span class='ocrx_word' id='word_1_208' title='bbox 110 2043 191 2070; x_wconf 79' lang='lat' dir='ltr'><strong>state</strong></span> <span class='ocrx_word' id='word_1_209' title='bbox 216 2037 419 2070; x_wconf 79' lang='lat' dir='ltr'><strong>antecellere.</strong></span> <span class='ocrx_word' id='word_1_210' title='bbox 453 2037 607 2070; x_wconf 88' lang='lat' dir='ltr'><strong>Ceterum</strong></span> <span class='ocrx_word' id='word_1_211' title='bbox 630 2037 664 2069; x_wconf 90' lang='lat' dir='ltr'><strong>in</strong></span> <span class='ocrx_word' id='word_1_212' title='bbox 694 2037 811 2081; x_wconf 83' lang='lat' dir='ltr'><strong>lapidis</strong></span> <span class='ocrx_word' id='word_1_213' title='bbox 839 2037 1006 2079; x_wconf 85' lang='lat' dir='ltr'><strong>eujusdam</strong></span> <span class='ocrx_word' id='word_1_214' title='bbox 1030 2036 1069 2068; x_wconf 82' lang='lat' dir='ltr'><strong>ti-</strong></span> 
     </span>
     <span class='ocr_line' id='line_1_32' title="bbox 107 2098 1068 2145; baseline -0.001 -13"><span class='ocrx_word' id='word_1_215' title='bbox 107 2099 177 2132; x_wconf 85' lang='lat' dir='ltr'><strong>tulo</strong></span> <span class='ocrx_word' id='word_1_216' title='bbox 199 2098 307 2145; x_wconf 83' lang='lat' dir='ltr'><strong>(Grut.</strong></span> <span class='ocrx_word' id='word_1_217' title='bbox 323 2101 382 2140; x_wconf 80' lang='lat'><strong>⁷5,</strong></span> <span class='ocrx_word' id='word_1_218' title='bbox 406 2099 442 2142; x_wconf 88' lang='grc'><strong>8)</strong></span> <span class='ocrx_word' id='word_1_219' title='bbox 459 2100 604 2131; x_wconf 77' lang='lat' dir='ltr'><strong>Fortuna</strong></span> <span class='ocrx_word' id='word_1_220' title='bbox 624 2111 697 2131; x_wconf 86' lang='lat' dir='ltr'><strong>eum</strong></span> <span class='ocrx_word' id='word_1_221' title='bbox 712 2099 911 2131; x_wconf 83' lang='lat' dir='ltr'><strong>Rhamnusia</strong></span> <span class='ocrx_word' id='word_1_222' title='bbox 934 2099 1068 2141; x_wconf 84' lang='lat' dir='ltr'><strong>conjun-</strong></span> 
     </span>
     <span class='ocr_line' id='line_1_33' title="bbox 110 2160 1068 2204; baseline -0.002 -11"><span class='ocrx_word' id='word_1_223' title='bbox 110 2161 209 2203; x_wconf 84' lang='lat' dir='ltr'><strong>gitur,</strong></span> <span class='ocrx_word' id='word_1_224' title='bbox 239 2161 261 2193; x_wconf 83' lang='grc' dir='ltr'><strong>ἰ.</strong></span> <span class='ocrx_word' id='word_1_225' title='bbox 283 2173 310 2193; x_wconf 91' lang='lat' dir='ltr'><strong>e.</strong></span> <span class='ocrx_word' id='word_1_226' title='bbox 334 2161 485 2200; x_wconf 81' lang='lat' dir='ltr'><strong>Nemesi,</strong></span> <span class='ocrx_word' id='word_1_227' title='bbox 519 2166 554 2192; x_wconf 90' lang='lat' dir='ltr'><strong>ut</strong></span> <span class='ocrx_word' id='word_1_228' title='bbox 577 2161 611 2192; x_wconf 90' lang='lat' dir='ltr'><strong>in</strong></span> <span class='ocrx_word' id='word_1_229' title='bbox 635 2160 697 2192; x_wconf 87' lang='lat' dir='ltr'><strong>alio</strong></span> <span class='ocrx_word' id='word_1_230' title='bbox 725 2172 854 2204; x_wconf 86' lang='lat' dir='ltr'><strong>qnoque</strong></span> <span class='ocrx_word' id='word_1_231' title='bbox 880 2161 974 2193; x_wconf 88' lang='lat' dir='ltr'><strong>claris</strong></span> <span class='ocrx_word' id='word_1_232' title='bbox 999 2172 1068 2193; x_wconf 85' lang='lat' dir='ltr'><strong>ver-</strong></span> 
     </span>
     <span class='ocr_line' id='line_1_34' title="bbox 109 2223 1069 2269; baseline 0 -12"><span class='ocrx_word' id='word_1_233' title='bbox 109 2224 160 2257; x_wconf 70' lang='lat' dir='ltr'><strong>bis</strong></span> <span class='ocrx_word' id='word_1_234' title='bbox 179 2224 315 2267; x_wconf 82' lang='lat' dir='ltr'><strong>legimus</strong></span> <span class='ocrx_word' id='word_1_235' title='bbox 332 2223 439 2269; x_wconf 86' lang='lat' dir='ltr'><strong>(Grut.</strong></span> <span class='ocrx_word' id='word_1_236' title='bbox 455 2225 513 2257; x_wconf 88' lang='grc'><strong>80.</strong></span> <span class='ocrx_word' id='word_1_237' title='bbox 536 2224 588 2269; x_wconf 82' lang='lat'><strong>1)=</strong></span> <span class='ocrx_word' id='word_1_238' title='bbox 615 2224 722 2256; x_wconf 80' lang='lat' dir='ltr'><strong>»Deae</strong></span> <span class='ocrx_word' id='word_1_239' title='bbox 745 2224 877 2256; x_wconf 87' lang='lat' dir='ltr'><strong>Nemesi</strong></span> <span class='ocrx_word' id='word_1_240' title='bbox 901 2227 969 2257; x_wconf 78' lang='lat' dir='ltr'><strong>sive</strong></span> <span class='ocrx_word' id='word_1_241' title='bbox 989 2225 1069 2257; x_wconf 84' lang='lat' dir='ltr'><strong>For-</strong></span> 
     </span>
     <span class='ocr_line' id='line_1_35' title="bbox 110 2286 1068 2332; baseline 0 -14"><span class='ocrx_word' id='word_1_242' title='bbox 110 2291 241 2328; x_wconf 68' lang='lat' dir='ltr'><strong>tunam,</strong></span> <span class='ocrx_word' id='word_1_243' title='bbox 272 2299 367 2332; x_wconf 85' lang='lat' dir='ltr'><strong>quem</strong></span> <span class='ocrx_word' id='word_1_244' title='bbox 395 2291 482 2319; x_wconf 87' lang='lat' dir='ltr'><strong>certe</strong></span> <span class='ocrx_word' id='word_1_245' title='bbox 511 2298 578 2318; x_wconf 92' lang='lat' dir='ltr'><strong>non</strong></span> <span class='ocrx_word' id='word_1_246' title='bbox 612 2290 681 2318; x_wconf 86' lang='lat' dir='ltr'><strong>erat</strong></span> <span class='ocrx_word' id='word_1_247' title='bbox 705 2298 762 2318; x_wconf 85' lang='lat' dir='ltr'><strong>cur</strong></span> <span class='ocrx_word' id='word_1_248' title='bbox 781 2286 989 2319; x_wconf 87' lang='lat' dir='ltr'><strong>Boxhornius</strong></span> <span class='ocrx_word' id='word_1_249' title='bbox 1014 2287 1068 2331; x_wconf 81' lang='lat' dir='ltr'><strong>(ad</strong></span> 
     </span>
     <span class='ocr_line' id='line_1_36' title="bbox 110 2347 1068 2397; baseline 0.002 -18"><span class='ocrx_word' id='word_1_250' title='bbox 110 2347 197 2380; x_wconf 84' lang='lat' dir='ltr'><strong>Plut.</strong></span> <span class='ocrx_word' id='word_1_251' title='bbox 213 2360 267 2392; x_wconf 86' lang='lat' dir='ltr'><strong>qu.</strong></span> <span class='ocrx_word' id='word_1_252' title='bbox 287 2348 382 2381; x_wconf 85' lang='lat' dir='ltr'><strong>Rom.</strong></span> <span class='ocrx_word' id='word_1_253' title='bbox 401 2350 446 2382; x_wconf 80' lang='lat'><strong>15</strong></span> <span class='ocrx_word' id='word_1_254' title='bbox 469 2348 504 2380; x_wconf 89' lang='lat' dir='ltr'><strong>in</strong></span> <span class='ocrx_word' id='word_1_255' title='bbox 526 2348 643 2381; x_wconf 84' lang='lat' dir='ltr'><strong>Graev.</strong></span> <span class='ocrx_word' id='word_1_256' title='bbox 668 2349 750 2380; x_wconf 87' lang='lat' dir='ltr'><strong>thes.</strong></span> <span class='ocrx_word' id='word_1_257' title='bbox 765 2348 808 2382; x_wconf 87' lang='lat' dir='ltr'><strong>V.</strong></span> <span class='ocrx_word' id='word_1_258' title='bbox 829 2348 917 2393; x_wconf 82' lang='grc'>942)</span> <span class='ocrx_word' id='word_1_259' title='bbox 936 2362 954 2381; x_wconf 90' lang='lat' dir='ltr'><strong>a</strong></span> <span class='ocrx_word' id='word_1_260' title='bbox 973 2351 1068 2397; x_wconf 82' lang='lat' dir='ltr'><strong>quasi</strong></span> 
     </span>
     <span class='ocr_line' id='line_1_37' title="bbox 110 2409 1066 2455; baseline 0.001 -13"><span class='ocrx_word' id='word_1_261' title='bbox 110 2409 276 2443; x_wconf 76' lang='lat' dir='ltr'><strong>dubitante</strong></span> <span class='ocrx_word' id='word_1_262' title='bbox 303 2410 456 2455; x_wconf 87' lang='lat' dir='ltr'><strong>seriptum</strong></span> <span class='ocrx_word' id='word_1_263' title='bbox 479 2410 607 2442; x_wconf 76' lang='lat' dir='ltr'><strong>diceret.</strong></span> <span class='ocrx_word' id='word_1_264' title='bbox 636 2409 727 2454; x_wconf 76' lang='lat' dir='ltr'><strong>Quid</strong></span> <span class='ocrx_word' id='word_1_265' title='bbox 750 2410 855 2443; x_wconf 89' lang='lat' dir='ltr'><strong>solum</strong></span> <span class='ocrx_word' id='word_1_266' title='bbox 881 2411 957 2443; x_wconf 89' lang='lat' dir='ltr'><strong>mihi</strong></span> <span class='ocrx_word' id='word_1_267' title='bbox 982 2411 1066 2443; x_wconf 88' lang='lat' dir='ltr'><strong>inter</strong></span> 
     </span>
     <span class='ocr_line' id='line_1_38' title="bbox 112 2473 1064 2520; baseline 0.003 -15"><span class='ocrx_word' id='word_1_268' title='bbox 112 2480 278 2518; x_wconf 82' lang='lat' dir='ltr'><strong>utramque</strong></span> <span class='ocrx_word' id='word_1_269' title='bbox 305 2473 463 2506; x_wconf 85' lang='lat' dir='ltr'><strong>interesse</strong></span> <span class='ocrx_word' id='word_1_270' title='bbox 495 2473 673 2516; x_wconf 78' lang='lat' dir='ltr'><strong>videretur,</strong></span> <span class='ocrx_word' id='word_1_271' title='bbox 702 2474 765 2508; x_wconf 85' lang='lat' dir='ltr'><strong>alio</strong></span> <span class='ocrx_word' id='word_1_272' title='bbox 789 2475 863 2508; x_wconf 90' lang='lat' dir='ltr'><strong>loco</strong></span> <span class='ocrx_word' id='word_1_273' title='bbox 882 2476 1064 2520; x_wconf 78' lang='lat' dir='ltr'><strong>(Palaeogr.</strong></span> 
     </span>
     <span class='ocr_line' id='line_1_39' title="bbox 113 2535 604 2581; baseline 0 -12"><span class='ocrx_word' id='word_1_274' title='bbox 113 2537 181 2569; x_wconf 83' lang='lat' dir='ltr'><strong>crit.</strong></span> <span class='ocrx_word' id='word_1_275' title='bbox 206 2536 273 2578; x_wconf 83' lang='lat'><strong>111,</strong></span> <span class='ocrx_word' id='word_1_276' title='bbox 300 2535 328 2581; x_wconf 63' lang='grc' dir='ltr'><strong>ἓ.</strong></span> <span class='ocrx_word' id='word_1_277' title='bbox 353 2536 440 2580; x_wconf 75' lang='grc'>527)</span> <span class='ocrx_word' id='word_1_278' title='bbox 460 2537 604 2581; x_wconf 82' lang='lat' dir='ltr'><strong>exposui.</strong></span> 
     </span>
     <span class='ocr_line' id='line_1_40' title="bbox 187 2596 1065 2643; baseline 0.002 -13"><span class='ocrx_word' id='word_1_279' title='bbox 187 2596 357 2643; x_wconf 77' lang='lat' dir='ltr'><strong>Nortiam]</strong></span> <span class='ocrx_word' id='word_1_280' title='bbox 392 2598 536 2631; x_wconf 83' lang='lat' dir='ltr'><strong>Fortuna</strong></span> <span class='ocrx_word' id='word_1_281' title='bbox 571 2598 720 2634; x_wconf 78' lang='lat' dir='ltr'><strong>Thuscis.</strong></span> <span class='ocrx_word' id='word_1_282' title='bbox 768 2600 915 2634; x_wconf 84' lang='lat' dir='ltr'><strong>Meminit</strong></span> <span class='ocrx_word' id='word_1_283' title='bbox 944 2600 1065 2633; x_wconf 80' lang='lat' dir='ltr'><strong>Livius.</strong></span> 
     </span>
    </p>
   </div>
   <div class='ocr_carea' id='block_1_8' title="bbox 1117 531 2085 2642">
    <p class='ocr_par' dir='ltr' id='par_1_8' title="bbox 1123 531 2085 1393">
     <span class='ocr_line' id='line_1_41' title="bbox 1123 531 2077 577; baseline 0.002 -13"><span class='ocrx_word' id='word_1_284' title='bbox 1123 532 1198 564; x_wconf 80' lang='lat' dir='ltr'><strong>Alia</strong></span> <span class='ocrx_word' id='word_1_285' title='bbox 1223 533 1262 564; x_wconf 82' lang='lat' dir='ltr'><strong>ab</strong></span> <span class='ocrx_word' id='word_1_286' title='bbox 1284 532 1333 564; x_wconf 87' lang='lat' dir='ltr'><strong>his</strong></span> <span class='ocrx_word' id='word_1_287' title='bbox 1355 531 1489 571; x_wconf 79' lang='lat' dir='ltr'><strong>Nursia,</strong></span> <span class='ocrx_word' id='word_1_288' title='bbox 1520 531 1763 565; x_wconf 57' lang='lat' dir='ltr'><strong>Volsiniensium</strong></span> <span class='ocrx_word' id='word_1_289' title='bbox 1794 533 1874 575; x_wconf 80' lang='lat' dir='ltr'><strong>dea,</strong></span> <span class='ocrx_word' id='word_1_290' title='bbox 1906 535 1998 577; x_wconf 85' lang='lat' dir='ltr'><strong>cujus</strong></span> <span class='ocrx_word' id='word_1_291' title='bbox 2024 534 2077 566; x_wconf 75' lang='lat' dir='ltr'><strong>Li-</strong></span> 
     </span>
     <span class='ocr_line' id='line_1_42' title="bbox 1125 584 2081 639; baseline 0.003 -13"><span class='ocrx_word' id='word_1_292' title='bbox 1125 595 1204 626; x_wconf 63' lang='lat' dir='ltr'><strong>xius.</strong></span> <span class='ocrx_word' id='word_1_293' title='bbox 1233 584 1408 639; x_wconf 73' lang='lat' dir='ltr'><strong>Utriusque</strong></span> <span class='ocrx_word' id='word_1_294' title='bbox 1433 594 1659 627; x_wconf 84' lang='lat' dir='ltr'><strong>Tertullianus.</strong></span> <span class='ocrx_word' id='word_1_295' title='bbox 1685 595 1737 627; x_wconf 90' lang='lat' dir='ltr'><strong>De</strong></span> <span class='ocrx_word' id='word_1_296' title='bbox 1760 595 1873 628; x_wconf 85' lang='lat' dir='ltr'><strong>Nortia</strong></span> <span class='ocrx_word' id='word_1_297' title='bbox 1895 596 2081 629; x_wconf 55' lang='lat' dir='ltr'><strong>Juvvenalis:</strong></span> 
     </span>
     <span class='ocr_line' id='line_1_43' title="bbox 1132 659 2080 705; baseline 0.003 -15"><span class='ocrx_word' id='word_1_298' title='bbox 1132 659 1178 691; x_wconf 75' lang='lat' dir='ltr'><strong>nsi</strong></span> <span class='ocrx_word' id='word_1_299' title='bbox 1196 659 1309 691; x_wconf 79' lang='lat' dir='ltr'><strong>Nortia</strong></span> <span class='ocrx_word' id='word_1_300' title='bbox 1327 660 1457 691; x_wconf 77' lang='lat' dir='ltr'><strong>Thusco</strong></span> <span class='ocrx_word' id='word_1_301' title='bbox 1476 659 1622 692; x_wconf 58' lang='lat' dir='ltr'><strong>finisset«</strong></span> <span class='ocrx_word' id='word_1_302' title='bbox 1644 659 1747 692; x_wconf 74' lang='lat' dir='ltr'><strong>Gnor.</strong></span> <span class='ocrx_word' id='word_1_303' title='bbox 1768 679 1816 685; x_wconf 89' lang='lat'><strong>-—-</strong></span> <span class='ocrx_word' id='word_1_304' title='bbox 1841 661 1937 693; x_wconf 82' lang='lat' dir='ltr'><strong>Adde</strong></span> <span class='ocrx_word' id='word_1_305' title='bbox 1956 661 2080 705; x_wconf 81' lang='lat' dir='ltr'><strong>lapides</strong></span> 
     </span>
     <span class='ocr_line' id='line_1_44' title="bbox 1126 721 2081 766; baseline 0.004 -14"><span class='ocrx_word' id='word_1_306' title='bbox 1126 721 1198 753; x_wconf 87' lang='lat' dir='ltr'><strong>huic</strong></span> <span class='ocrx_word' id='word_1_307' title='bbox 1223 721 1300 753; x_wconf 87' lang='lat' dir='ltr'><strong>deae</strong></span> <span class='ocrx_word' id='word_1_308' title='bbox 1333 722 1504 765; x_wconf 80' lang='lat' dir='ltr'><strong>inscriptos</strong></span> <span class='ocrx_word' id='word_1_309' title='bbox 1528 722 1598 766; x_wconf 87' lang='lat' dir='ltr'><strong>(ap.</strong></span> <span class='ocrx_word' id='word_1_310' title='bbox 1625 722 1755 754; x_wconf 80' lang='lat' dir='ltr'><strong>Reinos.</strong></span> <span class='ocrx_word' id='word_1_311' title='bbox 1785 735 1816 766; x_wconf 89' lang='lat' dir='ltr'><strong>p.</strong></span> <span class='ocrx_word' id='word_1_312' title='bbox 1843 724 1913 755; x_wconf 79' lang='lat'><strong>167</strong></span> <span class='ocrx_word' id='word_1_313' title='bbox 1941 736 1972 755; x_wconf 88' lang='lat' dir='ltr'><strong>n.</strong></span> <span class='ocrx_word' id='word_1_314' title='bbox 2000 725 2081 756; x_wconf 85' lang='lat'><strong>151.</strong></span> 
     </span>
     <span class='ocr_line' id='line_1_45' title="bbox 1124 782 2080 830; baseline 0.003 -15"><span class='ocrx_word' id='word_1_315' title='bbox 1124 782 1264 815; x_wconf 80' lang='lat' dir='ltr'><strong>Fabrett.</strong></span> <span class='ocrx_word' id='word_1_316' title='bbox 1283 796 1312 827; x_wconf 87' lang='lat' dir='ltr'><strong>p.</strong></span> <span class='ocrx_word' id='word_1_317' title='bbox 1333 784 1415 815; x_wconf 76' lang='lat'><strong>742.</strong></span> <span class='ocrx_word' id='word_1_318' title='bbox 1440 796 1470 814; x_wconf 91' lang='lat' dir='ltr'><strong>n.</strong></span> <span class='ocrx_word' id='word_1_319' title='bbox 1493 785 1577 816; x_wconf 82' lang='lat'><strong>507.</strong></span> <span class='ocrx_word' id='word_1_320' title='bbox 1598 784 1683 815; x_wconf 86' lang='lat' dir='ltr'><strong>Don.</strong></span> <span class='ocrx_word' id='word_1_321' title='bbox 1702 797 1733 828; x_wconf 90' lang='lat' dir='ltr'><strong>p.</strong></span> <span class='ocrx_word' id='word_1_322' title='bbox 1755 784 1813 816; x_wconf 78' lang='lat'><strong>52.</strong></span> <span class='ocrx_word' id='word_1_323' title='bbox 1837 798 1868 817; x_wconf 91' lang='lat' dir='ltr'><strong>n.</strong></span> <span class='ocrx_word' id='word_1_324' title='bbox 1892 785 1984 830; x_wconf 79' lang='lat'>150).</span> <span class='ocrx_word' id='word_1_325' title='bbox 2012 786 2080 819; x_wconf 86' lang='lat' dir='ltr'><strong>Sed</strong></span> 
     </span>
     <span class='ocr_line' id='line_1_46' title="bbox 1125 846 2081 889; baseline 0.003 -12"><span class='ocrx_word' id='word_1_326' title='bbox 1125 846 1239 877; x_wconf 77' lang='lat' dir='ltr'><strong>salsum</strong></span> <span class='ocrx_word' id='word_1_327' title='bbox 1267 857 1340 877; x_wconf 85' lang='lat' dir='ltr'><strong>esse</strong></span> <span class='ocrx_word' id='word_1_328' title='bbox 1368 846 1517 878; x_wconf 77' lang='lat' dir='ltr'><strong>Grotium</strong></span> <span class='ocrx_word' id='word_1_329' title='bbox 1540 846 1572 877; x_wconf 91' lang='lat' dir='ltr'><strong>in</strong></span> <span class='ocrx_word' id='word_1_330' title='bbox 1598 858 1655 886; x_wconf 87' lang='lat' dir='ltr'><strong>co,</strong></span> <span class='ocrx_word' id='word_1_331' title='bbox 1678 846 1765 889; x_wconf 86' lang='lat' dir='ltr'><strong>quod</strong></span> <span class='ocrx_word' id='word_1_332' title='bbox 1785 846 1942 880; x_wconf 86' lang='lat' dir='ltr'><strong>diversam</strong></span> <span class='ocrx_word' id='word_1_333' title='bbox 1964 860 1981 879; x_wconf 76' lang='lat' dir='ltr'><strong>a</strong></span> <span class='ocrx_word' id='word_1_334' title='bbox 1998 847 2081 880; x_wconf 83' lang='lat' dir='ltr'><strong>Nor-</strong></span> 
     </span>
     <span class='ocr_line' id='line_1_47' title="bbox 1124 908 2080 951; baseline 0.002 -11"><span class='ocrx_word' id='word_1_335' title='bbox 1124 908 1168 940; x_wconf 77' lang='lat' dir='ltr'><strong>tia</strong></span> <span class='ocrx_word' id='word_1_336' title='bbox 1193 909 1285 940; x_wconf 82' lang='lat' dir='ltr'><strong>dcam</strong></span> <span class='ocrx_word' id='word_1_337' title='bbox 1303 920 1374 940; x_wconf 87' lang='lat' dir='ltr'><strong>esse</strong></span> <span class='ocrx_word' id='word_1_338' title='bbox 1392 908 1635 940; x_wconf 70' lang='lat' dir='ltr'><strong>‘Volsiniensium</strong></span> <span class='ocrx_word' id='word_1_339' title='bbox 1657 908 1806 940; x_wconf 85' lang='lat' dir='ltr'><strong>Nursiam</strong></span> <span class='ocrx_word' id='word_1_340' title='bbox 1830 910 2013 951; x_wconf 77' lang='lat' dir='ltr'><strong>contendit,</strong></span> <span class='ocrx_word' id='word_1_341' title='bbox 2038 924 2080 942; x_wconf 86' lang='lat' dir='ltr'><strong>ex</strong></span> 
     </span>
     <span class='ocr_line' id='line_1_48' title="bbox 1125 970 2081 1016; baseline 0.003 -14"><span class='ocrx_word' id='word_1_342' title='bbox 1125 971 1212 1002; x_wconf 83' lang='lat' dir='ltr'><strong>hisce</strong></span> <span class='ocrx_word' id='word_1_343' title='bbox 1239 970 1456 1013; x_wconf 81' lang='lat' dir='ltr'><strong>inscriptionis</strong></span> <span class='ocrx_word' id='word_1_344' title='bbox 1482 971 1546 1014; x_wconf 87' lang='lat' dir='ltr'><strong>(ap.</strong></span> <span class='ocrx_word' id='word_1_345' title='bbox 1568 970 1709 1003; x_wconf 84' lang='lat' dir='ltr'><strong>Fabrett.</strong></span> <span class='ocrx_word' id='word_1_346' title='bbox 1736 983 1767 1015; x_wconf 85' lang='lat' dir='ltr'><strong>p.</strong></span> <span class='ocrx_word' id='word_1_347' title='bbox 1793 971 1880 1016; x_wconf 81' lang='grc'>742)</span> <span class='ocrx_word' id='word_1_348' title='bbox 1902 978 1989 1015; x_wconf 81' lang='lat' dir='ltr'><strong>patet</strong></span> <span class='ocrx_word' id='word_1_349' title='bbox 2014 984 2081 1005; x_wconf 77' lang='lat' dir='ltr'><strong>ver-</strong></span> 
     </span>
     <span class='ocr_line' id='line_1_49' title="bbox 1124 1034 2074 1069; baseline 0.002 -3"><span class='ocrx_word' id='word_1_350' title='bbox 1124 1034 1188 1066; x_wconf 81' lang='lat' dir='ltr'><strong>bis:</strong></span> <span class='ocrx_word' id='word_1_351' title='bbox 1223 1034 1353 1066; x_wconf 82' lang='lat' dir='ltr'><strong>»Nortia</strong></span> <span class='ocrx_word' id='word_1_352' title='bbox 1379 1039 1410 1065; x_wconf 88' lang='lat' dir='ltr'><strong>te</strong></span> <span class='ocrx_word' id='word_1_353' title='bbox 1441 1045 1579 1066; x_wconf 71' lang='lat' dir='ltr'><strong>veneror</strong></span> <span class='ocrx_word' id='word_1_354' title='bbox 1608 1035 1674 1066; x_wconf 81' lang='lat' dir='ltr'><strong>lare</strong></span> <span class='ocrx_word' id='word_1_355' title='bbox 1710 1041 1816 1067; x_wconf 88' lang='lat' dir='ltr'><strong>cretus</strong></span> <span class='ocrx_word' id='word_1_356' title='bbox 1845 1036 2074 1069; x_wconf 74' lang='lat' dir='ltr'><strong>Vulsiniensi.u</strong></span> 
     </span>
     <span class='ocr_line' id='line_1_50' title="bbox 1124 1096 2082 1140; baseline 0.004 -14"><span class='ocrx_word' id='word_1_357' title='bbox 1124 1096 1223 1139; x_wconf 77' lang='lat' dir='ltr'><strong>(Add.</strong></span> <span class='ocrx_word' id='word_1_358' title='bbox 1247 1097 1412 1130; x_wconf 67' lang='lat' dir='ltr'><strong>Dralzenb.</strong></span> <span class='ocrx_word' id='word_1_359' title='bbox 1443 1096 1481 1127; x_wconf 87' lang='lat' dir='ltr'><strong>ad</strong></span> <span class='ocrx_word' id='word_1_360' title='bbox 1508 1097 1578 1127; x_wconf 85' lang='lat' dir='ltr'><strong>Liv.</strong></span> <span class='ocrx_word' id='word_1_361' title='bbox 1606 1099 1638 1130; x_wconf 82' lang='lat'><strong>7.</strong></span> <span class='ocrx_word' id='word_1_362' title='bbox 1663 1098 1725 1140; x_wconf 78' lang='lat'><strong>57)</strong></span> <span class='ocrx_word' id='word_1_363' title='bbox 1757 1098 1910 1130; x_wconf 88' lang='lat' dir='ltr'><strong>Ceterum</strong></span> <span class='ocrx_word' id='word_1_364' title='bbox 1941 1105 1972 1130; x_wconf 84' lang='lat' dir='ltr'><strong>ct</strong></span> <span class='ocrx_word' id='word_1_365' title='bbox 1998 1099 2082 1130; x_wconf 77' lang='lat' dir='ltr'><strong>Nur-</strong></span> 
     </span>
     <span class='ocr_line' id='line_1_51' title="bbox 1125 1157 2083 1203; baseline 0.004 -15"><span class='ocrx_word' id='word_1_366' title='bbox 1125 1157 1203 1188; x_wconf 80' lang='lat' dir='ltr'><strong>siam</strong></span> <span class='ocrx_word' id='word_1_367' title='bbox 1225 1169 1282 1201; x_wconf 90' lang='lat' dir='ltr'><strong>pro</strong></span> <span class='ocrx_word' id='word_1_368' title='bbox 1304 1157 1451 1188; x_wconf 69' lang='lat' dir='ltr'><strong>Nurtiaui</strong></span> <span class='ocrx_word' id='word_1_369' title='bbox 1475 1157 1572 1189; x_wconf 83' lang='lat' dir='ltr'><strong>scribi</strong></span> <span class='ocrx_word' id='word_1_370' title='bbox 1589 1157 1733 1201; x_wconf 73' lang='lat' dir='ltr'><strong>potuisse</strong></span> <span class='ocrx_word' id='word_1_371' title='bbox 1757 1159 1829 1200; x_wconf 84' lang='lat' dir='ltr'><strong>quis</strong></span> <span class='ocrx_word' id='word_1_372' title='bbox 1851 1160 1968 1200; x_wconf 67' lang='lat' dir='ltr'><strong>neget?</strong></span> <span class='ocrx_word' id='word_1_373' title='bbox 1984 1160 2083 1203; x_wconf 81' lang='lat' dir='ltr'><strong>(Vide</strong></span> 
     </span>
     <span class='ocr_line' id='line_1_52' title="bbox 1123 1220 2085 1265; baseline 0.005 -14"><span class='ocrx_word' id='word_1_374' title='bbox 1123 1221 1345 1252; x_wconf 86' lang='lat' dir='ltr'><strong>Burmannum</strong></span> <span class='ocrx_word' id='word_1_375' title='bbox 1366 1221 1400 1252; x_wconf 88' lang='lat' dir='ltr'><strong>in</strong></span> <span class='ocrx_word' id='word_1_376' title='bbox 1423 1220 1542 1251; x_wconf 83' lang='lat' dir='ltr'><strong>anthol.</strong></span> <span class='ocrx_word' id='word_1_377' title='bbox 1568 1220 1638 1251; x_wconf 84' lang='lat' dir='ltr'><strong>Lat.</strong></span> <span class='ocrx_word' id='word_1_378' title='bbox 1660 1220 1684 1251; x_wconf 89' lang='lat'><strong>1.</strong></span> <span class='ocrx_word' id='word_1_379' title='bbox 1703 1233 1732 1265; x_wconf 90' lang='lat' dir='ltr'><strong>p.</strong></span> <span class='ocrx_word' id='word_1_380' title='bbox 1751 1222 1797 1252; x_wconf 82' lang='lat'><strong>57</strong></span> <span class='ocrx_word' id='word_1_381' title='bbox 1823 1228 1856 1253; x_wconf 88' lang='lat' dir='ltr'><strong>ct</strong></span> <span class='ocrx_word' id='word_1_382' title='bbox 1874 1222 1944 1254; x_wconf 84' lang='lat' dir='ltr'><strong>add.</strong></span> <span class='ocrx_word' id='word_1_383' title='bbox 1963 1223 2085 1256; x_wconf 75' lang='lat' dir='ltr'><strong>Mulier</strong></span> 
     </span>
     <span class='ocr_line' id='line_1_53' title="bbox 1123 1282 1521 1327; baseline 0.003 -14"><span class='ocrx_word' id='word_1_384' title='bbox 1123 1283 1156 1314; x_wconf 87' lang='lat' dir='ltr'><strong>in</strong></span> <span class='ocrx_word' id='word_1_385' title='bbox 1180 1282 1308 1314; x_wconf 86' lang='lat' dir='ltr'><strong>Etrusc.</strong></span> <span class='ocrx_word' id='word_1_386' title='bbox 1329 1282 1370 1313; x_wconf 89' lang='grc' dir='ltr'><strong>Π.</strong></span> <span class='ocrx_word' id='word_1_387' title='bbox 1392 1295 1424 1327; x_wconf 88' lang='lat' dir='ltr'><strong>p.</strong></span> <span class='ocrx_word' id='word_1_388' title='bbox 1448 1282 1521 1326; x_wconf 79' lang='lat'><strong>54).</strong></span> 
     </span>
     <span class='ocr_line' id='line_1_54' title="bbox 1199 1344 2082 1393; baseline 0.005 -16"><span class='ocrx_word' id='word_1_389' title='bbox 1199 1347 1273 1378; x_wconf 83' lang='lat' dir='ltr'><strong>aliis</strong></span> <span class='ocrx_word' id='word_1_390' title='bbox 1288 1344 1486 1391; x_wconf 76' lang='lat' dir='ltr'><strong>impertiens]</strong></span> <span class='ocrx_word' id='word_1_391' title='bbox 1508 1345 1643 1378; x_wconf 82' lang='lat' dir='ltr'><strong>Grotius</strong></span> <span class='ocrx_word' id='word_1_392' title='bbox 1658 1348 1857 1390; x_wconf 75' lang='lat' dir='ltr'><strong>impartiens,</strong></span> <span class='ocrx_word' id='word_1_393' title='bbox 1878 1348 1965 1392; x_wconf 87' lang='lat' dir='ltr'><strong>quod</strong></span> <span class='ocrx_word' id='word_1_394' title='bbox 1984 1360 2082 1393; x_wconf 86' lang='lat' dir='ltr'><strong>quum</strong></span> 
     </span>
    </p>

    <p class='ocr_par' dir='ltr' id='par_1_9' title="bbox 1120 1407 2083 1954">
     <span class='ocr_line' id='line_1_55' title="bbox 1123 1407 2082 1448; baseline 0.005 -10"><span class='ocrx_word' id='word_1_395' title='bbox 1123 1407 1229 1439; x_wconf 85' lang='lat' dir='ltr'><strong>minus</strong></span> <span class='ocrx_word' id='word_1_396' title='bbox 1254 1408 1406 1439; x_wconf 84' lang='lat' dir='ltr'><strong>usitatum</strong></span> <span class='ocrx_word' id='word_1_397' title='bbox 1430 1408 1488 1448; x_wconf 84' lang='lat' dir='ltr'><strong>sit,</strong></span> <span class='ocrx_word' id='word_1_398' title='bbox 1518 1408 1606 1439; x_wconf 89' lang='lat' dir='ltr'><strong>illam</strong></span> <span class='ocrx_word' id='word_1_399' title='bbox 1627 1409 1760 1440; x_wconf 77' lang='lat' dir='ltr'><strong>sormam</strong></span> <span class='ocrx_word' id='word_1_400' title='bbox 1782 1420 1800 1441; x_wconf 87' lang='lat' dir='ltr'><strong>e</strong></span> <span class='ocrx_word' id='word_1_401' title='bbox 1824 1410 1988 1442; x_wconf 81' lang='lat' dir='ltr'><strong>codicibus</strong></span> <span class='ocrx_word' id='word_1_402' title='bbox 2012 1411 2082 1443; x_wconf 84' lang='lat' dir='ltr'><strong>Mo-</strong></span> 
     </span>
     <span class='ocr_line' id='line_1_56' title="bbox 1124 1468 2083 1513; baseline 0.005 -14"><span class='ocrx_word' id='word_1_403' title='bbox 1124 1469 1316 1500; x_wconf 88' lang='lat' dir='ltr'><strong>nacensibus</strong></span> <span class='ocrx_word' id='word_1_404' title='bbox 1342 1469 1395 1513; x_wconf 88' lang='grc' dir='ltr'><strong>(Β.</strong></span> <span class='ocrx_word' id='word_1_405' title='bbox 1409 1469 1447 1501; x_wconf 88' lang='lat' dir='ltr'><strong>C.</strong></span> <span class='ocrx_word' id='word_1_406' title='bbox 1462 1469 1503 1499; x_wconf 89' lang='lat' dir='ltr'><strong>D.</strong></span> <span class='ocrx_word' id='word_1_407' title='bbox 1517 1468 1557 1500; x_wconf 90' lang='lat' dir='ltr'><strong>E.</strong></span> <span class='ocrx_word' id='word_1_408' title='bbox 1572 1468 1645 1512; x_wconf 87' lang='lat' dir='ltr'><strong>G.),</strong></span> <span class='ocrx_word' id='word_1_409' title='bbox 1678 1469 1953 1512; x_wconf 84' lang='lat' dir='ltr'><strong>Reiehenauensi,</strong></span> <span class='ocrx_word' id='word_1_410' title='bbox 1990 1473 2083 1504; x_wconf 85' lang='lat' dir='ltr'><strong>Basi-</strong></span> 
     </span>
     <span class='ocr_line' id='line_1_57' title="bbox 1122 1531 2082 1574; baseline 0.003 -10"><span class='ocrx_word' id='word_1_411' title='bbox 1122 1533 1241 1573; x_wconf 89' lang='lat' dir='ltr'><strong>leensi,</strong></span> <span class='ocrx_word' id='word_1_412' title='bbox 1264 1532 1531 1573; x_wconf 77' lang='lat' dir='ltr'><strong>Darmstat‘tensi,</strong></span> <span class='ocrx_word' id='word_1_413' title='bbox 1558 1531 1817 1574; x_wconf 85' lang='lat' dir='ltr'><strong>Cantabrigiensi</strong></span> <span class='ocrx_word' id='word_1_414' title='bbox 1838 1539 1871 1566; x_wconf 88' lang='lat' dir='ltr'><strong>et</strong></span> <span class='ocrx_word' id='word_1_415' title='bbox 1894 1535 2082 1569; x_wconf 74' lang='lat' dir='ltr'><strong>Britannico</strong></span> 
     </span>
     <span class='ocr_line' id='line_1_58' title="bbox 1123 1596 2083 1642; baseline 0.005 -15"><span class='ocrx_word' id='word_1_416' title='bbox 1123 1596 1264 1640; x_wconf 85' lang='lat' dir='ltr'><strong>reposui.</strong></span> <span class='ocrx_word' id='word_1_417' title='bbox 1301 1596 1472 1629; x_wconf 89' lang='lat' dir='ltr'><strong>Simillima</strong></span> <span class='ocrx_word' id='word_1_418' title='bbox 1492 1596 1549 1636; x_wconf 86' lang='lat' dir='ltr'><strong>iis,</strong></span> <span class='ocrx_word' id='word_1_419' title='bbox 1582 1608 1664 1639; x_wconf 85' lang='lat' dir='ltr'><strong>quae</strong></span> <span class='ocrx_word' id='word_1_420' title='bbox 1688 1597 1867 1629; x_wconf 78' lang='lat' dir='ltr'><strong>Martianus</strong></span> <span class='ocrx_word' id='word_1_421' title='bbox 1890 1599 2016 1642; x_wconf 81' lang='lat' dir='ltr'><strong>scribit,</strong></span> <span class='ocrx_word' id='word_1_422' title='bbox 2048 1600 2083 1632; x_wconf 89' lang='lat' dir='ltr'><strong>in</strong></span> 
     </span>
     <span class='ocr_line' id='line_1_59' title="bbox 1124 1659 2081 1703; baseline 0.004 -13"><span class='ocrx_word' id='word_1_423' title='bbox 1124 1660 1257 1692; x_wconf 84' lang='lat' dir='ltr'><strong>Cebetis</strong></span> <span class='ocrx_word' id='word_1_424' title='bbox 1283 1660 1391 1690; x_wconf 84' lang='lat' dir='ltr'><strong>tabula</strong></span> <span class='ocrx_word' id='word_1_425' title='bbox 1413 1660 1457 1703; x_wconf 84' lang='lat' dir='ltr'><strong>(p.</strong></span> <span class='ocrx_word' id='word_1_426' title='bbox 1475 1660 1547 1690; x_wconf 78' lang='grc'><strong>170</strong></span> <span class='ocrx_word' id='word_1_427' title='bbox 1571 1659 1621 1690; x_wconf 86' lang='lat' dir='ltr'><strong>ed.</strong></span> <span class='ocrx_word' id='word_1_428' title='bbox 1649 1660 1759 1703; x_wconf 79' lang='grc'>1646)</span> <span class='ocrx_word' id='word_1_429' title='bbox 1781 1661 1861 1694; x_wconf 82' lang='lat' dir='ltr'><strong>haec</strong></span> <span class='ocrx_word' id='word_1_430' title='bbox 1884 1668 1974 1694; x_wconf 78' lang='lat' dir='ltr'><strong>sunt:</strong></span> <span class='ocrx_word' id='word_1_431' title='bbox 1998 1663 2081 1696; x_wconf 66' lang='lat' dir='ltr'><strong>»Va-</strong></span> 
     </span>
     <span class='ocr_line' id='line_1_60' title="bbox 1122 1721 2082 1771; baseline 0.003 -16"><span class='ocrx_word' id='word_1_432' title='bbox 1122 1729 1215 1765; x_wconf 77' lang='lat' dir='ltr'><strong>gatur</strong></span> <span class='ocrx_word' id='word_1_433' title='bbox 1233 1723 1376 1755; x_wconf 84' lang='lat' dir='ltr'><strong>Fortuna</strong></span> <span class='ocrx_word' id='word_1_434' title='bbox 1398 1728 1430 1754; x_wconf 89' lang='lat' dir='ltr'><strong>et</strong></span> <span class='ocrx_word' id='word_1_435' title='bbox 1451 1721 1539 1763; x_wconf 82' lang='lat' dir='ltr'><strong>aliis,</strong></span> <span class='ocrx_word' id='word_1_436' title='bbox 1561 1722 1648 1766; x_wconf 90' lang='lat' dir='ltr'><strong>quod</strong></span> <span class='ocrx_word' id='word_1_437' title='bbox 1669 1723 1804 1764; x_wconf 82' lang='lat' dir='ltr'><strong>hahent,</strong></span> <span class='ocrx_word' id='word_1_438' title='bbox 1825 1724 1919 1768; x_wconf 83' lang='lat' dir='ltr'><strong>rapit,</strong></span> <span class='ocrx_word' id='word_1_439' title='bbox 1948 1725 2082 1771; x_wconf 84' lang='lat' dir='ltr'><strong>aliisque</strong></span> 
     </span>
     <span class='ocr_line' id='line_1_61' title="bbox 1121 1785 2081 1832; baseline 0.004 -15"><span class='ocrx_word' id='word_1_440' title='bbox 1121 1787 1271 1828; x_wconf 60' lang='lat' dir='ltr'><strong>largitur,</strong></span> <span class='ocrx_word' id='word_1_441' title='bbox 1296 1786 1476 1829; x_wconf 86' lang='lat' dir='ltr'><strong>iisdemque</strong></span> <span class='ocrx_word' id='word_1_442' title='bbox 1505 1797 1618 1817; x_wconf 87' lang='lat' dir='ltr'><strong>rursus</strong></span> <span class='ocrx_word' id='word_1_443' title='bbox 1643 1785 1750 1818; x_wconf 87' lang='lat' dir='ltr'><strong>statim</strong></span> <span class='ocrx_word' id='word_1_444' title='bbox 1775 1786 1887 1831; x_wconf 85' lang='lat' dir='ltr'><strong>eripit,</strong></span> <span class='ocrx_word' id='word_1_445' title='bbox 1919 1799 2002 1832; x_wconf 86' lang='lat' dir='ltr'><strong>quae</strong></span> <span class='ocrx_word' id='word_1_446' title='bbox 2027 1790 2081 1821; x_wconf 89' lang='lat' dir='ltr'><strong>dc-</strong></span> 
     </span>
     <span class='ocr_line' id='line_1_62' title="bbox 1122 1847 2073 1892; baseline 0.003 -12"><span class='ocrx_word' id='word_1_447' title='bbox 1122 1849 1185 1889; x_wconf 80' lang='lat' dir='ltr'><strong>dit,</strong></span> <span class='ocrx_word' id='word_1_448' title='bbox 1223 1859 1325 1892; x_wconf 88' lang='lat' dir='ltr'><strong>eaque</strong></span> <span class='ocrx_word' id='word_1_449' title='bbox 1367 1847 1437 1879; x_wconf 86' lang='lat' dir='ltr'><strong>aliis</strong></span> <span class='ocrx_word' id='word_1_450' title='bbox 1476 1847 1575 1879; x_wconf 83' lang='lat' dir='ltr'><strong>donat</strong></span> <span class='ocrx_word' id='word_1_451' title='bbox 1610 1852 1730 1879; x_wconf 89' lang='lat' dir='ltr'><strong>temere</strong></span> <span class='ocrx_word' id='word_1_452' title='bbox 1761 1854 1794 1880; x_wconf 92' lang='lat' dir='ltr'><strong>et</strong></span> <span class='ocrx_word' id='word_1_453' title='bbox 1826 1848 2073 1884; x_wconf 69' lang='lat' dir='ltr'><strong>inconstantoe·.«</strong></span> 
     </span>
     <span class='ocr_line' id='line_1_63' title="bbox 1120 1908 1748 1954; baseline -0.003 -12"><span class='ocrx_word' id='word_1_454' title='bbox 1120 1910 1215 1942; x_wconf 90' lang='lat' dir='ltr'><strong>Unde</strong></span> <span class='ocrx_word' id='word_1_455' title='bbox 1244 1909 1383 1941; x_wconf 85' lang='lat' dir='ltr'><strong>Ovidius</strong></span> <span class='ocrx_word' id='word_1_456' title='bbox 1409 1908 1504 1953; x_wconf 89' lang='lat' dir='ltr'><strong>(trist.</strong></span> <span class='ocrx_word' id='word_1_457' title='bbox 1530 1910 1570 1949; x_wconf 76' lang='lat'><strong>5,</strong></span> <span class='ocrx_word' id='word_1_458' title='bbox 1601 1909 1640 1949; x_wconf 87' lang='lat'><strong>8,</strong></span> <span class='ocrx_word' id='word_1_459' title='bbox 1671 1908 1748 1954; x_wconf 77' lang='lat'>15)=</span> 
     </span>
    </p>

    <p class='ocr_par' dir='ltr' id='par_1_10' title="bbox 1119 1970 2015 2079">
     <span class='ocr_line' id='line_1_64' title="bbox 1178 1970 2015 2014; baseline 0.008 -14"><span class='ocrx_word' id='word_1_460' title='bbox 1178 1971 1353 2003; x_wconf 73' lang='lat' dir='ltr'><strong>„Passibus</strong></span> <span class='ocrx_word' id='word_1_461' title='bbox 1377 1971 1536 2014; x_wconf 72' lang='lat' dir='ltr'><strong>anzbiyuz&#39;s</strong></span> <span class='ocrx_word' id='word_1_462' title='bbox 1558 1970 1709 2003; x_wconf 83' lang='lat' dir='ltr'><strong>Fortuna</strong></span> <span class='ocrx_word' id='word_1_463' title='bbox 1731 1972 1880 2005; x_wconf 77' lang='lat' dir='ltr'><strong>volubilis</strong></span> <span class='ocrx_word' id='word_1_464' title='bbox 1898 1979 2015 2006; x_wconf 48' lang='lat' dir='ltr'><strong>errata</strong></span> 
     </span>
     <span class='ocr_line' id='line_1_65' title="bbox 1119 2032 1528 2079; baseline -0.007 -11"><span class='ocrx_word' id='word_1_465' title='bbox 1119 2035 1165 2068; x_wconf 88' lang='lat' dir='ltr'><strong>Et</strong></span> <span class='ocrx_word' id='word_1_466' title='bbox 1188 2045 1284 2079; x_wconf 87' lang='lat' dir='ltr'><strong>porro</strong></span> <span class='ocrx_word' id='word_1_467' title='bbox 1310 2033 1364 2078; x_wconf 82' lang='lat'><strong>(5,</strong></span> <span class='ocrx_word' id='word_1_468' title='bbox 1389 2035 1422 2074; x_wconf 90' lang='lat'><strong>7,</strong></span> <span class='ocrx_word' id='word_1_469' title='bbox 1449 2032 1528 2077; x_wconf 79' lang='lat'>41):</span> 
     </span>
    </p>

    <p class='ocr_par' dir='ltr' id='par_1_11' title="bbox 1177 2094 2080 2148">
     <span class='ocr_line' id='line_1_66' title="bbox 1177 2094 2080 2148; baseline 0.006 -22"><span class='ocrx_word' id='word_1_470' title='bbox 1177 2097 1317 2140; x_wconf 71' lang='lat' dir='ltr'><strong>»Nempe</strong></span> <span class='ocrx_word' id='word_1_471' title='bbox 1336 2097 1392 2127; x_wconf 80' lang='lat' dir='ltr'><strong>dat</strong></span> <span class='ocrx_word' id='word_1_472' title='bbox 1404 2096 1439 2127; x_wconf 84' lang='lat' dir='ltr'><strong>id</strong></span> <span class='ocrx_word' id='word_1_473' title='bbox 1454 2096 1637 2142; x_wconf 78' lang='lat' dir='ltr'><strong>cuicunque</strong></span> <span class='ocrx_word' id='word_1_474' title='bbox 1653 2094 1729 2127; x_wconf 78' lang='lat' dir='ltr'><strong>libet</strong></span> <span class='ocrx_word' id='word_1_475' title='bbox 1747 2094 1898 2130; x_wconf 75' lang='lat' dir='ltr'><strong>Fortuna</strong></span> <span class='ocrx_word' id='word_1_476' title='bbox 1915 2103 2080 2148; x_wconf 73' lang='lat' dir='ltr'><strong>rapitque,</strong></span> 
     </span>
    </p>

    <p class='ocr_par' dir='ltr' id='par_1_12' title="bbox 1118 2156 1970 2268">
     <span class='ocr_line' id='line_1_67' title="bbox 1167 2156 1970 2203; baseline 0 -13"><span class='ocrx_word' id='word_1_477' title='bbox 1167 2159 1245 2191; x_wconf 77' lang='lat' dir='ltr'><strong>Irus</strong></span> <span class='ocrx_word' id='word_1_478' title='bbox 1265 2164 1297 2190; x_wconf 81' lang='lat' dir='ltr'><strong>et</strong></span> <span class='ocrx_word' id='word_1_479' title='bbox 1317 2163 1365 2189; x_wconf 82' lang='lat' dir='ltr'><strong>est</strong></span> <span class='ocrx_word' id='word_1_480' title='bbox 1387 2158 1493 2189; x_wconf 78' lang='lat' dir='ltr'><strong>subito</strong></span> <span class='ocrx_word' id='word_1_481' title='bbox 1515 2157 1573 2203; x_wconf 81' lang='lat' dir='ltr'><strong>qui</strong></span> <span class='ocrx_word' id='word_1_482' title='bbox 1593 2157 1686 2188; x_wconf 79' lang='lat' dir='ltr'><strong>modo</strong></span> <span class='ocrx_word' id='word_1_483' title='bbox 1707 2156 1847 2191; x_wconf 81' lang='lat' dir='ltr'><strong>Croesus</strong></span> <span class='ocrx_word' id='word_1_484' title='bbox 1872 2166 1970 2193; x_wconf 56' lang='lat' dir='ltr'><strong>ertum</strong></span> 
     </span>
     <span class='ocr_line' id='line_1_68' title="bbox 1118 2219 1951 2268; baseline 0.001 -14"><span class='ocrx_word' id='word_1_485' title='bbox 1118 2222 1246 2255; x_wconf 86' lang='lat' dir='ltr'><strong>Pariter</strong></span> <span class='ocrx_word' id='word_1_486' title='bbox 1271 2222 1311 2253; x_wconf 81' lang='lat' dir='ltr'><strong>ab</strong></span> <span class='ocrx_word' id='word_1_487' title='bbox 1334 2221 1473 2252; x_wconf 84' lang='lat' dir='ltr'><strong>Horatio</strong></span> <span class='ocrx_word' id='word_1_488' title='bbox 1498 2219 1614 2252; x_wconf 83' lang='lat' dir='ltr'><strong>dieitur</strong></span> <span class='ocrx_word' id='word_1_489' title='bbox 1633 2219 1711 2265; x_wconf 86' lang='lat' dir='ltr'><strong>(od.</strong></span> <span class='ocrx_word' id='word_1_490' title='bbox 1731 2222 1764 2253; x_wconf 78' lang='lat'><strong>5.</strong></span> <span class='ocrx_word' id='word_1_491' title='bbox 1785 2221 1843 2253; x_wconf 87' lang='grc'><strong>29.</strong></span> <span class='ocrx_word' id='word_1_492' title='bbox 1872 2223 1951 2268; x_wconf 72' lang='grc'><strong>50);</strong></span> 
     </span>
    </p>

    <p class='ocr_par' dir='ltr' id='par_1_13' title="bbox 1176 2283 1864 2326">
     <span class='ocr_line' id='line_1_69' title="bbox 1176 2283 1864 2326; baseline 0.004 -11"><span class='ocrx_word' id='word_1_493' title='bbox 1176 2284 1323 2316; x_wconf 67' lang='lat' dir='ltr'><strong>nLudicm</strong></span> <span class='ocrx_word' id='word_1_494' title='bbox 1344 2283 1534 2315; x_wconf 82' lang='lat' dir='ltr'><strong>insolentem</strong></span> <span class='ocrx_word' id='word_1_495' title='bbox 1558 2283 1669 2315; x_wconf 76' lang='lat' dir='ltr'><strong>ludere</strong></span> <span class='ocrx_word' id='word_1_496' title='bbox 1689 2284 1864 2326; x_wconf 75' lang='lat' dir='ltr'><strong>pertinax,</strong></span> 
     </span>
    </p>

    <p class='ocr_par' dir='ltr' id='par_1_14' title="bbox 1117 2345 1792 2452">
     <span class='ocr_line' id='line_1_70' title="bbox 1172 2345 1792 2390; baseline -0.003 -12"><span class='ocrx_word' id='word_1_497' title='bbox 1172 2346 1273 2379; x_wconf 79' lang='lat' dir='ltr'><strong>Nunc</strong></span> <span class='ocrx_word' id='word_1_498' title='bbox 1297 2346 1376 2378; x_wconf 79' lang='lat' dir='ltr'><strong><em>mihi</em></strong></span> <span class='ocrx_word' id='word_1_499' title='bbox 1382 2368 1396 2385; x_wconf 87' lang='lat'><strong>,</strong></span> <span class='ocrx_word' id='word_1_500' title='bbox 1421 2357 1508 2377; x_wconf 83' lang='lat' dir='ltr'><strong>nunc</strong></span> <span class='ocrx_word' id='word_1_501' title='bbox 1533 2345 1591 2377; x_wconf 75' lang='lat' dir='ltr'><strong>alii</strong></span> <span class='ocrx_word' id='word_1_502' title='bbox 1614 2345 1792 2390; x_wconf 68' lang='lat' dir='ltr'><strong>berziqnau5</strong></span> 
     </span>
     <span class='ocr_line' id='line_1_71' title="bbox 1117 2405 1486 2452; baseline -0.011 -11"><span class='ocrx_word' id='word_1_503' title='bbox 1117 2413 1150 2441; x_wconf 89' lang='lat' dir='ltr'><strong>et</strong></span> <span class='ocrx_word' id='word_1_504' title='bbox 1172 2408 1247 2441; x_wconf 88' lang='lat' dir='ltr'><strong>alibi</strong></span> <span class='ocrx_word' id='word_1_505' title='bbox 1272 2407 1319 2452; x_wconf 86' lang='lat'><strong>(1.</strong></span> <span class='ocrx_word' id='word_1_506' title='bbox 1344 2407 1404 2439; x_wconf 76' lang='lat'><strong>55.</strong></span> <span class='ocrx_word' id='word_1_507' title='bbox 1429 2405 1486 2451; x_wconf 76' lang='lat'><strong>2)=</strong></span> 
     </span>
    </p>

    <p class='ocr_par' dir='ltr' id='par_1_15' title="bbox 1171 2467 1837 2513">
     <span class='ocr_line' id='line_1_72' title="bbox 1171 2467 1837 2513; baseline 0.002 -14"><span class='ocrx_word' id='word_1_508' title='bbox 1171 2470 1352 2502; x_wconf 79' lang='lat' dir='ltr'><strong>„Praesens</strong></span> <span class='ocrx_word' id='word_1_509' title='bbox 1372 2469 1426 2501; x_wconf 87' lang='lat' dir='ltr'><strong>vel</strong></span> <span class='ocrx_word' id='word_1_510' title='bbox 1448 2469 1512 2500; x_wconf 82' lang='lat' dir='ltr'><strong>imo</strong></span> <span class='ocrx_word' id='word_1_511' title='bbox 1537 2467 1648 2501; x_wconf 79' lang='lat' dir='ltr'><strong>tollere</strong></span> <span class='ocrx_word' id='word_1_512' title='bbox 1671 2467 1710 2500; x_wconf 80' lang='lat' dir='ltr'><strong>de</strong></span> <span class='ocrx_word' id='word_1_513' title='bbox 1731 2469 1837 2513; x_wconf 74' lang='lat' dir='ltr'><strong>yradu</strong></span> 
     </span>
    </p>

    <p class='ocr_par' dir='ltr' id='par_1_16' title="bbox 1215 2532 1826 2642">
     <span class='ocr_line' id='line_1_73' title="bbox 1215 2532 1743 2577; baseline -0.006 -11"><span class='ocrx_word' id='word_1_514' title='bbox 1215 2533 1355 2566; x_wconf 77' lang='lat' dir='ltr'><strong>Mortale</strong></span> <span class='ocrx_word' id='word_1_515' title='bbox 1379 2544 1495 2577; x_wconf 84' lang='lat' dir='ltr'><strong>corpus</strong></span> <span class='ocrx_word' id='word_1_516' title='bbox 1518 2532 1572 2565; x_wconf 83' lang='lat' dir='ltr'><strong>vel</strong></span> <span class='ocrx_word' id='word_1_517' title='bbox 1590 2532 1743 2576; x_wconf 81' lang='lat' dir='ltr'><strong>superbos</strong></span> 
     </span>
     <span class='ocr_line' id='line_1_74' title="bbox 1271 2594 1826 2642; baseline -0.009 -12"><span class='ocrx_word' id='word_1_518' title='bbox 1271 2598 1407 2631; x_wconf 80' lang='lat' dir='ltr'><strong>Vertere</strong></span> <span class='ocrx_word' id='word_1_519' title='bbox 1426 2596 1600 2642; x_wconf 69' lang='lat' dir='ltr'><strong>funeribus</strong></span> <span class='ocrx_word' id='word_1_520' title='bbox 1623 2594 1826 2637; x_wconf 72' lang='lat' dir='ltr'><strong>triumplios.«</strong></span> 
     </span>
    </p>
   </div>
  </div>
 </body>
</html>
