<?xml version="1.0" encoding="UTF-8"?>
<!DOCTYPE html PUBLIC "-//W3C//DTD XHTML 1.0 Transitional//EN"
    "http://www.w3.org/TR/xhtml1/DTD/xhtml1-transitional.dtd">
<html xmlns="http://www.w3.org/1999/xhtml" xml:lang="en" lang="en">
 <head>
  <title>
</title>
<meta http-equiv="Content-Type" content="text/html;charset=utf-8" />
  <meta name='ocr-system' content='tesseract 3.04.00' />
  <meta name='ocr-capabilities' content='ocr_page ocr_carea ocr_par ocr_line ocrx_word'/>
</head>
<body>
  <div class='ocr_page' id='page_1' title='image "./denuptiisphilolo00martuoft/denuptiisphilolo00martuoft_0048.png"; bbox 0 0 2310 2860; ppageno 0'>
   <div class='ocr_carea' id='block_1_1' title="bbox 166 158 218 198">
    <p class='ocr_par' dir='ltr' id='par_1_1' title="bbox 166 158 218 198">
     <span class='ocr_line' id='line_1_1' title="bbox 166 158 218 198; baseline -0.019 0"><span class='ocrx_word' id='word_1_1' title='bbox 166 158 218 198; x_wconf 74' lang='lat'><strong>18</strong></span> 
     </span>
    </p>
   </div>
   <div class='ocr_carea' id='block_1_2' title="bbox 767 149 1505 205">
    <p class='ocr_par' dir='ltr' id='par_1_2' title="bbox 767 149 1505 205">
     <span class='ocr_line' id='line_1_2' title="bbox 767 149 1505 205; baseline 0 -13"><span class='ocrx_word' id='word_1_2' title='bbox 767 150 966 192; x_wconf 85' lang='lat' dir='ltr'><strong>Martiani</strong></span> <span class='ocrx_word' id='word_1_3' title='bbox 1005 149 1204 205; x_wconf 82' lang='lat' dir='ltr'>Capellae</span> <span class='ocrx_word' id='word_1_4' title='bbox 1241 149 1313 193; x_wconf 89' lang='lat' dir='ltr'><strong>lib.</strong></span> <span class='ocrx_word' id='word_1_5' title='bbox 1341 150 1372 191; x_wconf 93' lang='grc' dir='ltr'><strong>Ι.</strong></span> <span class='ocrx_word' id='word_1_6' title='bbox 1404 152 1436 202; x_wconf 56' lang='grc' dir='ltr'><strong>ᾗ.</strong></span> <span class='ocrx_word' id='word_1_7' title='bbox 1461 151 1505 192; x_wconf 83' lang='grc'><strong>4.</strong></span> 
     </span>
    </p>
   </div>
   <div class='ocr_carea' id='block_1_3' title="bbox 165 256 2110 319">
    <p class='ocr_par' dir='ltr' id='par_1_3' title="bbox 165 256 2110 319">
     <span class='ocr_line' id='line_1_3' title="bbox 165 256 2110 319; baseline 0.001 -16"><span class='ocrx_word' id='word_1_8' title='bbox 165 271 418 316; x_wconf 85' lang='lat' dir='ltr'><strong>certumque</strong></span> <span class='ocrx_word' id='word_1_9' title='bbox 449 274 535 300; x_wconf 88' lang='lat' dir='ltr'><strong>esse</strong></span> <span class='ocrx_word' id='word_1_10' title='bbox 559 257 800 299; x_wconf 82' lang='lat' dir='ltr'><strong>Gradivum</strong></span> <span class='ocrx_word' id='word_1_11' title='bbox 825 257 1019 299; x_wconf 86' lang='lat' dir='ltr'><strong>Nerienis</strong></span> <span class='ocrx_word' id='word_1_12' title='bbox 1043 256 1230 297; x_wconf 86' lang='lat' dir='ltr'><strong>Nerinae</strong></span> <span class='ocrx_word' id='word_1_13' title='bbox 1254 258 1441 312; x_wconf 81' lang='lat' dir='ltr'><strong>conjugis</strong></span> <span class='ocrx_word' id='word_1_14' title='bbox 1473 273 1617 301; x_wconf 84' lang='lat' dir='ltr'><strong>amore</strong></span> <span class='ocrx_word' id='word_1_15' title='bbox 1650 262 1824 313; x_wconf 81' lang='lat' dir='ltr'><strong>torreri3</strong></span> <span class='ocrx_word' id='word_1_16' title='bbox 1856 263 2110 319; x_wconf 79' lang='lat' dir='ltr'><strong>Aesculapio</strong></span> 
     </span>
    </p>
   </div>
   <div class='ocr_carea' id='block_1_4' title="bbox 165 336 2117 399">
    <p class='ocr_par' dir='ltr' id='par_1_4' title="bbox 165 336 2117 399">
     <span class='ocr_line' id='line_1_4' title="bbox 165 336 2117 399; baseline 0.001 -17"><span class='ocrx_word' id='word_1_17' title='bbox 165 356 341 398; x_wconf 88' lang='lat' dir='ltr'><strong>quoque</strong></span> <span class='ocrx_word' id='word_1_18' title='bbox 389 354 474 381; x_wconf 91' lang='lat' dir='ltr'><strong>non</strong></span> <span class='ocrx_word' id='word_1_19' title='bbox 519 338 662 393; x_wconf 81' lang='lat' dir='ltr'>dispar</span> <span class='ocrx_word' id='word_1_20' title='bbox 701 336 889 387; x_wconf 82' lang='lat' dir='ltr'><strong>affectio,</strong></span> <span class='ocrx_word' id='word_1_21' title='bbox 947 337 1162 391; x_wconf 86' lang='lat' dir='ltr'>similique</span> <span class='ocrx_word' id='word_1_22' title='bbox 1208 338 1482 391; x_wconf 82' lang='lat' dir='ltr'><strong>persuasione</strong></span> <span class='ocrx_word' id='word_1_23' title='bbox 1524 340 1741 382; x_wconf 80' lang='lat' dir='ltr'><strong>transduci</strong></span> <span class='ocrx_word' id='word_1_24' title='bbox 1795 342 1889 397; x_wconf 89' lang='lat' dir='ltr'><strong>Ope</strong></span> <span class='ocrx_word' id='word_1_25' title='bbox 1938 344 2117 399; x_wconf 81' lang='lat' dir='ltr'><strong>conjuga</strong></span> 
     </span>
    </p>
   </div>
   <div class='ocr_carea' id='block_1_5' title="bbox 165 416 2116 479">
    <p class='ocr_par' dir='ltr' id='par_1_5' title="bbox 165 416 2116 479">
     <span class='ocr_line' id='line_1_5' title="bbox 165 416 2116 479; baseline 0.002 -19"><span class='ocrx_word' id='word_1_26' title='bbox 165 421 415 477; x_wconf 80' lang='lat' dir='ltr'><strong>Cybeleque</strong></span> <span class='ocrx_word' id='word_1_27' title='bbox 469 418 688 474; x_wconf 81' lang='lat' dir='ltr'><strong>permulsa</strong></span> <span class='ocrx_word' id='word_1_28' title='bbox 732 417 1063 458; x_wconf 82' lang='lat' dir='ltr'><strong>moestissimum</strong></span> <span class='ocrx_word' id='word_1_29' title='bbox 1107 416 1319 457; x_wconf 85' lang='lat' dir='ltr'><strong>seniorem</strong></span> <span class='ocrx_word' id='word_1_30' title='bbox 1371 416 1574 458; x_wconf 89' lang='lat' dir='ltr'><strong>deorum:</strong></span> <span class='ocrx_word' id='word_1_31' title='bbox 1618 420 1837 478; x_wconf 86' lang='lat' dir='ltr'><strong>Janusque</strong></span> <span class='ocrx_word' id='word_1_32' title='bbox 1883 423 2116 479; x_wconf 80' lang='lat' dir='ltr'><strong>Argionam</strong></span> 
     </span>
    </p>
   </div>
   <div class='ocr_carea' id='block_1_6' title="bbox 162 511 1121 1436">
    <p class='ocr_par' dir='ltr' id='par_1_6' title="bbox 162 511 1121 1436">
     <span class='ocr_line' id='line_1_6' title="bbox 235 511 1115 560; baseline -0.007 -11"><span class='ocrx_word' id='word_1_33' title='bbox 235 513 399 560; x_wconf 83' lang='lat' dir='ltr'><strong>Neriem’s]</strong></span> <span class='ocrx_word' id='word_1_34' title='bbox 425 515 513 546; x_wconf 84' lang='lat' dir='ltr'><strong>Deae</strong></span> <span class='ocrx_word' id='word_1_35' title='bbox 530 514 625 554; x_wconf 88' lang='lat' dir='ltr'><strong>hujus</strong></span> <span class='ocrx_word' id='word_1_36' title='bbox 637 514 812 546; x_wconf 85' lang='lat' dir='ltr'><strong>Mavortiae</strong></span> <span class='ocrx_word' id='word_1_37' title='bbox 827 513 1040 545; x_wconf 84' lang='lat' dir='ltr'><strong>meminerunt</strong></span> <span class='ocrx_word' id='word_1_38' title='bbox 1049 511 1115 543; x_wconf 84' lang='lat' dir='ltr'><strong>En-</strong></span> 
     </span>
     <span class='ocr_line' id='line_1_7' title="bbox 163 573 1119 617; baseline -0.005 -8"><span class='ocrx_word' id='word_1_39' title='bbox 163 579 252 617; x_wconf 83' lang='lat' dir='ltr'><strong>nius,</strong></span> <span class='ocrx_word' id='word_1_40' title='bbox 286 578 440 615; x_wconf 83' lang='lat' dir='ltr'><strong>Plautus,</strong></span> <span class='ocrx_word' id='word_1_41' title='bbox 470 574 614 616; x_wconf 79' lang='lat' dir='ltr'>Imbrex,</span> <span class='ocrx_word' id='word_1_42' title='bbox 643 573 793 617; x_wconf 75' lang='lat' dir='ltr'><strong>Agellius</strong></span> <span class='ocrx_word' id='word_1_43' title='bbox 815 575 1056 617; x_wconf 78' lang='lat' dir='ltr'><strong>grammatieuS,</strong></span> <span class='ocrx_word' id='word_1_44' title='bbox 1086 578 1119 605; x_wconf 87' lang='lat' dir='ltr'><strong>et</strong></span> 
     </span>
     <span class='ocr_line' id='line_1_8' title="bbox 165 637 1119 682; baseline -0.005 -9"><span class='ocrx_word' id='word_1_45' title='bbox 165 642 225 674; x_wconf 90' lang='lat' dir='ltr'><strong>Cn.</strong></span> <span class='ocrx_word' id='word_1_46' title='bbox 247 639 372 673; x_wconf 83' lang='lat' dir='ltr'><strong>Gellius</strong></span> <span class='ocrx_word' id='word_1_47' title='bbox 403 637 573 670; x_wconf 86' lang='lat' dir='ltr'><strong>historiens</strong></span> <span class='ocrx_word' id='word_1_48' title='bbox 603 638 773 682; x_wconf 87' lang='lat' dir='ltr'><strong>antiquus,</strong></span> <span class='ocrx_word' id='word_1_49' title='bbox 806 651 901 682; x_wconf 89' lang='lat' dir='ltr'><strong>quem</strong></span> <span class='ocrx_word' id='word_1_50' title='bbox 930 643 1037 670; x_wconf 87' lang='lat' dir='ltr'><strong>tamen</strong></span> <span class='ocrx_word' id='word_1_51' title='bbox 1067 637 1119 681; x_wconf 88' lang='lat' dir='ltr'><strong>(ut</strong></span> 
     </span>
     <span class='ocr_line' id='line_1_9' title="bbox 163 700 1120 746; baseline -0.004 -10"><span class='ocrx_word' id='word_1_52' title='bbox 163 710 196 736; x_wconf 88' lang='lat' dir='ltr'><strong>et</strong></span> <span class='ocrx_word' id='word_1_53' title='bbox 222 705 282 736; x_wconf 86' lang='lat' dir='ltr'><strong>hoc</strong></span> <span class='ocrx_word' id='word_1_54' title='bbox 311 702 414 734; x_wconf 90' lang='lat' dir='ltr'><strong>obiter</strong></span> <span class='ocrx_word' id='word_1_55' title='bbox 438 701 558 746; x_wconf 86' lang='lat' dir='ltr'><strong>dicam)</strong></span> <span class='ocrx_word' id='word_1_56' title='bbox 581 700 703 744; x_wconf 82' lang='lat' dir='ltr'><strong>Agellii</strong></span> <span class='ocrx_word' id='word_1_57' title='bbox 725 702 853 734; x_wconf 85' lang='lat' dir='ltr'><strong>nomine</strong></span> <span class='ocrx_word' id='word_1_58' title='bbox 877 703 973 735; x_wconf 81' lang='lat' dir='ltr'><strong>citare</strong></span> <span class='ocrx_word' id='word_1_59' title='bbox 994 702 1120 734; x_wconf 78' lang='lat' dir='ltr'><strong>videtur</strong></span> 
     </span>
     <span class='ocr_line' id='line_1_10' title="bbox 163 766 1120 800; baseline -0.004 0"><span class='ocrx_word' id='word_1_60' title='bbox 163 767 286 800; x_wconf 79' lang='lat' dir='ltr'><strong>Nonius</strong></span> <span class='ocrx_word' id='word_1_61' title='bbox 308 767 341 798; x_wconf 91' lang='lat' dir='ltr'><strong>in</strong></span> <span class='ocrx_word' id='word_1_62' title='bbox 366 778 445 799; x_wconf 83' lang='lat' dir='ltr'><strong>voce</strong></span> <span class='ocrx_word' id='word_1_63' title='bbox 467 766 575 798; x_wconf 75' lang='lat' dir='ltr'><strong>Buba.</strong></span> <span class='ocrx_word' id='word_1_64' title='bbox 624 766 720 798; x_wconf 86' lang='lat' dir='ltr'><strong>Dicta</strong></span> <span class='ocrx_word' id='word_1_65' title='bbox 746 773 886 799; x_wconf 84' lang='lat' dir='ltr'><strong>ceterum</strong></span> <span class='ocrx_word' id='word_1_66' title='bbox 909 769 988 799; x_wconf 89' lang='lat' dir='ltr'><strong>haee</strong></span> <span class='ocrx_word' id='word_1_67' title='bbox 1019 767 1078 798; x_wconf 88' lang='lat' dir='ltr'><strong>dea</strong></span> <span class='ocrx_word' id='word_1_68' title='bbox 1102 777 1120 796; x_wconf 90' lang='lat' dir='ltr'><strong>a</strong></span> 
     </span>
     <span class='ocr_line' id='line_1_11' title="bbox 164 827 1120 872; baseline -0.001 -13"><span class='ocrx_word' id='word_1_69' title='bbox 164 838 240 859; x_wconf 77' lang='lat' dir='ltr'><strong>voce</strong></span> <span class='ocrx_word' id='word_1_70' title='bbox 261 827 400 868; x_wconf 82' lang='lat' dir='ltr'><strong>Sabina,</strong></span> <span class='ocrx_word' id='word_1_71' title='bbox 440 840 522 871; x_wconf 88' lang='lat' dir='ltr'><strong>quae</strong></span> <span class='ocrx_word' id='word_1_72' title='bbox 548 828 766 860; x_wconf 80' lang='lat' dir='ltr'><strong>fortitudinem</strong></span> <span class='ocrx_word' id='word_1_73' title='bbox 786 830 933 868; x_wconf 87' lang='lat' dir='ltr'><strong>denotat,</strong></span> <span class='ocrx_word' id='word_1_74' title='bbox 963 841 980 860; x_wconf 92' lang='lat' dir='ltr'><strong>a</strong></span> <span class='ocrx_word' id='word_1_75' title='bbox 1001 841 1063 872; x_wconf 89' lang='lat' dir='ltr'><strong>qna</strong></span> <span class='ocrx_word' id='word_1_76' title='bbox 1088 833 1120 859; x_wconf 83' lang='lat' dir='ltr'><strong>et</strong></span> 
     </span>
     <span class='ocr_line' id='line_1_12' title="bbox 163 888 1119 937; baseline 0.001 -15"><span class='ocrx_word' id='word_1_77' title='bbox 163 891 320 922; x_wconf 82' lang='lat' dir='ltr'><strong>Nerones.</strong></span> <span class='ocrx_word' id='word_1_78' title='bbox 349 891 487 923; x_wconf 87' lang='lat' dir='ltr'><strong>Glossa:</strong></span> <span class='ocrx_word' id='word_1_79' title='bbox 515 891 603 923; x_wconf 85' lang='lat' dir='ltr'><strong>Nero</strong></span> <span class='ocrx_word' id='word_1_80' title='bbox 628 888 813 937; x_wconf 71' lang='grc' dir='ltr'><em>ἅνὸρειος.</em></span> <span class='ocrx_word' id='word_1_81' title='bbox 842 893 946 925; x_wconf 75' lang='lat' dir='ltr'><strong>Gno’r.</strong></span> <span class='ocrx_word' id='word_1_82' title='bbox 967 912 1013 917; x_wconf 94' lang='lat'><em>-</em></span> <span class='ocrx_word' id='word_1_83' title='bbox 1032 892 1119 924; x_wconf 86' lang='lat' dir='ltr'><strong>Con-</strong></span> 
     </span>
     <span class='ocr_line' id='line_1_13' title="bbox 164 952 1119 993; baseline -0.001 -8"><span class='ocrx_word' id='word_1_84' title='bbox 164 953 240 985; x_wconf 80' lang='lat' dir='ltr'><strong>cinit</strong></span> <span class='ocrx_word' id='word_1_85' title='bbox 262 965 335 984; x_wconf 87' lang='lat' dir='ltr'><strong>enm</strong></span> <span class='ocrx_word' id='word_1_86' title='bbox 357 953 444 985; x_wconf 84' lang='lat' dir='ltr'><strong>hisee</strong></span> <span class='ocrx_word' id='word_1_87' title='bbox 462 953 614 985; x_wconf 84' lang='lat' dir='ltr'><strong>Goezius.</strong></span> <span class='ocrx_word' id='word_1_88' title='bbox 644 952 711 985; x_wconf 86' lang='lat' dir='ltr'><strong>Sed</strong></span> <span class='ocrx_word' id='word_1_89' title='bbox 732 953 764 984; x_wconf 90' lang='lat' dir='ltr'><strong>hi</strong></span> <span class='ocrx_word' id='word_1_90' title='bbox 789 954 975 986; x_wconf 82' lang='lat' dir='ltr'><strong>docuissent</strong></span> <span class='ocrx_word' id='word_1_91' title='bbox 993 954 1119 993; x_wconf 76' lang='lat' dir='ltr'><strong>vellem,</strong></span> 
     </span>
     <span class='ocr_line' id='line_1_14' title="bbox 163 1017 1119 1060; baseline -0.001 -12"><span class='ocrx_word' id='word_1_92' title='bbox 163 1029 220 1048; x_wconf 85' lang='lat' dir='ltr'><strong>eur</strong></span> <span class='ocrx_word' id='word_1_93' title='bbox 235 1017 386 1048; x_wconf 72' lang='lat' dir='ltr'><strong>lVerienis</strong></span> <span class='ocrx_word' id='word_1_94' title='bbox 406 1017 551 1048; x_wconf 67' lang='lat' dir='ltr'><strong>Ner-inae</strong></span> <span class='ocrx_word' id='word_1_95' title='bbox 571 1021 682 1048; x_wconf 86' lang='lat' dir='ltr'><strong>noster</strong></span> <span class='ocrx_word' id='word_1_96' title='bbox 698 1017 885 1060; x_wconf 70' lang='lat' dir='ltr'><strong>scripserit?</strong></span> <span class='ocrx_word' id='word_1_97' title='bbox 906 1019 1007 1050; x_wconf 69' lang='grc' dir='ltr'><strong><em>Νενίο</em></strong></span> <span class='ocrx_word' id='word_1_98' title='bbox 1025 1017 1119 1056; x_wconf 88' lang='lat' dir='ltr'><strong>enim,</strong></span> 
     </span>
     <span class='ocr_line' id='line_1_15' title="bbox 164 1077 1120 1121; baseline 0.001 -13"><span class='ocrx_word' id='word_1_99' title='bbox 164 1077 229 1109; x_wconf 78' lang='lat' dir='ltr'><strong>sive</strong></span> <span class='ocrx_word' id='word_1_100' title='bbox 238 1079 342 1109; x_wconf 71' lang='lat' dir='ltr'><strong>Neria</strong></span> <span class='ocrx_word' id='word_1_101' title='bbox 350 1101 362 1116; x_wconf 85' lang='lat'><em>‚</em></span> <span class='ocrx_word' id='word_1_102' title='bbox 383 1078 434 1109; x_wconf 73' lang='lat' dir='ltr'><strong>vel</strong></span> <span class='ocrx_word' id='word_1_103' title='bbox 450 1078 601 1117; x_wconf 73' lang='lat' dir='ltr'><strong>Neaera,</strong></span> <span class='ocrx_word' id='word_1_104' title='bbox 619 1083 687 1109; x_wconf 86' lang='lat' dir='ltr'><strong>erat</strong></span> <span class='ocrx_word' id='word_1_105' title='bbox 703 1079 879 1110; x_wconf 75' lang='lat' dir='ltr'><strong>Mami-tiae</strong></span> <span class='ocrx_word' id='word_1_106' title='bbox 900 1079 1046 1121; x_wconf 82' lang='lat' dir='ltr'><strong>conjugis</strong></span> <span class='ocrx_word' id='word_1_107' title='bbox 1064 1091 1120 1110; x_wconf 85' lang='lat' dir='ltr'><strong>no-</strong></span> 
     </span>
     <span class='ocr_line' id='line_1_16' title="bbox 162 1141 1121 1185; baseline 0.001 -13"><span class='ocrx_word' id='word_1_108' title='bbox 162 1148 234 1172; x_wconf 81' lang='lat' dir='ltr'><strong>m‘en</strong></span> <span class='ocrx_word' id='word_1_109' title='bbox 264 1141 387 1184; x_wconf 85' lang='lat' dir='ltr'><strong>(Licin.</strong></span> <span class='ocrx_word' id='word_1_110' title='bbox 414 1141 542 1173; x_wconf 82' lang='lat' dir='ltr'><strong>Imbrex</strong></span> <span class='ocrx_word' id='word_1_111' title='bbox 570 1154 618 1185; x_wconf 91' lang='lat' dir='ltr'><strong>ap.</strong></span> <span class='ocrx_word' id='word_1_112' title='bbox 641 1141 781 1174; x_wconf 88' lang='lat' dir='ltr'><strong>Gellium</strong></span> <span class='ocrx_word' id='word_1_113' title='bbox 807 1143 874 1179; x_wconf 81' lang='lat'><strong>15,</strong></span> <span class='ocrx_word' id='word_1_114' title='bbox 905 1143 963 1173; x_wconf 70' lang='lat'><strong>22.</strong></span> <span class='ocrx_word' id='word_1_115' title='bbox 996 1155 1025 1185; x_wconf 89' lang='lat' dir='ltr'><strong>p.</strong></span> <span class='ocrx_word' id='word_1_116' title='bbox 1049 1143 1121 1173; x_wconf 84' lang='grc'><strong>180</strong></span> 
     </span>
     <span class='ocr_line' id='line_1_17' title="bbox 163 1201 1120 1236; baseline 0 -3"><span class='ocrx_word' id='word_1_117' title='bbox 163 1202 261 1236; x_wconf 85' lang='lat' dir='ltr'><strong>Conr.</strong></span> <span class='ocrx_word' id='word_1_118' title='bbox 286 1201 386 1234; x_wconf 89' lang='lat' dir='ltr'><strong>Gellii</strong></span> <span class='ocrx_word' id='word_1_119' title='bbox 407 1202 440 1234; x_wconf 89' lang='lat' dir='ltr'><strong>in</strong></span> <span class='ocrx_word' id='word_1_120' title='bbox 465 1202 567 1234; x_wconf 89' lang='lat' dir='ltr'><strong>annal.</strong></span> <span class='ocrx_word' id='word_1_121' title='bbox 594 1203 700 1233; x_wconf 88' lang='lat' dir='ltr'><strong>locum</strong></span> <span class='ocrx_word' id='word_1_122' title='bbox 720 1215 736 1233; x_wconf 85' lang='lat' dir='ltr'><strong>a</strong></span> <span class='ocrx_word' id='word_1_123' title='bbox 755 1203 871 1235; x_wconf 89' lang='lat' dir='ltr'><strong>Grotio</strong></span> <span class='ocrx_word' id='word_1_124' title='bbox 890 1203 1054 1234; x_wconf 86' lang='lat' dir='ltr'><strong>laudatum</strong></span> <span class='ocrx_word' id='word_1_125' title='bbox 1071 1213 1120 1234; x_wconf 87' lang='lat' dir='ltr'><strong>re-</strong></span> 
     </span>
     <span class='ocr_line' id='line_1_18' title="bbox 162 1262 1120 1309; baseline 0.003 -16"><span class='ocrx_word' id='word_1_126' title='bbox 162 1262 266 1307; x_wconf 85' lang='lat' dir='ltr'><strong>peries</strong></span> <span class='ocrx_word' id='word_1_127' title='bbox 281 1262 314 1294; x_wconf 89' lang='lat' dir='ltr'><strong>in</strong></span> <span class='ocrx_word' id='word_1_128' title='bbox 334 1264 468 1307; x_wconf 80' lang='lat' dir='ltr'><strong>append.</strong></span> <span class='ocrx_word' id='word_1_129' title='bbox 493 1264 533 1294; x_wconf 89' lang='lat' dir='ltr'><strong>ad</strong></span> <span class='ocrx_word' id='word_1_130' title='bbox 560 1263 664 1295; x_wconf 77' lang='lat' dir='ltr'><strong>Cottii</strong></span> <span class='ocrx_word' id='word_1_131' title='bbox 681 1263 814 1296; x_wconf 81' lang='lat' dir='ltr'><strong>Sallust.</strong></span> <span class='ocrx_word' id='word_1_132' title='bbox 826 1278 857 1309; x_wconf 87' lang='lat' dir='ltr'><strong>p.</strong></span> <span class='ocrx_word' id='word_1_133' title='bbox 870 1265 953 1309; x_wconf 74' lang='lat'>55)3</span> <span class='ocrx_word' id='word_1_134' title='bbox 980 1266 1120 1297; x_wconf 74' lang='lat' dir='ltr'><strong>Nerinus</strong></span> 
     </span>
     <span class='ocr_line' id='line_1_19' title="bbox 1026 1329 1120 1361; baseline 0 0"><span class='ocrx_word' id='word_1_135' title='bbox 1026 1329 1120 1361; x_wconf 86' lang='lat' dir='ltr'><strong>Unde</strong></span> 
     </span>
     <span class='ocr_line' id='line_1_20' title="bbox 162 1389 1120 1436; baseline 0.003 -15"><span class='ocrx_word' id='word_1_136' title='bbox 162 1389 339 1421; x_wconf 75' lang='lat' dir='ltr'><strong>Martianus</strong></span> <span class='ocrx_word' id='word_1_137' title='bbox 365 1389 447 1420; x_wconf 78' lang='lat' dir='ltr'><strong>infra</strong></span> <span class='ocrx_word' id='word_1_138' title='bbox 473 1389 517 1434; x_wconf 62' lang='grc' dir='ltr'><strong>(ξ.</strong></span> <span class='ocrx_word' id='word_1_139' title='bbox 534 1389 624 1434; x_wconf 77' lang='grc'>915)</span> <span class='ocrx_word' id='word_1_140' title='bbox 646 1391 807 1423; x_wconf 72' lang='grc' dir='ltr'><strong>,Νενίηαηι</strong></span> <span class='ocrx_word' id='word_1_141' title='bbox 827 1393 941 1436; x_wconf 63' lang='lat' dir='ltr'><strong>chelyn</strong></span> <span class='ocrx_word' id='word_1_142' title='bbox 960 1393 1040 1424; x_wconf 82' lang='lat' dir='ltr'><strong>dixit</strong></span> <span class='ocrx_word' id='word_1_143' title='bbox 1061 1405 1120 1436; x_wconf 83' lang='lat' dir='ltr'><strong>pro</strong></span> 
     </span>
    </p>
   </div>
   <div class='ocr_carea' id='block_1_7' title="bbox 162 1451 1120 1496">
    <p class='ocr_par' dir='ltr' id='par_1_7' title="bbox 162 1451 1120 1496">
     <span class='ocr_line' id='line_1_21' title="bbox 162 1451 1120 1496; baseline 0.004 -14"><span class='ocrx_word' id='word_1_144' title='bbox 162 1454 329 1483; x_wconf 72' lang='lat' dir='ltr'><strong>mcwinam.</strong></span> <span class='ocrx_word' id='word_1_145' title='bbox 376 1451 444 1483; x_wconf 90' lang='lat' dir='ltr'><strong>Sed</strong></span> <span class='ocrx_word' id='word_1_146' title='bbox 472 1453 524 1483; x_wconf 62' lang='lat' dir='ltr'><strong>vix</strong></span> <span class='ocrx_word' id='word_1_147' title='bbox 552 1453 647 1484; x_wconf 90' lang='lat' dir='ltr'><strong>credo</strong></span> <span class='ocrx_word' id='word_1_148' title='bbox 675 1460 819 1485; x_wconf 86' lang='lat' dir='ltr'><strong>nostrum</strong></span> <span class='ocrx_word' id='word_1_149' title='bbox 850 1456 936 1486; x_wconf 80' lang='lat' dir='ltr'><strong>illius</strong></span> <span class='ocrx_word' id='word_1_150' title='bbox 965 1456 1120 1496; x_wconf 78' lang='lat' dir='ltr'><strong>originem</strong></span> 
     </span>
    </p>
   </div>
   <div class='ocr_carea' id='block_1_8' title="bbox 163 1327 972 1367">
    <p class='ocr_par' dir='ltr' id='par_1_8' title="bbox 163 1327 972 1367">
     <span class='ocr_line' id='line_1_22' title="bbox 163 1327 972 1367; baseline 0.005 -11"><span class='ocrx_word' id='word_1_151' title='bbox 163 1331 268 1357; x_wconf 84' lang='lat' dir='ltr'><strong>antem</strong></span> <span class='ocrx_word' id='word_1_152' title='bbox 297 1331 347 1357; x_wconf 88' lang='lat' dir='ltr'><strong>est</strong></span> <span class='ocrx_word' id='word_1_153' title='bbox 369 1339 387 1357; x_wconf 88' lang='lat' dir='ltr'><strong>a</strong></span> <span class='ocrx_word' id='word_1_154' title='bbox 408 1327 551 1367; x_wconf 81' lang='lat' dir='ltr'><strong>Nereus,</strong></span> <span class='ocrx_word' id='word_1_155' title='bbox 591 1333 627 1358; x_wconf 87' lang='lat' dir='ltr'><strong>ut</strong></span> <span class='ocrx_word' id='word_1_156' title='bbox 660 1340 678 1359; x_wconf 88' lang='lat' dir='ltr'><strong>a</strong></span> <span class='ocrx_word' id='word_1_157' title='bbox 705 1340 791 1359; x_wconf 87' lang='lat' dir='ltr'><strong>mare</strong></span> <span class='ocrx_word' id='word_1_158' title='bbox 823 1329 972 1360; x_wconf 86' lang='lat' dir='ltr'><strong>marinus.</strong></span> 
     </span>
    </p>
   </div>
   <div class='ocr_carea' id='block_1_9' title="bbox 163 1515 1129 2554">
    <p class='ocr_par' dir='ltr' id='par_1_9' title="bbox 163 1515 1129 2554">
     <span class='ocr_line' id='line_1_23' title="bbox 163 1515 1119 1562; baseline 0.005 -17"><span class='ocrx_word' id='word_1_159' title='bbox 163 1515 278 1545; x_wconf 89' lang='lat' dir='ltr'><strong>ducere</strong></span> <span class='ocrx_word' id='word_1_160' title='bbox 300 1515 441 1546; x_wconf 74' lang='lat' dir='ltr'><strong>voluisse</strong></span> <span class='ocrx_word' id='word_1_161' title='bbox 474 1527 491 1545; x_wconf 93' lang='lat' dir='ltr'><strong>a</strong></span> <span class='ocrx_word' id='word_1_162' title='bbox 519 1515 636 1548; x_wconf 87' lang='lat' dir='ltr'><strong>Nereo.</strong></span> <span class='ocrx_word' id='word_1_163' title='bbox 678 1517 933 1561; x_wconf 78' lang='lat' dir='ltr'><strong>Porphyrionem</strong></span> <span class='ocrx_word' id='word_1_164' title='bbox 952 1518 1059 1562; x_wconf 77' lang='lat' dir='ltr'><strong>polius</strong></span> <span class='ocrx_word' id='word_1_165' title='bbox 1086 1518 1119 1550; x_wconf 90' lang='lat' dir='ltr'><strong>in</strong></span> 
     </span>
     <span class='ocr_line' id='line_1_24' title="bbox 163 1575 1119 1618; baseline 0.004 -13"><span class='ocrx_word' id='word_1_166' title='bbox 163 1580 267 1607; x_wconf 89' lang='lat' dir='ltr'><strong>mente</strong></span> <span class='ocrx_word' id='word_1_167' title='bbox 293 1575 443 1607; x_wconf 77' lang='lat' dir='ltr'><strong>habuisse</strong></span> <span class='ocrx_word' id='word_1_168' title='bbox 469 1576 611 1616; x_wconf 68' lang='lat' dir='ltr'><strong>videtur,</strong></span> <span class='ocrx_word' id='word_1_169' title='bbox 650 1579 742 1618; x_wconf 84' lang='lat' dir='ltr'><strong>eujus</strong></span> <span class='ocrx_word' id='word_1_170' title='bbox 769 1579 808 1609; x_wconf 89' lang='lat' dir='ltr'><strong>ad</strong></span> <span class='ocrx_word' id='word_1_171' title='bbox 825 1579 953 1610; x_wconf 78' lang='lat' dir='ltr'><strong>Horatii</strong></span> <span class='ocrx_word' id='word_1_172' title='bbox 980 1578 1119 1610; x_wconf 87' lang='lat' dir='ltr'><strong>earmina</strong></span> 
     </span>
     <span class='ocr_line' id='line_1_25' title="bbox 164 1638 1118 1685; baseline 0.002 -17"><span class='ocrx_word' id='word_1_173' title='bbox 164 1638 403 1669; x_wconf 73' lang='lat' dir='ltr'><strong>annotationem</strong></span> <span class='ocrx_word' id='word_1_174' title='bbox 424 1639 506 1670; x_wconf 89' lang='lat' dir='ltr'><strong>hane</strong></span> <span class='ocrx_word' id='word_1_175' title='bbox 532 1639 693 1681; x_wconf 74' lang='lat' dir='ltr'><strong>Gyraldus</strong></span> <span class='ocrx_word' id='word_1_176' title='bbox 718 1640 786 1683; x_wconf 89' lang='lat' dir='ltr'><strong>(op.</strong></span> <span class='ocrx_word' id='word_1_177' title='bbox 810 1641 834 1671; x_wconf 93' lang='lat'><strong>1.</strong></span> <span class='ocrx_word' id='word_1_178' title='bbox 858 1653 888 1684; x_wconf 87' lang='lat' dir='ltr'><strong>p.</strong></span> <span class='ocrx_word' id='word_1_179' title='bbox 904 1640 995 1685; x_wconf 77' lang='lat'>520)</span> <span class='ocrx_word' id='word_1_180' title='bbox 1013 1642 1118 1672; x_wconf 79' lang='lat' dir='ltr'><strong>affert:</strong></span> 
     </span>
     <span class='ocr_line' id='line_1_26' title="bbox 172 1699 1120 1746; baseline 0.004 -16"><span class='ocrx_word' id='word_1_181' title='bbox 172 1700 223 1732; x_wconf 74' lang='grc' dir='ltr'><strong>»Α</strong></span> <span class='ocrx_word' id='word_1_182' title='bbox 242 1700 388 1731; x_wconf 76' lang='lat' dir='ltr'><strong>Minerva</strong></span> <span class='ocrx_word' id='word_1_183' title='bbox 409 1699 498 1731; x_wconf 85' lang='lat' dir='ltr'><strong>Mars</strong></span> <span class='ocrx_word' id='word_1_184' title='bbox 535 1700 637 1732; x_wconf 70' lang='lat' dir='ltr'><strong>victus</strong></span> <span class='ocrx_word' id='word_1_185' title='bbox 673 1708 739 1741; x_wconf 84' lang='lat' dir='ltr'><strong>est,</strong></span> <span class='ocrx_word' id='word_1_186' title='bbox 782 1709 814 1734; x_wconf 84' lang='lat' dir='ltr'><strong>et</strong></span> <span class='ocrx_word' id='word_1_187' title='bbox 840 1702 969 1736; x_wconf 79' lang='lat' dir='ltr'><strong>obtenta</strong></span> <span class='ocrx_word' id='word_1_188' title='bbox 993 1704 1120 1746; x_wconf 75' lang='lat' dir='ltr'><strong>virgini-</strong></span> 
     </span>
     <span class='ocr_line' id='line_1_27' title="bbox 165 1759 1120 1809; baseline 0.004 -17"><span class='ocrx_word' id='word_1_189' title='bbox 165 1767 229 1793; x_wconf 84' lang='lat' dir='ltr'><strong>tate</strong></span> <span class='ocrx_word' id='word_1_190' title='bbox 250 1761 397 1794; x_wconf 77' lang='lat' dir='ltr'><strong>BIinerva</strong></span> <span class='ocrx_word' id='word_1_191' title='bbox 413 1759 532 1791; x_wconf 78' lang='lat' dir='ltr'><strong>Nerine</strong></span> <span class='ocrx_word' id='word_1_192' title='bbox 560 1766 610 1792; x_wconf 86' lang='lat' dir='ltr'><strong>est</strong></span> <span class='ocrx_word' id='word_1_193' title='bbox 628 1762 787 1806; x_wconf 86' lang='lat' dir='ltr'><strong>appellata</strong></span> <span class='ocrx_word' id='word_1_194' title='bbox 809 1764 878 1808; x_wconf 69' lang='lat' dir='ltr'><strong>(vel</strong></span> <span class='ocrx_word' id='word_1_195' title='bbox 905 1766 1012 1809; x_wconf 89' lang='lat' dir='ltr'><strong>potius</strong></span> <span class='ocrx_word' id='word_1_196' title='bbox 1029 1765 1120 1797; x_wconf 83' lang='lat' dir='ltr'><strong>Neri-</strong></span> 
     </span>
     <span class='ocr_line' id='line_1_28' title="bbox 166 1824 1123 1870; baseline 0.003 -15"><span class='ocrx_word' id='word_1_197' title='bbox 166 1824 269 1866; x_wconf 87' lang='lat' dir='ltr'><strong>ene).«</strong></span> <span class='ocrx_word' id='word_1_198' title='bbox 304 1824 483 1866; x_wconf 86' lang='lat' dir='ltr'><strong>Utrumque</strong></span> <span class='ocrx_word' id='word_1_199' title='bbox 512 1824 608 1864; x_wconf 82' lang='lat' dir='ltr'><strong>igitur</strong></span> <span class='ocrx_word' id='word_1_200' title='bbox 638 1837 754 1858; x_wconf 88' lang='lat' dir='ltr'><strong>nomen</strong></span> <span class='ocrx_word' id='word_1_201' title='bbox 784 1829 989 1870; x_wconf 79' lang='lat' dir='ltr'><strong>conjunxisse</strong></span> <span class='ocrx_word' id='word_1_202' title='bbox 1013 1835 1123 1860; x_wconf 72' lang='lat' dir='ltr'><strong>noster</strong></span> 
     </span>
     <span class='ocr_line' id='line_1_29' title="bbox 166 1884 1123 1930; baseline 0.004 -13"><span class='ocrx_word' id='word_1_203' title='bbox 166 1886 298 1917; x_wconf 67' lang='lat' dir='ltr'><strong>videtur.</strong></span> <span class='ocrx_word' id='word_1_204' title='bbox 326 1884 526 1916; x_wconf 74' lang='lat' dir='ltr'><strong>Praesidium</strong></span> <span class='ocrx_word' id='word_1_205' title='bbox 552 1892 636 1917; x_wconf 89' lang='lat' dir='ltr'><strong>certe</strong></span> <span class='ocrx_word' id='word_1_206' title='bbox 660 1889 738 1920; x_wconf 86' lang='lat' dir='ltr'><strong>haee</strong></span> <span class='ocrx_word' id='word_1_207' title='bbox 762 1889 944 1930; x_wconf 81' lang='lat' dir='ltr'><strong>conjectura</strong></span> <span class='ocrx_word' id='word_1_208' title='bbox 963 1891 1058 1921; x_wconf 88' lang='lat' dir='ltr'><strong>habet</strong></span> <span class='ocrx_word' id='word_1_209' title='bbox 1091 1891 1123 1921; x_wconf 95' lang='lat' dir='ltr'><strong>in</strong></span> 
     </span>
     <span class='ocr_line' id='line_1_30' title="bbox 168 1949 1123 1995; baseline 0.004 -15"><span class='ocrx_word' id='word_1_210' title='bbox 168 1950 225 1988; x_wconf 79' lang='lat' dir='ltr'><strong>iis,</strong></span> <span class='ocrx_word' id='word_1_211' title='bbox 264 1960 345 1992; x_wconf 90' lang='lat' dir='ltr'><strong>quae</strong></span> <span class='ocrx_word' id='word_1_212' title='bbox 379 1953 573 1992; x_wconf 86' lang='lat' dir='ltr'><strong>sequuntur,</strong></span> <span class='ocrx_word' id='word_1_213' title='bbox 611 1949 666 1980; x_wconf 88' lang='lat' dir='ltr'><strong>ubi</strong></span> <span class='ocrx_word' id='word_1_214' title='bbox 690 1955 723 1981; x_wconf 92' lang='lat' dir='ltr'><strong>et</strong></span> <span class='ocrx_word' id='word_1_215' title='bbox 747 1950 879 1983; x_wconf 75' lang='lat' dir='ltr'><strong>Saturni</strong></span> <span class='ocrx_word' id='word_1_216' title='bbox 907 1953 1036 1995; x_wconf 80' lang='lat' dir='ltr'><strong>conjugi</strong></span> <span class='ocrx_word' id='word_1_217' title='bbox 1060 1954 1123 1984; x_wconf 89' lang='lat' dir='ltr'><strong>dno</strong></span> 
     </span>
     <span class='ocr_line' id='line_1_31' title="bbox 169 2009 1124 2055; baseline 0.007 -15"><span class='ocrx_word' id='word_1_218' title='bbox 169 2010 286 2054; x_wconf 86' lang='lat' dir='ltr'><strong>pariter</strong></span> <span class='ocrx_word' id='word_1_219' title='bbox 306 2010 489 2041; x_wconf 83' lang='lat' dir='ltr'><strong>tribuuntur</strong></span> <span class='ocrx_word' id='word_1_220' title='bbox 504 2009 641 2041; x_wconf 85' lang='lat' dir='ltr'><strong>nomina.</strong></span> <span class='ocrx_word' id='word_1_221' title='bbox 686 2011 807 2043; x_wconf 84' lang='lat' dir='ltr'><strong>Nerina</strong></span> <span class='ocrx_word' id='word_1_222' title='bbox 828 2013 942 2055; x_wconf 77' lang='lat' dir='ltr'><strong>igitur,</strong></span> <span class='ocrx_word' id='word_1_223' title='bbox 977 2014 1043 2046; x_wconf 80' lang='lat' dir='ltr'><strong>sive</strong></span> <span class='ocrx_word' id='word_1_224' title='bbox 1060 2015 1124 2046; x_wconf 88' lang='lat' dir='ltr'><strong>Ne-</strong></span> 
     </span>
     <span class='ocr_line' id='line_1_32' title="bbox 169 2072 1126 2120; baseline 0.005 -17"><span class='ocrx_word' id='word_1_225' title='bbox 169 2072 256 2103; x_wconf 86' lang='lat' dir='ltr'><strong>riene</strong></span> <span class='ocrx_word' id='word_1_226' title='bbox 284 2073 427 2104; x_wconf 83' lang='lat' dir='ltr'><strong>Minerva</strong></span> <span class='ocrx_word' id='word_1_227' title='bbox 454 2078 518 2111; x_wconf 80' lang='lat' dir='ltr'><strong>est,</strong></span> <span class='ocrx_word' id='word_1_228' title='bbox 545 2085 610 2103; x_wconf 93' lang='lat' dir='ltr'><strong>non</strong></span> <span class='ocrx_word' id='word_1_229' title='bbox 633 2073 786 2115; x_wconf 75' lang='lat' dir='ltr'><strong>Galatea,</strong></span> <span class='ocrx_word' id='word_1_230' title='bbox 829 2081 864 2106; x_wconf 90' lang='lat' dir='ltr'><strong>ut</strong></span> <span class='ocrx_word' id='word_1_231' title='bbox 892 2075 1037 2119; x_wconf 78' lang='lat' dir='ltr'><strong>Scaliger</strong></span> <span class='ocrx_word' id='word_1_232' title='bbox 1070 2076 1126 2120; x_wconf 89' lang='lat' dir='ltr'><strong>(ad</strong></span> 
     </span>
     <span class='ocr_line' id='line_1_33' title="bbox 170 2135 1127 2183; baseline 0.004 -16"><span class='ocrx_word' id='word_1_233' title='bbox 170 2135 272 2178; x_wconf 89' lang='lat' dir='ltr'><strong>Orph.</strong></span> <span class='ocrx_word' id='word_1_234' title='bbox 297 2148 326 2178; x_wconf 90' lang='lat' dir='ltr'><strong>p.</strong></span> <span class='ocrx_word' id='word_1_235' title='bbox 340 2136 423 2166; x_wconf 78' lang='lat'><strong>285.</strong></span> <span class='ocrx_word' id='word_1_236' title='bbox 446 2148 476 2166; x_wconf 91' lang='lat' dir='ltr'><strong>n.</strong></span> <span class='ocrx_word' id='word_1_237' title='bbox 493 2136 515 2166; x_wconf 90' lang='grc'><strong>8</strong></span> <span class='ocrx_word' id='word_1_238' title='bbox 534 2135 653 2179; x_wconf 80' lang='lat' dir='ltr'><strong>Gesn.)</strong></span> <span class='ocrx_word' id='word_1_239' title='bbox 682 2136 743 2168; x_wconf 86' lang='lat' dir='ltr'><strong>sibi</strong></span> <span class='ocrx_word' id='word_1_240' title='bbox 770 2145 993 2180; x_wconf 82' lang='lat' dir='ltr'><strong>persuaserat,</strong></span> <span class='ocrx_word' id='word_1_241' title='bbox 1022 2140 1127 2183; x_wconf 85' lang='lat' dir='ltr'><strong>quiet</strong></span> 
     </span>
     <span class='ocr_line' id='line_1_34' title="bbox 171 2195 1127 2241; baseline 0.004 -13"><span class='ocrx_word' id='word_1_242' title='bbox 171 2195 318 2229; x_wconf 82' lang='lat' dir='ltr'><strong>Nerienis</strong></span> <span class='ocrx_word' id='word_1_243' title='bbox 341 2196 528 2237; x_wconf 80' lang='lat' dir='ltr'><strong>cognomine</strong></span> <span class='ocrx_word' id='word_1_244' title='bbox 544 2196 681 2228; x_wconf 81' lang='lat' dir='ltr'><strong>Martem</strong></span> <span class='ocrx_word' id='word_1_245' title='bbox 705 2198 860 2241; x_wconf 86' lang='lat' dir='ltr'><strong>appellari</strong></span> <span class='ocrx_word' id='word_1_246' title='bbox 884 2200 1026 2231; x_wconf 80' lang='lat' dir='ltr'><strong>affirmat.</strong></span> <span class='ocrx_word' id='word_1_247' title='bbox 1059 2200 1127 2232; x_wconf 87' lang='lat' dir='ltr'><strong>Sed</strong></span> 
     </span>
     <span class='ocr_line' id='line_1_35' title="bbox 173 2258 1128 2304; baseline 0.006 -16"><span class='ocrx_word' id='word_1_248' title='bbox 173 2258 295 2289; x_wconf 81' lang='lat' dir='ltr'><strong>nullum</strong></span> <span class='ocrx_word' id='word_1_249' title='bbox 323 2258 413 2288; x_wconf 84' lang='lat' dir='ltr'><strong>affert</strong></span> <span class='ocrx_word' id='word_1_250' title='bbox 438 2263 617 2298; x_wconf 77' lang='lat' dir='ltr'><strong>auctorem,</strong></span> <span class='ocrx_word' id='word_1_251' title='bbox 658 2259 866 2304; x_wconf 82' lang='lat' dir='ltr'><strong>suspicorque</strong></span> <span class='ocrx_word' id='word_1_252' title='bbox 903 2262 986 2293; x_wconf 88' lang='lat' dir='ltr'><strong>hane</strong></span> <span class='ocrx_word' id='word_1_253' title='bbox 1010 2274 1128 2294; x_wconf 88' lang='lat' dir='ltr'><strong>meram</strong></span> 
     </span>
     <span class='ocr_line' id='line_1_36' title="bbox 175 2318 1129 2367; baseline 0.004 -16"><span class='ocrx_word' id='word_1_254' title='bbox 175 2331 246 2351; x_wconf 86' lang='lat' dir='ltr'><strong>esse</strong></span> <span class='ocrx_word' id='word_1_255' title='bbox 264 2318 322 2350; x_wconf 85' lang='lat' dir='ltr'><strong>viri</strong></span> <span class='ocrx_word' id='word_1_256' title='bbox 338 2318 423 2350; x_wconf 85' lang='lat' dir='ltr'><strong>docti</strong></span> <span class='ocrx_word' id='word_1_257' title='bbox 442 2318 659 2360; x_wconf 87' lang='lat' dir='ltr'><strong>conjecturam</strong></span> <span class='ocrx_word' id='word_1_258' title='bbox 676 2333 693 2352; x_wconf 87' lang='lat' dir='ltr'><strong>e</strong></span> <span class='ocrx_word' id='word_1_259' title='bbox 707 2320 815 2352; x_wconf 88' lang='lat' dir='ltr'><strong>Gellio</strong></span> <span class='ocrx_word' id='word_1_260' title='bbox 841 2326 873 2352; x_wconf 86' lang='lat' dir='ltr'><strong>et</strong></span> <span class='ocrx_word' id='word_1_261' title='bbox 882 2322 1041 2355; x_wconf 87' lang='lat' dir='ltr'><strong>Martiano</strong></span> <span class='ocrx_word' id='word_1_262' title='bbox 1058 2335 1129 2367; x_wconf 90' lang='lat' dir='ltr'><strong>per-</strong></span> 
     </span>
     <span class='ocr_line' id='line_1_37' title="bbox 175 2383 1129 2429; baseline 0.005 -13"><span class='ocrx_word' id='word_1_263' title='bbox 175 2396 283 2429; x_wconf 82' lang='lat' dir='ltr'><strong>peram</strong></span> <span class='ocrx_word' id='word_1_264' title='bbox 310 2383 480 2415; x_wconf 81' lang='lat' dir='ltr'><strong>intellectis</strong></span> <span class='ocrx_word' id='word_1_265' title='bbox 506 2390 636 2428; x_wconf 88' lang='lat' dir='ltr'><strong>captam.</strong></span> <span class='ocrx_word' id='word_1_266' title='bbox 688 2386 865 2418; x_wconf 84' lang='lat' dir='ltr'><strong>Minervam</strong></span> <span class='ocrx_word' id='word_1_267' title='bbox 896 2387 993 2428; x_wconf 86' lang='lat' dir='ltr'><strong>igitur</strong></span> <span class='ocrx_word' id='word_1_268' title='bbox 1022 2400 1129 2421; x_wconf 86' lang='lat' dir='ltr'><strong>amore</strong></span> 
     </span>
     <span class='ocr_line' id='line_1_38' title="bbox 176 2448 1128 2492; baseline 0.005 -13"><span class='ocrx_word' id='word_1_269' title='bbox 176 2453 364 2492; x_wconf 76' lang='lat' dir='ltr'><strong>prosecutus</strong></span> <span class='ocrx_word' id='word_1_270' title='bbox 380 2448 466 2479; x_wconf 84' lang='lat' dir='ltr'><strong>Mars</strong></span> <span class='ocrx_word' id='word_1_271' title='bbox 484 2453 567 2488; x_wconf 87' lang='lat' dir='ltr'><strong>erat,</strong></span> <span class='ocrx_word' id='word_1_272' title='bbox 596 2448 652 2479; x_wconf 90' lang='lat' dir='ltr'><strong>sed</strong></span> <span class='ocrx_word' id='word_1_273' title='bbox 673 2460 743 2480; x_wconf 91' lang='lat' dir='ltr'><strong>eam</strong></span> <span class='ocrx_word' id='word_1_274' title='bbox 759 2449 859 2492; x_wconf 81' lang='lat' dir='ltr'><strong>ipsam</strong></span> <span class='ocrx_word' id='word_1_275' title='bbox 877 2451 1046 2492; x_wconf 81' lang='lat' dir='ltr'><strong>conjugem</strong></span> <span class='ocrx_word' id='word_1_276' title='bbox 1063 2464 1128 2484; x_wconf 91' lang='lat' dir='ltr'><strong>non</strong></span> 
     </span>
     <span class='ocr_line' id='line_1_39' title="bbox 176 2509 1125 2554; baseline 0.004 -14"><span class='ocrx_word' id='word_1_277' title='bbox 176 2510 300 2550; x_wconf 87' lang='lat' dir='ltr'><strong>habuit,</strong></span> <span class='ocrx_word' id='word_1_278' title='bbox 326 2521 408 2553; x_wconf 86' lang='lat' dir='ltr'><strong>quae</strong></span> <span class='ocrx_word' id='word_1_279' title='bbox 428 2509 564 2541; x_wconf 81' lang='lat' dir='ltr'><strong>Bellona</strong></span> <span class='ocrx_word' id='word_1_280' title='bbox 587 2509 694 2553; x_wconf 82' lang='lat' dir='ltr'><strong>potius</strong></span> <span class='ocrx_word' id='word_1_281' title='bbox 717 2516 784 2541; x_wconf 84' lang='lat' dir='ltr'><strong>erat</strong></span> <span class='ocrx_word' id='word_1_282' title='bbox 800 2511 987 2554; x_wconf 72' lang='lat' dir='ltr'><strong>(Augustin.</strong></span> <span class='ocrx_word' id='word_1_283' title='bbox 1007 2512 1045 2544; x_wconf 91' lang='lat' dir='ltr'><strong>de</strong></span> <span class='ocrx_word' id='word_1_284' title='bbox 1068 2514 1125 2546; x_wconf 85' lang='lat' dir='ltr'><strong>civ.</strong></span> 
     </span>
    </p>
   </div>
   <div class='ocr_carea' id='block_1_10' title="bbox 179 2572 1124 2616">
    <p class='ocr_par' dir='ltr' id='par_1_10' title="bbox 179 2572 1124 2616">
     <span class='ocr_line' id='line_1_40' title="bbox 179 2572 1124 2616; baseline 0.006 -13"><span class='ocrx_word' id='word_1_285' title='bbox 179 2572 230 2603; x_wconf 79' lang='lat' dir='ltr'><strong>dei</strong></span> <span class='ocrx_word' id='word_1_286' title='bbox 245 2573 280 2613; x_wconf 81' lang='lat'><strong>6,</strong></span> <span class='ocrx_word' id='word_1_287' title='bbox 306 2572 376 2616; x_wconf 85' lang='lat'><strong>10).</strong></span> <span class='ocrx_word' id='word_1_288' title='bbox 403 2572 489 2613; x_wconf 81' lang='lat' dir='ltr'><strong>Sed,</strong></span> <span class='ocrx_word' id='word_1_289' title='bbox 520 2577 556 2604; x_wconf 87' lang='lat' dir='ltr'><strong>ut</strong></span> <span class='ocrx_word' id='word_1_290' title='bbox 568 2572 647 2605; x_wconf 87' lang='lat' dir='ltr'><strong>nihil</strong></span> <span class='ocrx_word' id='word_1_291' title='bbox 663 2572 696 2605; x_wconf 88' lang='lat' dir='ltr'><strong>in</strong></span> <span class='ocrx_word' id='word_1_292' title='bbox 713 2573 940 2606; x_wconf 81' lang='lat' dir='ltr'><strong>obscurissimo</strong></span> <span class='ocrx_word' id='word_1_293' title='bbox 965 2575 1026 2608; x_wconf 86' lang='lat' dir='ltr'><strong>hoc</strong></span> <span class='ocrx_word' id='word_1_294' title='bbox 1053 2576 1124 2609; x_wconf 91' lang='lat' dir='ltr'><strong>loeo</strong></span> 
     </span>
    </p>
   </div>
   <div class='ocr_carea' id='block_1_11' title="bbox 1167 513 2133 2494">
    <p class='ocr_par' dir='ltr' id='par_1_11' title="bbox 1167 513 2123 860">
     <span class='ocr_line' id='line_1_41' title="bbox 1168 513 2120 560; baseline 0.008 -17"><span class='ocrx_word' id='word_1_295' title='bbox 1168 518 1382 558; x_wconf 84' lang='lat' dir='ltr'><strong>praeteream,</strong></span> <span class='ocrx_word' id='word_1_296' title='bbox 1421 513 1454 544; x_wconf 90' lang='lat' dir='ltr'><strong>in</strong></span> <span class='ocrx_word' id='word_1_297' title='bbox 1476 513 1659 546; x_wconf 84' lang='lat' dir='ltr'><strong>Basileensi</strong></span> <span class='ocrx_word' id='word_1_298' title='bbox 1688 517 1797 550; x_wconf 86' lang='lat' dir='ltr'><strong>codiee</strong></span> <span class='ocrx_word' id='word_1_299' title='bbox 1826 518 1943 560; x_wconf 87' lang='lat' dir='ltr'><strong>legitur</strong></span> <span class='ocrx_word' id='word_1_300' title='bbox 1968 519 2120 551; x_wconf 57' lang='lat' dir='ltr'><strong>iver-ienis</strong></span> 
     </span>
     <span class='ocr_line' id='line_1_42' title="bbox 1167 575 2118 618; baseline 0.002 -11"><span class='ocrx_word' id='word_1_301' title='bbox 1167 576 1302 615; x_wconf 57' lang='lat' dir='ltr'><strong>Neviae,</strong></span> <span class='ocrx_word' id='word_1_302' title='bbox 1329 575 1435 607; x_wconf 82' lang='lat' dir='ltr'><strong>addita</strong></span> <span class='ocrx_word' id='word_1_303' title='bbox 1455 576 1578 618; x_wconf 79' lang='lat' dir='ltr'><strong>glossa:</strong></span> <span class='ocrx_word' id='word_1_304' title='bbox 1602 577 1685 608; x_wconf 78' lang='lat' dir='ltr'><strong>»filia</strong></span> <span class='ocrx_word' id='word_1_305' title='bbox 1695 577 1837 612; x_wconf 83' lang='lat' dir='ltr'><strong>Neriae.«</strong></span> <span class='ocrx_word' id='word_1_306' title='bbox 1871 582 2005 612; x_wconf 66' lang='lat' dir='ltr'><strong>Tem-ere</strong></span> <span class='ocrx_word' id='word_1_307' title='bbox 2023 581 2118 612; x_wconf 78' lang='lat' dir='ltr'><strong>etiam</strong></span> 
     </span>
     <span class='ocr_line' id='line_1_43' title="bbox 1169 638 2121 685; baseline 0.004 -15"><span class='ocrx_word' id='word_1_308' title='bbox 1169 638 1374 670; x_wconf 86' lang='lat' dir='ltr'><strong>Burmannus</strong></span> <span class='ocrx_word' id='word_1_309' title='bbox 1391 638 1440 683; x_wconf 88' lang='lat' dir='ltr'><strong>(in</strong></span> <span class='ocrx_word' id='word_1_310' title='bbox 1456 638 1697 681; x_wconf 80' lang='lat' dir='ltr'><strong>antholog.Lat.</strong></span> <span class='ocrx_word' id='word_1_311' title='bbox 1709 639 1735 672; x_wconf 88' lang='lat' dir='ltr'><strong>I.</strong></span> <span class='ocrx_word' id='word_1_312' title='bbox 1752 653 1783 684; x_wconf 88' lang='lat' dir='ltr'><strong>p.</strong></span> <span class='ocrx_word' id='word_1_313' title='bbox 1795 642 1841 672; x_wconf 80' lang='lat'><strong>57</strong></span> <span class='ocrx_word' id='word_1_314' title='bbox 1858 642 1941 685; x_wconf 85' lang='lat' dir='ltr'><strong>not.)</strong></span> <span class='ocrx_word' id='word_1_315' title='bbox 1963 648 2121 674; x_wconf 88' lang='lat' dir='ltr'><strong>correctu-</strong></span> 
     </span>
     <span class='ocr_line' id='line_1_44' title="bbox 1169 700 2122 745; baseline 0.004 -13"><span class='ocrx_word' id='word_1_316' title='bbox 1169 712 1224 732; x_wconf 84' lang='lat' dir='ltr'><strong>rus</strong></span> <span class='ocrx_word' id='word_1_317' title='bbox 1247 706 1314 732; x_wconf 84' lang='lat' dir='ltr'><strong>erat</strong></span> <span class='ocrx_word' id='word_1_318' title='bbox 1332 700 1532 745; x_wconf 82' lang='lat' dir='ltr'><strong>Stephanum</strong></span> <span class='ocrx_word' id='word_1_319' title='bbox 1547 707 1579 733; x_wconf 89' lang='lat' dir='ltr'><strong>et</strong></span> <span class='ocrx_word' id='word_1_320' title='bbox 1594 707 1735 734; x_wconf 87' lang='lat' dir='ltr'><strong>veterem</strong></span> <span class='ocrx_word' id='word_1_321' title='bbox 1751 702 1921 735; x_wconf 84' lang='lat' dir='ltr'><strong>editionem</strong></span> <span class='ocrx_word' id='word_1_322' title='bbox 1934 704 2122 745; x_wconf 84' lang='lat' dir='ltr'><strong>Romanam,</strong></span> 
     </span>
     <span class='ocr_line' id='line_1_45' title="bbox 1171 765 2123 811; baseline 0.003 -15"><span class='ocrx_word' id='word_1_323' title='bbox 1171 776 1251 808; x_wconf 86' lang='lat' dir='ltr'><strong>quae</strong></span> <span class='ocrx_word' id='word_1_324' title='bbox 1274 765 1307 796; x_wconf 90' lang='lat' dir='ltr'><strong>in</strong></span> <span class='ocrx_word' id='word_1_325' title='bbox 1330 765 1554 808; x_wconf 85' lang='lat' dir='ltr'><strong>epigrammate</strong></span> <span class='ocrx_word' id='word_1_326' title='bbox 1572 765 1719 811; x_wconf 85' lang='lat' dir='ltr'><strong>copulam</strong></span> <span class='ocrx_word' id='word_1_327' title='bbox 1734 772 1766 798; x_wconf 81' lang='lat' dir='ltr'><strong>et</strong></span> <span class='ocrx_word' id='word_1_328' title='bbox 1780 766 1865 798; x_wconf 87' lang='lat' dir='ltr'><strong>inter</strong></span> <span class='ocrx_word' id='word_1_329' title='bbox 1879 767 2006 800; x_wconf 87' lang='lat' dir='ltr'><strong>nomina</strong></span> <span class='ocrx_word' id='word_1_330' title='bbox 2013 768 2123 801; x_wconf 84' lang='lat' dir='ltr'><strong>Nerie-</strong></span> 
     </span>
     <span class='ocr_line' id='line_1_46' title="bbox 1171 827 1612 860; baseline 0.002 -1"><span class='ocrx_word' id='word_1_331' title='bbox 1171 839 1228 859; x_wconf 89' lang='lat' dir='ltr'><strong>nes</strong></span> <span class='ocrx_word' id='word_1_332' title='bbox 1253 839 1289 859; x_wconf 92' lang='lat' dir='ltr'><strong>ac</strong></span> <span class='ocrx_word' id='word_1_333' title='bbox 1311 827 1473 860; x_wconf 83' lang='lat' dir='ltr'><strong>Minervae</strong></span> <span class='ocrx_word' id='word_1_334' title='bbox 1497 827 1612 860; x_wconf 85' lang='lat' dir='ltr'><strong>omisit.</strong></span> 
     </span>
    </p>

    <p class='ocr_par' dir='ltr' id='par_1_12' title="bbox 1170 888 2133 2494">
     <span class='ocr_line' id='line_1_47' title="bbox 1248 888 2125 934; baseline 0 -12"><span class='ocrx_word' id='word_1_335' title='bbox 1248 890 1318 934; x_wconf 85' lang='lat' dir='ltr'><strong>Ope</strong></span> <span class='ocrx_word' id='word_1_336' title='bbox 1338 888 1488 934; x_wconf 60' lang='lat' dir='ltr'><strong>conjuga]</strong></span> <span class='ocrx_word' id='word_1_337' title='bbox 1524 891 1612 932; x_wconf 79' lang='lat' dir='ltr'><strong>Lege</strong></span> <span class='ocrx_word' id='word_1_338' title='bbox 1637 895 1670 922; x_wconf 92' lang='lat' dir='ltr'><strong>et</strong></span> <span class='ocrx_word' id='word_1_339' title='bbox 1698 889 1873 933; x_wconf 79' lang='lat' dir='ltr'><strong>distingue:</strong></span> <span class='ocrx_word' id='word_1_340' title='bbox 1913 888 2125 934; x_wconf 75' lang='lat' dir='ltr'><strong>»Aesculapio</strong></span> 
     </span>
     <span class='ocr_line' id='line_1_48' title="bbox 1172 953 2127 998; baseline 0.001 -14"><span class='ocrx_word' id='word_1_341' title='bbox 1172 965 1300 998; x_wconf 83' lang='lat' dir='ltr'><strong>quoqne</strong></span> <span class='ocrx_word' id='word_1_342' title='bbox 1325 965 1391 985; x_wconf 89' lang='lat' dir='ltr'><strong>non</strong></span> <span class='ocrx_word' id='word_1_343' title='bbox 1420 954 1528 998; x_wconf 86' lang='lat' dir='ltr'><strong>dispar</strong></span> <span class='ocrx_word' id='word_1_344' title='bbox 1550 954 1694 995; x_wconf 81' lang='lat' dir='ltr'><strong>affectio,</strong></span> <span class='ocrx_word' id='word_1_345' title='bbox 1733 954 1890 998; x_wconf 85' lang='lat' dir='ltr'><strong>similique</strong></span> <span class='ocrx_word' id='word_1_346' title='bbox 1919 953 2127 998; x_wconf 82' lang='lat' dir='ltr'><strong>persuasione</strong></span> 
     </span>
     <span class='ocr_line' id='line_1_49' title="bbox 1172 1015 2128 1061; baseline 0.002 -15"><span class='ocrx_word' id='word_1_347' title='bbox 1172 1016 1343 1048; x_wconf 86' lang='lat' dir='ltr'><strong>transduci.</strong></span> <span class='ocrx_word' id='word_1_348' title='bbox 1371 1015 1444 1060; x_wconf 89' lang='lat' dir='ltr'><strong>Ope</strong></span> <span class='ocrx_word' id='word_1_349' title='bbox 1466 1016 1602 1058; x_wconf 81' lang='lat' dir='ltr'><strong>conjuga</strong></span> <span class='ocrx_word' id='word_1_350' title='bbox 1624 1016 1812 1061; x_wconf 75' lang='lat' dir='ltr'><strong>Cybeleque</strong></span> <span class='ocrx_word' id='word_1_351' title='bbox 1829 1017 2025 1061; x_wconf 89' lang='lat' dir='ltr'><strong>permulsum</strong></span> <span class='ocrx_word' id='word_1_352' title='bbox 2042 1027 2128 1048; x_wconf 85' lang='lat' dir='ltr'><strong>moe-</strong></span> 
     </span>
     <span class='ocr_line' id='line_1_50' title="bbox 1173 1067 2127 1123; baseline 0.002 -15"><span class='ocrx_word' id='word_1_353' title='bbox 1173 1078 1346 1109; x_wconf 84' lang='lat' dir='ltr'><strong>stissimum</strong></span> <span class='ocrx_word' id='word_1_354' title='bbox 1369 1077 1527 1109; x_wconf 85' lang='lat' dir='ltr'><strong>seniorem</strong></span> <span class='ocrx_word' id='word_1_355' title='bbox 1543 1078 1702 1111; x_wconf 78' lang='lat' dir='ltr'><strong>deorum.‹=</strong></span> <span class='ocrx_word' id='word_1_356' title='bbox 1734 1078 1923 1123; x_wconf 84' lang='lat' dir='ltr'><strong>Aesculapii</strong></span> <span class='ocrx_word' id='word_1_357' title='bbox 1938 1067 2020 1110; x_wconf 80' lang='lat' dir='ltr'><strong>uxor</strong></span> <span class='ocrx_word' id='word_1_358' title='bbox 2033 1078 2127 1110; x_wconf 85' lang='lat' dir='ltr'><strong>Lam-</strong></span> 
     </span>
     <span class='ocr_line' id='line_1_51' title="bbox 1171 1139 2130 1184; baseline 0 -14"><span class='ocrx_word' id='word_1_359' title='bbox 1171 1139 1274 1184; x_wconf 88' lang='lat' dir='ltr'><strong>petie,</strong></span> <span class='ocrx_word' id='word_1_360' title='bbox 1305 1144 1341 1170; x_wconf 90' lang='lat' dir='ltr'><strong>ut</strong></span> <span class='ocrx_word' id='word_1_361' title='bbox 1359 1139 1557 1183; x_wconf 87' lang='lat' dir='ltr'><strong>Hermippus</strong></span> <span class='ocrx_word' id='word_1_362' title='bbox 1578 1145 1730 1180; x_wconf 87' lang='lat' dir='ltr'><strong>testatur,</strong></span> <span class='ocrx_word' id='word_1_363' title='bbox 1759 1152 1855 1184; x_wconf 90' lang='lat' dir='ltr'><strong>quem</strong></span> <span class='ocrx_word' id='word_1_364' title='bbox 1876 1146 2037 1172; x_wconf 88' lang='lat' dir='ltr'><strong>auctorem</strong></span> <span class='ocrx_word' id='word_1_365' title='bbox 2053 1139 2130 1171; x_wconf 85' lang='lat' dir='ltr'><strong>citat</strong></span> 
     </span>
     <span class='ocr_line' id='line_1_52' title="bbox 1171 1200 2129 1248; baseline -0.001 -16"><span class='ocrx_word' id='word_1_366' title='bbox 1171 1213 1401 1245; x_wconf 88' lang='lat' dir='ltr'><strong>nonnunquam</strong></span> <span class='ocrx_word' id='word_1_367' title='bbox 1416 1200 1591 1232; x_wconf 84' lang='lat' dir='ltr'><strong>Arnobius.</strong></span> <span class='ocrx_word' id='word_1_368' title='bbox 1619 1200 1758 1245; x_wconf 82' lang='lat' dir='ltr'><strong>Scripsit</strong></span> <span class='ocrx_word' id='word_1_369' title='bbox 1774 1200 1988 1248; x_wconf 77' lang='grc' dir='ltr'><em>τρίμεότρα.</em></span> <span class='ocrx_word' id='word_1_370' title='bbox 2003 1201 2129 1233; x_wconf 84' lang='lat' dir='ltr'><strong>Vocem</strong></span> 
     </span>
     <span class='ocr_line' id='line_1_53' title="bbox 1172 1262 2129 1306; baseline -0.002 -11"><span class='ocrx_word' id='word_1_371' title='bbox 1172 1263 1258 1295; x_wconf 81' lang='lat' dir='ltr'><strong>illam</strong></span> <span class='ocrx_word' id='word_1_372' title='bbox 1281 1264 1452 1306; x_wconf 63' lang='lat' dir='ltr'><strong>»conjuga«</strong></span> <span class='ocrx_word' id='word_1_373' title='bbox 1477 1262 1562 1306; x_wconf 82' lang='lat' dir='ltr'><strong>apud</strong></span> <span class='ocrx_word' id='word_1_374' title='bbox 1576 1262 1822 1295; x_wconf 84' lang='lat' dir='ltr'><strong>Madaurensem</strong></span> <span class='ocrx_word' id='word_1_375' title='bbox 1838 1263 1992 1294; x_wconf 71' lang='lat' dir='ltr'><strong>invenias.</strong></span> <span class='ocrx_word' id='word_1_376' title='bbox 2024 1262 2129 1304; x_wconf 59' lang='lat' dir='ltr'><strong>Cyhe-</strong></span> 
     </span>
     <span class='ocr_line' id='line_1_54' title="bbox 1172 1324 2131 1368; baseline -0.002 -12"><span class='ocrx_word' id='word_1_377' title='bbox 1172 1326 1226 1356; x_wconf 89' lang='lat' dir='ltr'><strong>len</strong></span> <span class='ocrx_word' id='word_1_378' title='bbox 1249 1329 1282 1356; x_wconf 84' lang='lat' dir='ltr'><strong>et</strong></span> <span class='ocrx_word' id='word_1_379' title='bbox 1307 1324 1414 1368; x_wconf 87' lang='lat' dir='ltr'><strong>Opem</strong></span> <span class='ocrx_word' id='word_1_380' title='bbox 1441 1324 1576 1356; x_wconf 90' lang='lat' dir='ltr'><strong>eandem</strong></span> <span class='ocrx_word' id='word_1_381' title='bbox 1600 1336 1671 1355; x_wconf 90' lang='lat' dir='ltr'><strong>esse</strong></span> <span class='ocrx_word' id='word_1_382' title='bbox 1696 1325 1768 1368; x_wconf 90' lang='lat' dir='ltr'><strong>quis</strong></span> <span class='ocrx_word' id='word_1_383' title='bbox 1790 1325 1938 1365; x_wconf 74' lang='lat' dir='ltr'><strong>ignorat?</strong></span> <span class='ocrx_word' id='word_1_384' title='bbox 1978 1324 2131 1355; x_wconf 87' lang='lat' dir='ltr'><strong>Ceterum</strong></span> 
     </span>
     <span class='ocr_line' id='line_1_55' title="bbox 1173 1387 2132 1430; baseline 0 -11"><span class='ocrx_word' id='word_1_385' title='bbox 1173 1389 1404 1420; x_wconf 84' lang='lat' dir='ltr'><strong>animadvertas</strong></span> <span class='ocrx_word' id='word_1_386' title='bbox 1434 1394 1466 1418; x_wconf 89' lang='lat' dir='ltr'><strong>et</strong></span> <span class='ocrx_word' id='word_1_387' title='bbox 1496 1388 1546 1419; x_wconf 90' lang='lat' dir='ltr'><strong>hic</strong></span> <span class='ocrx_word' id='word_1_388' title='bbox 1575 1392 1608 1419; x_wconf 84' lang='lat' dir='ltr'><strong>et</strong></span> <span class='ocrx_word' id='word_1_389' title='bbox 1642 1387 1717 1418; x_wconf 88' lang='lat' dir='ltr'><strong>alibi</strong></span> <span class='ocrx_word' id='word_1_390' title='bbox 1746 1387 1874 1430; x_wconf 87' lang='lat' dir='ltr'><strong>saepius</strong></span> <span class='ocrx_word' id='word_1_391' title='bbox 1905 1398 2037 1419; x_wconf 85' lang='lat' dir='ltr'><strong>sensum</strong></span> <span class='ocrx_word' id='word_1_392' title='bbox 2066 1398 2132 1419; x_wconf 89' lang='lat' dir='ltr'><strong>non</strong></span> 
     </span>
     <span class='ocr_line' id='line_1_56' title="bbox 1172 1450 2129 1491; baseline -0.002 -9"><span class='ocrx_word' id='word_1_393' title='bbox 1172 1452 1249 1483; x_wconf 86' lang='lat' dir='ltr'><strong>satis</strong></span> <span class='ocrx_word' id='word_1_394' title='bbox 1266 1453 1446 1483; x_wconf 86' lang='lat' dir='ltr'><strong>cohaerere.</strong></span> <span class='ocrx_word' id='word_1_395' title='bbox 1488 1450 1558 1482; x_wconf 86' lang='lat' dir='ltr'><strong>Sed</strong></span> <span class='ocrx_word' id='word_1_396' title='bbox 1573 1462 1633 1481; x_wconf 88' lang='lat' dir='ltr'><strong>nec</strong></span> <span class='ocrx_word' id='word_1_397' title='bbox 1650 1450 1728 1481; x_wconf 88' lang='lat' dir='ltr'><strong>illud</strong></span> <span class='ocrx_word' id='word_1_398' title='bbox 1743 1450 1952 1491; x_wconf 86' lang='lat' dir='ltr'><strong>reticendum,</strong></span> <span class='ocrx_word' id='word_1_399' title='bbox 1976 1455 2008 1482; x_wconf 87' lang='lat' dir='ltr'><strong>et</strong></span> <span class='ocrx_word' id='word_1_400' title='bbox 2022 1451 2129 1482; x_wconf 85' lang='lat' dir='ltr'><strong>Meur-</strong></span> 
     </span>
     <span class='ocr_line' id='line_1_57' title="bbox 1171 1512 2130 1554; baseline -0.001 -9"><span class='ocrx_word' id='word_1_401' title='bbox 1171 1515 1218 1546; x_wconf 91' lang='lat' dir='ltr'><strong>sio</strong></span> <span class='ocrx_word' id='word_1_402' title='bbox 1250 1526 1340 1554; x_wconf 87' lang='lat' dir='ltr'><strong>meo,</strong></span> <span class='ocrx_word' id='word_1_403' title='bbox 1377 1519 1410 1545; x_wconf 87' lang='lat' dir='ltr'><strong>et</strong></span> <span class='ocrx_word' id='word_1_404' title='bbox 1436 1513 1512 1544; x_wconf 88' lang='lat' dir='ltr'><strong>mihi</strong></span> <span class='ocrx_word' id='word_1_405' title='bbox 1536 1514 1570 1544; x_wconf 90' lang='lat' dir='ltr'><strong>in</strong></span> <span class='ocrx_word' id='word_1_406' title='bbox 1593 1519 1732 1544; x_wconf 89' lang='lat' dir='ltr'><strong>mentem</strong></span> <span class='ocrx_word' id='word_1_407' title='bbox 1755 1513 1900 1552; x_wconf 84' lang='lat' dir='ltr'><strong>venisse,</strong></span> <span class='ocrx_word' id='word_1_408' title='bbox 1932 1512 2130 1544; x_wconf 73' lang='lat' dir='ltr'><strong>commodius</strong></span> 
     </span>
     <span class='ocr_line' id='line_1_58' title="bbox 1170 1572 2124 1617; baseline -0.003 -12"><span class='ocrx_word' id='word_1_409' title='bbox 1170 1576 1221 1606; x_wconf 85' lang='lat' dir='ltr'><strong>hie</strong></span> <span class='ocrx_word' id='word_1_410' title='bbox 1236 1575 1344 1605; x_wconf 78' lang='lat' dir='ltr'><strong>forsan</strong></span> <span class='ocrx_word' id='word_1_411' title='bbox 1359 1573 1423 1614; x_wconf 84' lang='lat' dir='ltr'><strong>legi</strong></span> <span class='ocrx_word' id='word_1_412' title='bbox 1438 1585 1535 1617; x_wconf 83' lang='lat' dir='ltr'><strong>posse</strong></span> <span class='ocrx_word' id='word_1_413' title='bbox 1571 1572 1662 1617; x_wconf 87' lang='lat' dir='ltr'><strong>»Ope</strong></span> <span class='ocrx_word' id='word_1_414' title='bbox 1679 1573 1826 1605; x_wconf 77' lang='lat' dir='ltr'><strong>consiva«</strong></span> <span class='ocrx_word' id='word_1_415' title='bbox 1851 1574 1902 1605; x_wconf 75' lang='lat' dir='ltr'><strong>vel</strong></span> <span class='ocrx_word' id='word_1_416' title='bbox 1925 1573 2124 1605; x_wconf 59' lang='lat' dir='ltr'><strong>»Consivian</strong></span> 
     </span>
     <span class='ocr_line' id='line_1_59' title="bbox 1170 1635 2130 1675; baseline -0.001 -8"><span class='ocrx_word' id='word_1_417' title='bbox 1170 1636 1255 1668; x_wconf 76' lang='lat' dir='ltr'><strong>Vide</strong></span> <span class='ocrx_word' id='word_1_418' title='bbox 1283 1635 1311 1666; x_wconf 87' lang='lat' dir='ltr'><strong>si</strong></span> <span class='ocrx_word' id='word_1_419' title='bbox 1335 1635 1424 1666; x_wconf 87' lang='lat' dir='ltr'><strong>lubet</strong></span> <span class='ocrx_word' id='word_1_420' title='bbox 1439 1635 1636 1675; x_wconf 78' lang='lat' dir='ltr'><strong>Varronem,</strong></span> <span class='ocrx_word' id='word_1_421' title='bbox 1664 1635 1814 1675; x_wconf 80' lang='lat' dir='ltr'><strong>Festum,</strong></span> <span class='ocrx_word' id='word_1_422' title='bbox 1845 1635 2061 1667; x_wconf 77' lang='lat' dir='ltr'><strong>Maerobium:</strong></span> <span class='ocrx_word' id='word_1_423' title='bbox 2086 1635 2130 1666; x_wconf 79' lang='lat' dir='ltr'><strong>fe-</strong></span> 
     </span>
     <span class='ocr_line' id='line_1_60' title="bbox 1172 1698 2124 1741; baseline 0 -11"><span class='ocrx_word' id='word_1_424' title='bbox 1172 1705 1293 1730; x_wconf 86' lang='lat' dir='ltr'><strong>storum</strong></span> <span class='ocrx_word' id='word_1_425' title='bbox 1315 1698 1594 1741; x_wconf 80' lang='lat' dir='ltr'><strong>Opeconsivorum</strong></span> <span class='ocrx_word' id='word_1_426' title='bbox 1614 1699 1733 1729; x_wconf 87' lang='lat' dir='ltr'><strong>mentio</strong></span> <span class='ocrx_word' id='word_1_427' title='bbox 1756 1698 1789 1729; x_wconf 87' lang='lat' dir='ltr'><strong>iu</strong></span> <span class='ocrx_word' id='word_1_428' title='bbox 1812 1698 1993 1730; x_wconf 86' lang='lat' dir='ltr'><strong>calendario</strong></span> <span class='ocrx_word' id='word_1_429' title='bbox 2015 1698 2124 1730; x_wconf 85' lang='lat' dir='ltr'><strong>veteri.</strong></span> 
     </span>
     <span class='ocr_line' id='line_1_61' title="bbox 1173 1761 2131 1805; baseline 0.001 -12"><span class='ocrx_word' id='word_1_430' title='bbox 1173 1762 1276 1794; x_wconf 69' lang='lat' dir='ltr'><strong>Gnor.</strong></span> <span class='ocrx_word' id='word_1_431' title='bbox 1289 1780 1340 1785; x_wconf 96' lang='lat'><strong>—</strong></span> <span class='ocrx_word' id='word_1_432' title='bbox 1363 1761 1436 1802; x_wconf 82' lang='lat' dir='ltr'><strong>Ego</strong></span> <span class='ocrx_word' id='word_1_433' title='bbox 1456 1761 1534 1792; x_wconf 83' lang='lat' dir='ltr'><strong>nihil</strong></span> <span class='ocrx_word' id='word_1_434' title='bbox 1556 1766 1683 1804; x_wconf 83' lang='lat' dir='ltr'><strong>praeter</strong></span> <span class='ocrx_word' id='word_1_435' title='bbox 1704 1761 1953 1805; x_wconf 84' lang='lat' dir='ltr'><strong>interpungendi</strong></span> <span class='ocrx_word' id='word_1_436' title='bbox 1975 1762 2131 1794; x_wconf 87' lang='lat' dir='ltr'><strong>rationem</strong></span> 
     </span>
     <span class='ocr_line' id='line_1_62' title="bbox 1173 1821 2131 1869; baseline 0.002 -14"><span class='ocrx_word' id='word_1_437' title='bbox 1173 1830 1295 1856; x_wconf 84' lang='lat' dir='ltr'><strong>mutare</strong></span> <span class='ocrx_word' id='word_1_438' title='bbox 1333 1824 1443 1855; x_wconf 88' lang='lat' dir='ltr'><strong>ausim.</strong></span> <span class='ocrx_word' id='word_1_439' title='bbox 1494 1824 1648 1855; x_wconf 86' lang='lat' dir='ltr'><strong>Ceterum</strong></span> <span class='ocrx_word' id='word_1_440' title='bbox 1686 1821 1963 1859; x_wconf 68' lang='grc' dir='ltr'><strong>ἀνακόλουθον</strong></span> <span class='ocrx_word' id='word_1_441' title='bbox 1988 1825 2131 1869; x_wconf 66' lang='lat' dir='ltr'><strong>Hygino,</strong></span> 
     </span>
     <span class='ocr_line' id='line_1_63' title="bbox 1173 1887 2131 1930; baseline 0 -10"><span class='ocrx_word' id='word_1_442' title='bbox 1173 1888 1363 1930; x_wconf 68' lang='lat' dir='ltr'><strong>fulgentio,</strong></span> <span class='ocrx_word' id='word_1_443' title='bbox 1388 1893 1421 1919; x_wconf 90' lang='lat' dir='ltr'><strong>et</strong></span> <span class='ocrx_word' id='word_1_444' title='bbox 1440 1893 1553 1919; x_wconf 89' lang='lat' dir='ltr'><strong>nostro</strong></span> <span class='ocrx_word' id='word_1_445' title='bbox 1575 1888 1667 1919; x_wconf 89' lang='lat' dir='ltr'><strong>etiam</strong></span> <span class='ocrx_word' id='word_1_446' title='bbox 1683 1887 1842 1919; x_wconf 83' lang='lat' dir='ltr'><strong>Martiano</strong></span> <span class='ocrx_word' id='word_1_447' title='bbox 1863 1888 2013 1919; x_wconf 82' lang='lat' dir='ltr'><strong>familiare</strong></span> <span class='ocrx_word' id='word_1_448' title='bbox 2035 1889 2131 1920; x_wconf 89' lang='lat' dir='ltr'><strong>nemi-</strong></span> 
     </span>
     <span class='ocr_line' id='line_1_64' title="bbox 1175 1949 2132 1984; baseline -0.001 -1"><span class='ocrx_word' id='word_1_449' title='bbox 1175 1964 1248 1983; x_wconf 89' lang='lat' dir='ltr'><strong>nem</strong></span> <span class='ocrx_word' id='word_1_450' title='bbox 1272 1950 1454 1982; x_wconf 85' lang='lat' dir='ltr'><strong>morahitur.</strong></span> <span class='ocrx_word' id='word_1_451' title='bbox 1480 1950 1582 1983; x_wconf 72' lang='lat' dir='ltr'><strong>Gom.</strong></span> <span class='ocrx_word' id='word_1_452' title='bbox 1607 1969 1657 1975; x_wconf 93' lang='lat'><strong>-——</strong></span> <span class='ocrx_word' id='word_1_453' title='bbox 1683 1949 1825 1982; x_wconf 87' lang='lat' dir='ltr'><strong>Omnino</strong></span> <span class='ocrx_word' id='word_1_454' title='bbox 1851 1952 2005 1983; x_wconf 85' lang='lat' dir='ltr'><strong>servanda</strong></span> <span class='ocrx_word' id='word_1_455' title='bbox 2023 1950 2132 1984; x_wconf 83' lang='lat' dir='ltr'><strong>Marti-</strong></span> 
     </span>
     <span class='ocr_line' id='line_1_65' title="bbox 1177 2013 2131 2058; baseline -0.001 -12"><span class='ocrx_word' id='word_1_456' title='bbox 1177 2015 1229 2047; x_wconf 91' lang='lat' dir='ltr'><strong>ani</strong></span> <span class='ocrx_word' id='word_1_457' title='bbox 1248 2014 1345 2046; x_wconf 83' lang='lat' dir='ltr'><strong>verba</strong></span> <span class='ocrx_word' id='word_1_458' title='bbox 1367 2019 1474 2046; x_wconf 82' lang='lat' dir='ltr'><strong>erant:</strong></span> <span class='ocrx_word' id='word_1_459' title='bbox 1495 2014 1640 2058; x_wconf 71' lang='lat' dir='ltr'><strong>quamvis</strong></span> <span class='ocrx_word' id='word_1_460' title='bbox 1661 2014 1746 2045; x_wconf 92' lang='lat' dir='ltr'><strong>enim</strong></span> <span class='ocrx_word' id='word_1_461' title='bbox 1768 2013 1839 2058; x_wconf 89' lang='lat' dir='ltr'><strong>Ops</strong></span> <span class='ocrx_word' id='word_1_462' title='bbox 1855 2015 2008 2047; x_wconf 85' lang='lat' dir='ltr'><strong>Consivia</strong></span> <span class='ocrx_word' id='word_1_463' title='bbox 2026 2014 2131 2058; x_wconf 83' lang='lat' dir='ltr'><strong>appel-</strong></span> 
     </span>
     <span class='ocr_line' id='line_1_66' title="bbox 1176 2077 2131 2120; baseline -0.003 -10"><span class='ocrx_word' id='word_1_464' title='bbox 1176 2078 1298 2110; x_wconf 85' lang='lat' dir='ltr'><strong>laretur</strong></span> <span class='ocrx_word' id='word_1_465' title='bbox 1318 2077 1417 2109; x_wconf 75' lang='lat' dir='ltr'><strong>veluti</strong></span> <span class='ocrx_word' id='word_1_466' title='bbox 1438 2077 1544 2108; x_wconf 84' lang='lat' dir='ltr'><strong>Janus</strong></span> <span class='ocrx_word' id='word_1_467' title='bbox 1568 2077 1761 2117; x_wconf 74' lang='lat' dir='ltr'><strong>Consiviu33</strong></span> <span class='ocrx_word' id='word_1_468' title='bbox 1787 2077 1862 2109; x_wconf 91' lang='lat' dir='ltr'><strong>inde</strong></span> <span class='ocrx_word' id='word_1_469' title='bbox 1880 2078 2063 2120; x_wconf 83' lang='lat' dir='ltr'><strong>neutiquam</strong></span> <span class='ocrx_word' id='word_1_470' title='bbox 2084 2088 2131 2107; x_wconf 78' lang='lat' dir='ltr'><strong>se-</strong></span> 
     </span>
     <span class='ocr_line' id='line_1_67' title="bbox 1178 2139 2132 2186; baseline -0.001 -14"><span class='ocrx_word' id='word_1_471' title='bbox 1178 2142 1287 2186; x_wconf 88' lang='lat' dir='ltr'><strong>quitur</strong></span> <span class='ocrx_word' id='word_1_472' title='bbox 1300 2140 1493 2172; x_wconf 71' lang='lat' dir='ltr'><strong>Martialium</strong></span> <span class='ocrx_word' id='word_1_473' title='bbox 1509 2140 1606 2171; x_wconf 89' lang='lat' dir='ltr'><strong>hoece</strong></span> <span class='ocrx_word' id='word_1_474' title='bbox 1623 2152 1800 2182; x_wconf 78' lang='lat' dir='ltr'><strong>cognomen</strong></span> <span class='ocrx_word' id='word_1_475' title='bbox 1819 2139 1994 2182; x_wconf 84' lang='lat' dir='ltr'><strong>scripsisse.</strong></span> <span class='ocrx_word' id='word_1_476' title='bbox 2019 2139 2132 2183; x_wconf 82' lang='lat' dir='ltr'><strong>Neque</strong></span> 
     </span>
     <span class='ocr_line' id='line_1_68' title="bbox 1178 2200 2133 2245; baseline -0.001 -12"><span class='ocrx_word' id='word_1_477' title='bbox 1178 2201 1391 2245; x_wconf 87' lang='lat' dir='ltr'><strong>interpunctio</strong></span> <span class='ocrx_word' id='word_1_478' title='bbox 1408 2201 1558 2232; x_wconf 87' lang='lat' dir='ltr'><strong>mutanda</strong></span> <span class='ocrx_word' id='word_1_479' title='bbox 1573 2206 1650 2241; x_wconf 85' lang='lat' dir='ltr'><strong>erat,</strong></span> <span class='ocrx_word' id='word_1_480' title='bbox 1670 2206 1707 2232; x_wconf 84' lang='lat' dir='ltr'><strong>ut</strong></span> <span class='ocrx_word' id='word_1_481' title='bbox 1721 2211 1795 2231; x_wconf 78' lang='lat' dir='ltr'><strong>mox</strong></span> <span class='ocrx_word' id='word_1_482' title='bbox 1812 2200 1979 2231; x_wconf 63' lang='lat' dir='ltr'><strong>videbitur.</strong></span> <span class='ocrx_word' id='word_1_483' title='bbox 2014 2201 2133 2244; x_wconf 72' lang='lat' dir='ltr'><strong>»Opem</strong></span> 
     </span>
     <span class='ocr_line' id='line_1_69' title="bbox 1179 2260 2132 2308; baseline -0.002 -13"><span class='ocrx_word' id='word_1_484' title='bbox 1179 2262 1393 2308; x_wconf 81' lang='lat' dir='ltr'><strong>appellamus«</strong></span> <span class='ocrx_word' id='word_1_485' title='bbox 1423 2268 1497 2293; x_wconf 90' lang='lat' dir='ltr'><strong>sunt</strong></span> <span class='ocrx_word' id='word_1_486' title='bbox 1519 2262 1612 2294; x_wconf 77' lang='lat' dir='ltr'><strong>verba</strong></span> <span class='ocrx_word' id='word_1_487' title='bbox 1626 2261 1781 2293; x_wconf 85' lang='lat' dir='ltr'><strong>Macrobii</strong></span> <span class='ocrx_word' id='word_1_488' title='bbox 1801 2261 1851 2305; x_wconf 90' lang='lat' dir='ltr'><strong>(in</strong></span> <span class='ocrx_word' id='word_1_489' title='bbox 1866 2260 1994 2294; x_wconf 87' lang='lat' dir='ltr'><strong>Saturn.</strong></span> <span class='ocrx_word' id='word_1_490' title='bbox 2015 2263 2048 2302; x_wconf 74' lang='lat'><strong>1,</strong></span> <span class='ocrx_word' id='word_1_491' title='bbox 2069 2262 2132 2304; x_wconf 77' lang='lat'><strong>12)</strong></span> 
     </span>
     <span class='ocr_line' id='line_1_70' title="bbox 1186 2323 2128 2368; baseline -0.002 -12"><span class='ocrx_word' id='word_1_492' title='bbox 1186 2324 1290 2368; x_wconf 72' lang='lat' dir='ltr'><strong>»quod</strong></span> <span class='ocrx_word' id='word_1_493' title='bbox 1309 2324 1410 2368; x_wconf 88' lang='lat' dir='ltr'><strong>ipsius</strong></span> <span class='ocrx_word' id='word_1_494' title='bbox 1430 2325 1554 2355; x_wconf 78' lang='lat' dir='ltr'><strong>auxilio</strong></span> <span class='ocrx_word' id='word_1_495' title='bbox 1571 2323 1634 2355; x_wconf 71' lang='lat' dir='ltr'><strong>vita</strong></span> <span class='ocrx_word' id='word_1_496' title='bbox 1650 2328 1801 2354; x_wconf 68' lang='lat' dir='ltr'><strong>constet«</strong></span> <span class='ocrx_word' id='word_1_497' title='bbox 1835 2323 1929 2365; x_wconf 72' lang='lat' dir='ltr'><strong>Quae</strong></span> <span class='ocrx_word' id='word_1_498' title='bbox 1946 2323 2000 2366; x_wconf 90' lang='lat' dir='ltr'><strong>qui</strong></span> <span class='ocrx_word' id='word_1_499' title='bbox 2019 2323 2128 2364; x_wconf 77' lang='lat' dir='ltr'><strong>legerit</strong></span> 
     </span>
     <span class='ocr_line' id='line_1_71' title="bbox 1181 2386 2132 2430; baseline 0 -11"><span class='ocrx_word' id='word_1_500' title='bbox 1181 2388 1257 2420; x_wconf 80' lang='lat' dir='ltr'><strong>satis</strong></span> <span class='ocrx_word' id='word_1_501' title='bbox 1279 2387 1385 2418; x_wconf 87' lang='lat' dir='ltr'><strong>mirari</strong></span> <span class='ocrx_word' id='word_1_502' title='bbox 1411 2386 1556 2430; x_wconf 86' lang='lat' dir='ltr'><strong>nequibit</strong></span> <span class='ocrx_word' id='word_1_503' title='bbox 1578 2386 1782 2418; x_wconf 82' lang='lat' dir='ltr'><strong>Pluchetium</strong></span> <span class='ocrx_word' id='word_1_504' title='bbox 1804 2386 1859 2430; x_wconf 89' lang='lat' dir='ltr'><strong>qui</strong></span> <span class='ocrx_word' id='word_1_505' title='bbox 1886 2386 1936 2430; x_wconf 88' lang='lat' dir='ltr'><strong>(in</strong></span> <span class='ocrx_word' id='word_1_506' title='bbox 1958 2386 2030 2418; x_wconf 81' lang='lat' dir='ltr'><strong>hist.</strong></span> <span class='ocrx_word' id='word_1_507' title='bbox 2052 2387 2132 2419; x_wconf 85' lang='lat' dir='ltr'><strong>coeli</strong></span> 
     </span>
     <span class='ocr_line' id='line_1_72' title="bbox 1181 2448 2131 2494; baseline 0 -12"><span class='ocrx_word' id='word_1_508' title='bbox 1181 2452 1213 2491; x_wconf 78' lang='lat'><strong>1,</strong></span> <span class='ocrx_word' id='word_1_509' title='bbox 1240 2451 1283 2491; x_wconf 78' lang='lat'><strong>2,</strong></span> <span class='ocrx_word' id='word_1_510' title='bbox 1314 2450 1381 2494; x_wconf 82' lang='lat'><strong>58)</strong></span> <span class='ocrx_word' id='word_1_511' title='bbox 1407 2450 1484 2482; x_wconf 88' lang='lat' dir='ltr'><strong>deae</strong></span> <span class='ocrx_word' id='word_1_512' title='bbox 1506 2451 1567 2482; x_wconf 85' lang='lat' dir='ltr'><strong>hoe</strong></span> <span class='ocrx_word' id='word_1_513' title='bbox 1592 2461 1709 2481; x_wconf 89' lang='lat' dir='ltr'><strong>nomen</strong></span> <span class='ocrx_word' id='word_1_514' title='bbox 1731 2449 1770 2481; x_wconf 86' lang='lat' dir='ltr'><strong>ab</strong></span> <span class='ocrx_word' id='word_1_515' title='bbox 1792 2448 1944 2481; x_wconf 86' lang='lat' dir='ltr'><strong>Hebraeo</strong></span> <span class='ocrx_word' id='word_1_516' title='bbox 1966 2448 2131 2491; x_wconf 74' lang='lat' dir='ltr'><strong>vocabulo,</strong></span> 
     </span>
    </p>
   </div>
   <div class='ocr_carea' id='block_1_12' title="bbox 1176 2511 2024 2558">
    <p class='ocr_par' dir='ltr' id='par_1_13' title="bbox 1176 2511 2024 2558">
     <span class='ocr_line' id='line_1_73' title="bbox 1176 2511 2024 2558; baseline -0.001 -14"><span class='ocrx_word' id='word_1_517' title='bbox 1176 2513 1262 2558; x_wconf 86' lang='lat' dir='ltr'><strong>quod</strong></span> <span class='ocrx_word' id='word_1_518' title='bbox 1282 2518 1465 2555; x_wconf 81' lang='lat' dir='ltr'><strong>putrescere</strong></span> <span class='ocrx_word' id='word_1_519' title='bbox 1487 2511 1660 2554; x_wconf 83' lang='lat' dir='ltr'><strong>significet,</strong></span> <span class='ocrx_word' id='word_1_520' title='bbox 1697 2511 1839 2542; x_wconf 87' lang='lat' dir='ltr'><strong>derivare</strong></span> <span class='ocrx_word' id='word_1_521' title='bbox 1867 2511 2024 2555; x_wconf 68' lang='lat' dir='ltr'><strong>potuerit!</strong></span> 
     </span>
    </p>
   </div>
   <div class='ocr_carea' id='block_1_13' title="bbox 1249 2574 2130 2620">
    <p class='ocr_par' dir='ltr' id='par_1_14' title="bbox 1249 2574 2130 2620">
     <span class='ocr_line' id='line_1_74' title="bbox 1249 2574 2130 2620; baseline -0.001 -12"><span class='ocrx_word' id='word_1_522' title='bbox 1249 2574 1424 2620; x_wconf 71' lang='lat' dir='ltr'><strong>permulsa]</strong></span> <span class='ocrx_word' id='word_1_523' title='bbox 1463 2575 1511 2606; x_wconf 85' lang='lat' dir='ltr'><strong>lta</strong></span> <span class='ocrx_word' id='word_1_524' title='bbox 1546 2575 1578 2606; x_wconf 88' lang='lat' dir='ltr'><strong>in</strong></span> <span class='ocrx_word' id='word_1_525' title='bbox 1608 2574 1754 2606; x_wconf 81' lang='lat' dir='ltr'><strong>omnibus</strong></span> <span class='ocrx_word' id='word_1_526' title='bbox 1782 2574 1887 2615; x_wconf 77' lang='lat' dir='ltr'><strong>libris,</strong></span> <span class='ocrx_word' id='word_1_527' title='bbox 1926 2580 1990 2606; x_wconf 78' lang='lat' dir='ltr'><strong>tam</strong></span> <span class='ocrx_word' id='word_1_528' title='bbox 2018 2574 2130 2607; x_wconf 71' lang='lat' dir='ltr'><strong>editis.</strong></span> 
     </span>
    </p>
   </div>
  </div>
 </body>
</html>
