2310 2860
49 1155 84 1195 Cf!

86 1155 109 1196 μὴ

112 1156 141 1197 QG

175 133 265 177 558
748 127 948 170 Martiani
978 126 1177 183 Capellae
1207 127 1280 170 lib.
1304 126 1380 169 IV.
1412 129 1444 180 §.
1469 127 1575 170 544.

178 252 224 284 ut
253 239 479 283 hominum
510 251 663 293 genus,
704 235 821 291 quod
853 234 1025 276 animali
1059 234 1199 275 forma
1227 243 1307 286 est,
1347 234 1546 276 Barbaris
1582 244 1620 277 et
1652 236 1854 279 Romanis
1884 253 2036 294 genus3
2091 249 2132 282 et

178 336 315 376 usque
346 335 394 360 eo
417 332 547 374 genus
578 331 667 357 esse
697 325 849 372 potest,
880 315 1014 356 donee
1045 315 1135 369 ejus
1167 315 1327 357 formas
1352 316 1544 358 dividens
1578 316 1630 358 ad
1660 317 1931 359 individuum
1956 320 2131 376 aliquod

177 402 332 444 venias.
366 400 426 440 Ut
451 402 483 440 si
508 399 701 441 homines
727 396 891 439 dividas
920 398 963 438 in
993 398 1206 439 masculos
1235 407 1275 439 et
1303 398 1483 439 feminas
1493 430 1504 449 ,
1536 399 1635 439 item
1664 399 1874 440 masculos
1897 400 1939 440 in
1962 415 2131 456 pueros,

177 484 470 535 adolescentes,
499 492 538 524 et
564 497 697 534 senes,
727 482 827 522 item
851 495 1006 537 pueros
1028 480 1071 520 in
1095 479 1274 521 infantes
1300 489 1339 521 et
1361 480 1613 536 loquentes3
1644 482 1743 522 item
1765 497 1952 538 puerum
1971 483 2005 523 si
2029 483 2131 524 velis

173 564 365 607 dividere
395 564 439 605 in
470 563 729 605 Catamitum
769 572 842 604 aut
869 562 1001 603 alium
1034 560 1286 617 quempiam
1318 569 1455 601 certae
1485 575 1691 616 personae
1715 576 1922 616 puerum,
1954 577 2039 603 non
2074 572 2132 603 est

173 661 327 702 genus,
359 644 475 700 quod
500 645 587 699 jam
618 644 669 685 ad
693 642 967 684 individuum
999 643 1205 698 pervenit.
1236 642 1310 683 Uti
1333 651 1473 683 autem
1503 651 1558 684 eo'
1577 658 1730 699 genere
1753 643 1983 695 debemus,
2016 644 2132 700 quod

174 739 234 770 est
256 728 465 784 praesenti
487 727 651 782 negotio
682 725 952 782 proximum,
986 733 1034 765 ut
1056 724 1089 764 si
1119 724 1171 766 de
1201 724 1375 765 homine
1407 734 1660 780 quaeratur,
1692 726 1781 780 ejus
1812 741 1943 782 genus
1975 725 2132 767 animal

172 808 380 849 debemus
411 822 650 859 assumere,
703 805 822 863 quod
868 806 905 847 ei
944 805 1194 862 proximum
1225 814 1296 846 est.
1353 805 1467 846 Nam
1505 806 1538 846 si
1574 806 1849 848 substantiam
1882 806 2132 858 dixerimus,

174 899 385 946 quantum
405 888 458 932 ad
483 890 692 932 rationem
716 887 908 945 pertinet,
930 901 1086 929 verum
1105 897 1176 940 est,
1208 896 1421 943 quantum
1442 887 1495 929 ad
1517 888 1820 941 necessitatem,
1843 888 2129 944 superfluum.

975 1045 1054 1087 DE
1100 1044 1331 1086 FORMIS.

1026 1164 1133 1204 quas
1173 1159 1213 1191 et
1248 1151 1418 1206 species.
1487 1152 1673 1193 Formae
1714 1166 1812 1206 ergo
1852 1160 1971 1203 sunt,
2016 1165 2127 1206 quae

341 1154 521 1195 Formas
561 1152 731 1193 easdem
765 1152 968 1202 dicimus,

169 1234 361 1276 subditae
406 1234 548 1289 generi
590 1242 731 1274 tenent
775 1232 1063 1273 definitionem
1108 1231 1198 1285 ejus
1243 1240 1282 1272 et
1324 1246 1502 1283 nomen,
1554 1241 1600 1273 ut
1645 1232 1799 1282 homo,
1852 1245 2012 1286 equus,
2061 1231 2127 1271 leo

170 1315 374 1371 quoniam
409 1314 574 1355 formae
608 1322 706 1354 sunt
739 1312 954 1362 animalis,
985 1321 1118 1367 potest
1152 1322 1190 1353 et
1229 1312 1359 1352 homo
1401 1322 1440 1353 et
1480 1327 1617 1366 equus
1656 1321 1695 1352 et
1727 1312 1792 1352 leo
1828 1312 1985 1352 animal
2026 1311 2128 1362 dici,

169 1404 210 1436 et
239 1408 393 1450 corpus
424 1392 567 1434 anima
598 1393 851 1448 participans
888 1395 1096 1443 [nomen],
1151 1407 1262 1448 quae
1299 1392 1484 1434 definitio
1523 1392 1685 1448 generis
1725 1407 1813 1432 esse
1858 1391 2126 1447 dignoscitur.

169 1509 318 1544 testatur,
352 1508 384 1535 et
407 1502 612 1544 Augustinus
637 1503 680 1546 (p.
700 1502 785 1546 199)
811 1504 931 1545 speeies
953 1514 970 1532 a
992 1501 1123 1545 quibus-

166 1568 239 1600 dam
268 1567 391 1611 formas
413 1567 477 1599 dici
499 1567 559 1608 ait3
587 1571 781 1610 quapropter
799 1571 831 1597 et
853 1571 964 1597 noster
986 1571 1122 1608 utroque

166 1631 347 1675 promiscue
367 1631 468 1662 utitur
485 1636 517 1662 et
535 1630 642 1673 forma
667 1628 710 1673 (ξ.
723 1630 808 1661 559.
829 1629 912 1660 545.
937 1629 1021 1660 547.
1039 1629 1122 1660 552.

165 1696 252 1728 554.
270 1695 354 1726 561.
377 1695 464 1729 474.
486 1694 571 1726 477.
587 1693 674 1736 486)
697 1699 729 1725 et
749 1694 852 1737 specie
874 1691 916 1737 (ἓ.
932 1692 1015 1725 545.
1037 1692 1121 1724 598.

165 1758 249 1790 477.
272 1754 372 1798 486).

238 1815 413 1861 Barbaris]
440 1815 489 1848 lta
515 1816 610 1849 Plato
629 1816 764 1860 (politic.
791 1829 822 1860 p.
838 1816 911 1848 262
938 1821 970 1854 et
994 1814 1119 1846 Philet».

165 1894 195 1924 p.
221 1880 266 1910 16
291 1878 424 1922 Steph.)
456 1878 488 1910 in
515 1879 677 1910 Barbaros
706 1883 738 1910 et
769 1877 913 1910 Graecos
947 1878 1120 1908 humanum

164 1954 265 1985 genus
290 1942 478 1985 plerumque
511 1940 609 1972 dividi
632 1943 686 1975 ait.

239 2004 359 2050 donee]
386 2004 479 2035 Unde
507 2003 706 2047 Porphyrius
738 2004 786 2047 (e.
808 2003 850 2046 2)
874 2002 1035 2034 individua
1062 2014 1118 2034 no-

164 2067 248 2100 mine
270 2065 351 2101 τών
376 2061 631 2100 εὶὸικωτάτων
655 2065 839 2107 designavit.
881 2065 1034 2098 Ceterum
1060 2077 1117 2109 pro

165 2131 322 2164 Grotiano
344 2129 502 2173 formulas
523 2141 563 2160 ex
589 2129 800 2161 anterioribus
823 2129 1035 2167 editionibus,
1067 2140 1118 2160 co-

165 2193 353 2236 dicibusque
377 2191 625 2224 Darmstatteusi
650 2196 682 2223 et
704 2191 960 2224 Reielienauensi
988 2189 1119 2235 reposui

162 2257 296 2301 formas.

238 2315 447 2362 Catamitum]
476 2316 624 2357 Intellige
649 2316 883 2359 Ganymedem,
909 2322 944 2348 ut
967 2316 999 2348 in
1020 2317 1117 2348 Festo

165 2385 234 2422 est,
259 2392 325 2412 non
359 2384 466 2410 autem
500 2390 635 2423 puerum
666 2378 875 2419 meritorium,
906 2391 979 2410 uam
1004 2379 1119 2410 indivi-

166 2445 284 2483 duum,
312 2449 347 2475 ut
375 2448 504 2485 vocant,
541 2441 693 2483 designat.
711 2442 873 2475 GnoT.—-
899 2442 1117 2486 Gammodem

167 2519 239 2540 esse
258 2506 310 2538 vel
335 2505 396 2537 soli
420 2505 452 2537 hi
475 2504 584 2539 Plauti
606 2504 653 2549 (iu
682 2504 768 2539 Men.
794 2505 829 2545 l,
855 2505 895 2546 2,
917 2506 978 2547 55)
1010 2516 1117 2537 versus

168 2568 389 2613 couiprobant:

1231 1502 1313 1534 »Dic
1348 1503 1426 1534 ηιιἹιί
1451 1515 1618 1550 nunquam
1647 1502 1759 1534 vidisti
1788 1502 1928 1534 tabulam
1954 1503 2074 1545 pictam
2093 1503 2127 1533 in

1573 1565 1697 1607 pariete

1227 1625 1289 1656 Ubi
1311 1626 1421 1671 aquila
1452 1624 1645 1657 Catamitum
1681 1630 1826 1668 raperet,
1857 1630 1915 1657 aut
1935 1626 1991 1657 ubi
2015 1625 2126 1657 Venus

1572 1687 1742 1719 Adoneum
1751 1687 1766 1717 Ρ
1772 1700 1784 1715 «

1171 1748 1349 1780 Postmodo
1374 1754 1480 1781 tamen
1506 1749 1656 1791 invaluit,
1687 1755 1722 1781 ut
1745 1750 1837 1794 pueri
1865 1750 2033 1790 meritorii,
2072 1751 2127 1794 qui

1173 1823 1306 1855 corpore
1326 1819 1493 1856 quaestum
1516 1814 1672 1854 facerent,
1700 1815 1761 1846 hoe
1779 1814 1905 1845 nomine
1928 1814 2125 1858 appellaren—

1172 1878 1240 1914 tur3
1268 1874 1376 1905 confer
1399 1873 1547 1906 Servium
1573 1874 1625 1918 (ad
1650 1875 1741 1916 Virg,
1764 1875 1821 1907 eel.
1844 1877 1878 1916 8,
1904 1875 1976 1917 50).

1247 1939 1444 1980 participans
1470 1935 1604 1982 nomen]
1637 1936 1695 1969 Ait
1725 1938 1849 1982 species
1882 1938 2125 1979 communicare,

1171 2006 1203 2032 et
1222 2001 1262 2032 de
1281 2000 1408 2032 nomine
1427 2001 1563 2042 generis,
1589 2007 1621 2032 et
1637 2001 1676 2032 de
1697 2001 1836 2033 essentia
1854 2013 1910 2033 seu
1927 2002 2123 2033 definitione:

1171 2065 1285 2096 deinde
1309 2063 1472 2105 subjungit
1492 2065 1671 2108 exemplum
1692 2064 1725 2095 iu
1739 2064 1877 2104 homine,
1903 2076 1997 2107 equo,
2020 2063 2123 2095 leone.

1169 2127 1273 2158 Prout
1293 2125 1399 2168 itaque
1418 2126 1513 2157 verba
1534 2126 1756 2169 praecedentia
1777 2126 1927 2164 innuunt,
1954 2125 2123 2166 legendum

1168 2190 1235 2222 hic:
1267 2194 1392 2232 »potest
1426 2194 1457 2220 et
1484 2191 1598 2229 homo,
1632 2194 1663 2220 et
1688 2200 1810 2231 equuS,
1838 2193 1870 2219 et
1898 2187 1970 2228 leo,
2007 2188 2122 2220 animal

1169 2251 1247 2291 diei,
1278 2250 1363 2293 quod
1393 2262 1525 2290 nomen,
1558 2256 1590 2281 et
1621 2261 1736 2292 eorpus
1762 2251 1869 2279 anima
1899 2249 1973 2292 (nisi
1997 2252 2123 2282 animae

1169 2312 1277 2351 malis,
1305 2310 1414 2354 ὄώμιε
1441 2309 1587 2356 ψυχῆς
1603 2308 1786 2353 μετέχον)
1810 2310 2018 2355 participans,
2041 2324 2123 2355 quae

1170 2375 1311 2408 definitio
1338 2376 1463 2416 generis
1488 2386 1559 2405 esse
1589 2373 1818 2415 cognosestun«
1843 2373 2006 2406 Gnor.——
2026 2375 2120 2407 Com-

1169 2451 1298 2472 munem
1326 2437 1466 2469 omnium
1490 2437 1659 2468 lectionem
1688 2449 1753 2468 non
1783 2437 1921 2478 mutavi,
1951 2438 2012 2470 nisi
2036 2439 2121 2483 quod

1169 2515 1186 2535 e
1210 2502 1319 2534 codiee
1340 2501 1528 2535 Monacensi
1550 2500 1606 2545 (C)
1633 2500 1745 2544 sei-ipsi
1767 2501 1965 2545 diynoscz’tur
1982 2514 2041 2546 pro
2071 2514 2119 2535 co·

1167 2568 1343 2612 quescitur,
1367 2570 1398 2598 et
1420 2576 1530 2598 vocem
1549 2577 1662 2597 nomen
1687 2564 1776 2597 uncis
1798 2564 1924 2604 inelusi,
1950 2577 2013 2608 quo
2037 2566 2117 2597 sacto
