2310 2860
746 141 944 186 Martiani
982 141 1181 198 Capellae
1220 141 1291 185 lib.
1316 140 1370 183 11.
1411 138 1567 193 §.203

2073 145 2167 190 245

206 252 398 295 numeris
428 251 573 303 varia,
604 266 707 293 sono
736 251 897 307 ignota,
925 248 1076 305 jugatis
1108 247 1408 303 alternatisque
1434 247 1562 289 literis
1593 247 1816 304 inspirata,
1845 260 2164 308 veneraturque

207 333 349 376 verbis
366 333 658 376 intellectualis
681 332 833 374 mundi
852 329 1070 388 praesules
1092 328 1193 371 deos
1212 346 1453 386 eorumque
1478 332 1703 385 ministros,
1731 333 1935 375 sensibilis
1957 333 2163 389 sphaerae

206 417 480 473 potestatibus
523 414 811 464 venerandos,
863 412 1208 467 universumque
1257 422 1394 455 totum
1449 413 1663 455 infinibilis
1710 416 1839 471 patris
1878 415 2164 471 profunditate

206 499 459 540 coercitum:
501 498 720 554 poscitque
763 493 973 551 quosdam
1018 504 1102 536 tres
1132 494 1255 545 deos,
1294 492 1484 548 aliosque
1516 492 1597 533 diei
1631 495 1850 551 noctisque
1880 496 2058 551 septimo
2089 511 2159 538 ra-
2187 494 2280 536 204

208 627 299 669 dicit,
326 633 362 660 ut
378 628 509 660 dissona
526 628 680 660 elementa
704 624 746 670 (ἓ.
769 626 799 657 1.
822 626 881 657 92.
904 624 1009 668 912),
1035 625 1165 656 dissona

206 700 299 722 sacra
323 689 368 734 (ἓ.
396 690 497 733 192),
531 691 676 721 dissonas
701 689 880 720 cantilenas
908 685 949 730 (ξ.
969 686 1074 729 209),
1100 686 1163 717 ‹lis-

206 764 319 782 sonam
349 754 541 784 suauitatem
566 749 613 795 (ἓ.
636 749 728 793 912)
751 755 811 782 cet.
857 749 932 781 Hoc
962 753 1066 779 autem
1091 747 1164 779 loco

206 815 249 847 ita
283 821 431 859 usurpat,
470 821 504 846 ut
532 814 644 846 Livius
673 814 727 858 (1,
759 812 818 856 18)
853 812 1015 854 subjectos
1039 811 1164 844 Numae

207 875 367 920 Pompilio
394 877 532 921 populos
565 876 675 909 scribit
700 888 772 907 esse
807 880 938 918 »gentes
966 885 1112 906 sermone
1132 878 1165 905 et

207 940 348 972 moribus
381 941 563 981 dissertasu3
596 940 647 972 vel
672 939 774 972 Silius
798 940 876 984 (18,
908 938 982 982 19)=
1011 943 1075 970 »tot
1102 938 1164 969 dis-

208 1014 287 1034 sona
312 1002 420 1044 lingua
448 1003 590 1044 agminau
619 1007 651 1033 ct
676 1003 733 1045 (5,
759 1001 851 1044 221)
875 1002 1023 1033 »dissona
1046 999 1162 1042 linguis

207 1071 348 1107 castra-5
374 1066 424 1097 vel
443 1066 641 1098 Claudianus
660 1066 758 1110 (laud.
775 1065 899 1098 Stilich.
921 1066 952 1105 1,
973 1064 1070 1107 152)=
1086 1075 1163 1095 »nce

208 1129 303 1162 tantis
329 1130 460 1161 dissona
483 1129 602 1171 linguis
630 1130 751 1161 turba.«
790 1128 886 1160 Adde
907 1128 1056 1161 Solinum
1077 1127 1162 1171 (51).

281 1192 405 1239 iqnota]
433 1193 483 1226 Ita
501 1193 585 1238 apud
605 1193 757 1225 Ovidium
776 1192 863 1237 (met.
880 1193 937 1233 14,
962 1192 1049 1236 560)
1067 1191 1163 1224 Circe

261 1257 476 1305 nlqnolosque
501 1258 576 1289 deos
605 1259 713 1301 ignoto
741 1258 883 1288 carmine
911 1257 1033 1288 adorat.
1043 1270 1054 1284 u

280 1320 527 1369 alternatisque]
548 1321 671 1353 Locum
689 1321 766 1352 olim
783 1321 829 1365 (in
846 1321 1007 1365 palaeogr.
1023 1320 1090 1352 crit.
1104 1319 1163 1353 ΠῙ.

208 1382 239 1430 fi.
260 1384 354 1428 254)
383 1385 556 1429 explicavi,
589 1384 763 1428 literasque
798 1396 870 1416 esse
911 1384 1008 1416 docui
1042 1389 1164 1428 septem

209 1448 337 1481 vocales
360 1448 519 1489 Graecas,
549 1460 629 1492 quas
653 1448 825 1480 alternat-as
851 1447 947 1489 dixit,
970 1460 1068 1492 quum
1085 1459 1164 1492 quo-

208 1513 287 1546 libet
316 1524 412 1546 versu
436 1512 645 1558 repetitarum
676 1512 755 1543 ordo
778 1518 918 1543 mutatus
942 1511 999 1543 sitx

506 1573 543 1610 Α
568 1573 601 1607 Ε
626 1572 664 1608 Η
685 1572 707 1607 I
727 1573 756 1608 Ο
786 1572 826 1607 Y
849 1572 885 1607 Ω

507 1637 536 1673 Ε
560 1636 602 1671 Η
623 1636 644 1671 I
668 1636 697 1671 O
727 1635 767 1671 Y
789 1635 825 1670 Ω
852 1635 888 1670 Α

509 1700 550 1736 Η
571 1699 590 1735 I
615 1699 644 1735 Ο
673 1699 714 1734 Y
736 1699 771 1734 Ω
803 1699 839 1733 Α
861 1699 891 1733 Ε

508 1762 526 1799 1
562 1763 591 1798 O
620 1761 660 1796 Y
683 1761 719 1796 Ω
746 1762 782 1795 Α
805 1760 839 1795 Ε
863 1759 905 1795 Η

510 1823 540 1859 O
569 1824 609 1860 Y
629 1823 665 1858 ,Ω
695 1823 731 1857 Α
756 1822 789 1856 Ε
814 1822 853 1856 Η
877 1821 897 1857 1

515 1885 556 1920 Y
579 1886 614 1920 Ω
642 1885 678 1920 Α
703 1885 736 1918 Ε
760 1884 803 1918 Η
823 1883 844 1919 I
867 1883 896 1918 Ο

513 1946 548 1982 Ω
575 1946 611 1980 Α
636 1946 669 1980 Ε
695 1945 736 1979 Η
757 1944 775 1979 1
801 1944 830 1979 Ο
860 1942 900 1978 Y

212 2012 307 2044 Adde
333 2023 414 2056 quae
441 2011 501 2042 alio
522 2011 616 2042 etiam
643 2010 715 2041 loco
743 2008 813 2049 (Ill.
840 2007 868 2052 ἓ.
894 2007 981 2051 260)
1007 2006 1168 2048 annotavi,

212 2086 284 2107 eum
321 2072 598 2106 observationibus
635 2070 812 2103 doctissimi
847 2069 948 2102 nostri
985 2068 1087 2110 Ilugii
1116 2068 1167 2112 (in

211 2137 311 2181 myth.
335 2149 365 2181 p.
385 2137 458 2168 218
484 2140 516 2167 et
538 2133 636 2177 220).

287 2197 406 2243 verbis]
433 2198 518 2231 Vide
550 2195 817 2241 quemadmodum
842 2194 1016 2236 distinguat
1043 2191 1167 2224 intelle·

214 2262 327 2294 ctualis
351 2261 461 2294 mundi
486 2261 565 2293 deos
593 2272 611 2291 a
636 2264 725 2303 patre
751 2258 807 2290 illo
834 2257 961 2299 ignoto,
988 2261 1168 2287 extramun-

214 2325 296 2358 dano
329 2327 399 2358 deo.
441 2326 522 2358 Illos
553 2325 674 2365 verbis,
709 2324 795 2355 hunc
831 2322 907 2354 solis
941 2322 1042 2353 literis
1070 2331 1168 2351 sensu

216 2391 396 2422 carentibus
421 2390 545 2422 adorari
569 2390 666 2434 (conf.
685 2388 867 2430 Stanlejum
894 2389 926 2429 1,
949 2387 984 2428 2,
1008 2387 1051 2419 11
1070 2391 1103 2418 et
1121 2385 1167 2418 12

217 2452 250 2484 in
277 2452 396 2484 Clerici
424 2464 474 2496 op.
498 2451 615 2496 philos.
633 2452 671 2484 T.
689 2451 726 2495 2)
753 2451 840 2484 dicit.

291 2520 356 2547 tres
380 2513 468 2559 deos]
492 2514 573 2546 Tres
596 2519 775 2559 temporum
797 2514 981 2553 varietates,
1005 2521 1169 2556 praesens,

218 2579 424 2625 praeteritum
446 2590 482 2611 ae
501 2578 652 2610 futurum.
670 2577 787 2611 Gnoss.
809 2577 893 2623 (cod.
912 2577 1037 2611 Monac.
1055 2575 1108 2620 E).
1121 2595 1169 2602 -—

1215 622 1354 655 Videtur
1379 621 1431 654 hie
1452 621 1491 654 ad
1514 629 1733 656 sacrosanctae
1759 623 1923 656 Trinitatis
1947 624 2168 658 absconditum

1214 685 1357 730 profanis
1381 685 1566 729 mysterium
1586 686 1747 727 alludere,
1777 699 1817 718 an
1841 687 1978 719 ludere?
1996 688 2101 720 Gno‘r.
2117 706 2167 714 —-

1215 748 1329 792 Neque
1355 749 1415 780 hoe
1452 760 1556 791 neque
1588 748 1667 780 illud
1701 749 1893 781 Martianum
1927 750 2067 782 voluisse
2092 750 2169 782 mihi

1216 811 1345 855 quidem
1367 823 1556 856 persuasum
1580 817 1638 844 est.
1671 812 1775 854 Magis
1797 813 1897 853 enim,
1931 825 2025 857 quam
2046 813 2099 844 isti
2121 813 2169 844 in·

1215 880 1389 918 terpretes,
1427 875 1481 907 ille
1500 876 1764 908 Neo-Platonica
1788 877 1992 922 philosophia
2027 878 2169 910 imbutus

1215 943 1297 978 crat,
1325 938 1459 982 ejusque
1481 939 1626 981 dogmata
1650 941 1735 972 haud
1762 940 1937 982 ignorabat.
1970 941 2063 984 Quos
2085 941 2170 973 inter

1213 1002 1392 1034 Numenius
1415 999 1517 1049 (περὶ
1539 1000 1695 1048 ἀγαθοῦ
1723 1004 1755 1035 in
1778 1004 1898 1036 Euseb.
1914 1016 2021 1049 praep.
2047 1017 2094 1037 ev.
2111 1004 2170 1045 11,

1215 1065 1272 1107 10,
1299 1067 1354 1097 18.
1369 1078 1399 1110 p.
1415 1067 1488 1098 557
1504 1066 1592 1109 vig.)
1610 1067 1686 1099 haec
1709 1067 1819 1100 tradit:
1835 1069 1985 1100 »Primus
2003 1068 2058 1100 ille
2077 1067 2170 1108 deus,

1214 1132 1249 1158 ut
1277 1133 1326 1158 est
1350 1127 1382 1158 in
1411 1132 1512 1158 semet
1539 1127 1629 1171 ipso,
1664 1128 1799 1172 simplex
1825 1135 1890 1170 est,
1919 1130 2043 1172 sibique
2071 1129 2171 1160 unde·

1215 1202 1341 1234 quaque
1364 1191 1538 1223 cohaerens
1561 1196 1592 1223 et
1612 1191 1805 1224 individuus.
1832 1192 1924 1224 Deus
1941 1192 2035 1224 etiam
2058 1204 2170 1224 secun·

1215 1255 1275 1286 dus
1297 1265 1333 1285 ac
1350 1255 1464 1286 tertius
1479 1266 1562 1286 unus
1581 1259 1649 1287 cst«
1671 1261 1729 1287 cet.
1759 1256 1825 1300 Qui
1843 1256 1937 1300 plura
1955 1256 2062 1300 cupiat
2081 1256 2173 1288 adeat

1213 1318 1393 1351 Eusebium
1414 1318 1535 1363 ipsum,
1564 1324 1597 1350 ct
1624 1319 1805 1361 Plotinum,
1832 1319 1887 1363 qui
1911 1320 1995 1364 (enn.
2016 1321 2050 1360 5,
2080 1320 2113 1360 1,
2138 1317 2174 1362 1)

1222 1386 1315 1413 nsunt
1341 1387 1423 1413 tres«
1455 1382 1574 1426 inquit,
1609 1384 1834 1426 »hypostascs:
1852 1394 1935 1414 uuus
1960 1394 2017 1414 seu
2042 1383 2173 1422 bonum,

1215 1456 1305 1475 mens
1333 1455 1390 1475 seu
1412 1444 1612 1485 intellectus,
1641 1451 1673 1477 et
1693 1446 1797 1478 anima
1821 1446 1948 1487 mundi3
1975 1458 2036 1479 uec
2058 1446 2096 1477 de
2123 1445 2174 1477 hin

1215 1507 1276 1538 nisi
1295 1507 1462 1550 implorato
1488 1507 1539 1538 dei
1557 1507 1675 1539 auxilio
1705 1513 1737 1539 et
1764 1508 1874 1541 sedata
1901 1514 2007 1540 mente
2039 1508 2174 1552 loquen-

1216 1569 1308 1599 dum·
1339 1573 1400 1601 cet.
1434 1567 1563 1599 Pariter
1586 1568 1729 1611 Cyrillus
1756 1569 1804 1613 (c.
1829 1568 1949 1600 Julian.
1970 1570 2000 1601 1.
2018 1581 2050 1612 p.
2069 1569 2132 1613 54)
2155 1580 2175 1602 e

1217 1633 1323 1659 mente
1351 1628 1541 1671 Porphyrii,
1576 1629 1759 1672 opinionem
1786 1629 1933 1660 Platonis
1968 1628 2175 1673 exponentis,

1219 1691 1313 1723 docet
1329 1690 1380 1722 dci
1401 1691 1610 1722 substantiam
1630 1691 1670 1723 ad
1686 1697 1750 1724 tres
1770 1692 1958 1736 procedere,
1980 1703 2051 1723 esse
2066 1703 2176 1723 verum

1218 1767 1402 1799 supremum
1438 1755 1533 1786 deum
1570 1756 1741 1798 optimum,
1778 1760 1854 1799 post
1892 1755 1998 1799 ipsum
2036 1760 2068 1786 et
2100 1755 2177 1786 alee-

1218 1830 1292 1850 rum
1316 1823 1491 1850 creatorem
1521 1829 1578 1849 seu
1602 1817 1766 1862 opificem,
1798 1819 1928 1850 tertium
1947 1829 2044 1862 porro
2065 1818 2178 1849 mundi

1219 1881 1369 1912 animam.

1291 1938 1442 1987 septimo]
1475 1940 1531 1974 An
1560 1941 1600 1974 ad
1626 1941 1757 1974 sabatha
1783 1941 2001 1984 Judaeorum,
2029 1943 2069 1974 ad
2096 1953 2176 1987 quae

1215 2003 1406 2037 Juvenalis:

1269 2086 1317 2093 ·-
1337 2068 1420 2101 »Cui
1437 2069 1573 2111 septima
1598 2080 1745 2116 quaeque
1763 2068 1831 2112 fuit
1853 2069 1911 2100 lux
1932 2071 2067 2113 ignava·

1217 2144 1258 2163 an
1293 2132 1333 2164 ad
1357 2132 1440 2163 diem
1470 2128 1661 2178 κυριακῆν
1690 2132 1971 2165 Christianorum?
2009 2131 2173 2164 Greia——

1216 2194 1305 2237 Lege
1334 2193 1475 2226 Ausonii
1509 2194 1651 2236 eclogam
1681 2195 1721 2226 de
1749 2195 1932 2227 nominibus
1959 2201 2080 2240 septem
2109 2193 2173 2224 die>

1217 2270 1288 2289 rum
1305 2258 1402 2303 (572.
1426 2259 1458 2290 5.
1481 2270 1511 2301 p.
1526 2258 1600 2291 415
1619 2258 1796 2302 Delphin),
1823 2259 1878 2290 ubi
1902 2259 2064 2290 »radiatus
2088 2254 2165 2288 Sol«

1219 2321 1349 2354 omnino
1373 2321 1456 2353 diem
1479 2321 1576 2353 habet
1594 2321 1731 2364 primum
1753 2326 1786 2353 ct
1801 2333 2001 2366 supremum,
2025 2318 2080 2361 qui
2097 2317 2174 2351 heh-

1220 2384 1363 2416 domadis
1386 2390 1436 2417 est
1458 2384 1621 2429 septimus.
1655 2384 1748 2417 »Diei
1768 2390 1872 2417 autem
1886 2382 2051 2425 noctisque
2069 2382 2166 2414 deos·

1220 2448 1310 2490 dicit,
1335 2450 1409 2493 quia
1431 2449 1492 2482 Sol
1513 2448 1670 2490 interdiu,
1698 2448 1814 2491 reliqui
1837 2447 1999 2489 planetae,
2029 2445 2084 2489 qui
2106 2445 2171 2477 die-

1219 2512 1281 2545 bus
1297 2512 1426 2545 nomina
1440 2525 1498 2545 sua
1515 2512 1682 2552 dederunt,
1703 2516 1800 2543 noctu
1820 2507 2067 2551 conspiciuntur.
2098 2508 2171 2540 Pla-

1220 2582 1314 2611 necne
1347 2576 1387 2610 ab
1417 2576 1582 2622 Appulejo
1616 2575 1709 2607 ctiam
1749 2572 1802 2615 (de
1830 2571 1890 2603 deo
1923 2570 2013 2604 Socr.
2043 2584 2075 2615 p.
2101 2571 2166 2602 121

1676 2636 1720 2668 51
1747 2632 1769 2657 ἢ*
