2310 2860
240 200 330 241 656
797 197 996 238 Martiani
1027 195 1228 252 Capellae
1257 195 1330 237 lib.
1350 194 1470 238 VIII.
1501 197 1531 247 §.
1554 195 1654 237 806.

240 306 381 347 minus
412 318 560 344 sensus
585 318 719 358 quam
745 305 928 345 nominis
953 304 1190 360 pecudalis,
1220 302 1354 357 hujus
1376 303 1598 357 incongrui
1623 302 1731 344 risus
1758 301 1987 356 adjectione
2008 304 2199 361 desipere

241 387 310 427 vel
357 385 593 426 dementire
637 387 837 442 coepisti?
897 388 963 427 An
1008 386 1179 427 taudem
1223 400 1307 426 non
1355 384 1573 440 dispensas
1620 385 1661 424 in
1694 385 1846 425 Joviali
1893 385 2116 426 cachinnos
2161 396 2200 426 te

241 467 423 508 movisse
460 467 657 518 concilio,
705 467 1035 522 verendumque
1075 482 1163 507 esse
1201 465 1281 506 sub
1313 465 1465 506 divum
1506 464 1779 518 Palladiaque
1811 479 1989 504 censura
2020 464 2199 505 assimu-

238 547 327 589 lare
359 562 627 602 quemquam
671 548 736 588 vel
770 549 1019 589 cerritulum
1061 545 1345 603 garrientem?
1409 546 1465 586 At
1505 560 1592 600 quo
1633 545 1758 586 etiam
1802 555 1993 600 tempore
2034 544 2199 601 Cupido

242 628 311 668 vel
363 628 540 682 Satyrus
593 628 816 683 petulantis
868 643 995 669 ausus
1045 629 1298 684 procacitate
1350 625 1583 666 dissiliunt?
1664 627 1832 681 Nempe
1881 641 2020 680 quum
2083 625 2199 680 virgo

238 711 403 752 siderea
436 711 744 766 pulchriorque
783 711 989 751 dotalium
1034 712 1076 751 in
1116 711 1238 751 istam
1278 709 1568 750 venerabilem
1601 710 1766 749 curiam
1801 723 1847 749 ac
1879 709 2061 749 deorum
2096 722 2200 749 ven-

239 802 334 833 tura
373 792 640 847 conspectus!
710 792 908 847 Apagesis
948 807 1025 832 nec
1066 801 1156 847 post
1204 791 1309 831 haec
1354 791 1527 845 nugales
1574 805 1701 831 ausus
1750 791 1840 845 lege
1882 791 2123 845 hymenaea
2163 799 2201 830 et

238 872 390 926 culpae.
428 872 640 913 velamine
682 871 1127 912 licentis'obnuberisl
1180 872 1335 913 Saltem
1370 873 1560 913 Prieniae
1592 872 1782 912 ausculta
1814 872 1996 912 nihilum
2028 881 2199 926 gravate

236 953 481 993 sententiae:
514 953 583 999 Μὴ
613 953 705 993 ὄνος
732 950 853 1000 λύρας
880 953 1015 1001 καιρὸν
1040 951 1200 999 γνώθω-
1251 953 1362 992 Tam
1390 951 1574 991 tristibus
1611 952 1856 1006 asperisque
1888 952 2064 991 Saturae
2097 950 2199 990 alio-

236 1034 341 1088 quin
367 1033 580 1089 lepidulae
606 1033 858 1074 verberibus
885 1032 1172 1084 denudemus,
1205 1046 1305 1073 cum
1337 1032 1646 1073 excusamentis
1676 1032 1845 1073 admissi
1873 1032 1988 1073 velut
2012 1031 2198 1087 procacis

308 1186 504 1232 dementire]
540 1188 682 1231 Recepi,
717 1188 803 1231 quod
831 1188 965 1219 Grotius
993 1189 1026 1219 111
1053 1190 1195 1230 margine

235 1255 405 1292 posuerat,
443 1261 500 1292 pro
527 1249 709 1280 dementare
739 1249 852 1280 dubiae
879 1250 1076 1281 auctoritatis
1101 1263 1194 1282 voea-

233 1310 320 1342 bulo.
348 1312 511 1341 Dcmcnlz'c
531 1316 580 1341 est
599 1311 683 1353 apud
701 1311 901 1342 Lactantimn
923 1312 1034 1354 (instit.
1048 1312 1088 1351 4,
1114 1313 1193 1354 27).;

234 1376 314 1407 adde
342 1375 553 1418 Stephanium
577 1376 629 1417 (ad
656 1374 777 1406 Saxon.
800 1388 829 1418 p.
851 1376 944 1418 135).

307 1450 351 1468 an
370 1436 511 1482 tandem]
535 1438 622 1479 Lege
646 1437 885 1469 »aintanden1.n
905 1438 1020 1469 Sum-s
1041 1438 1087 1481 (in
1101 1438 1194 1470 Gurl.

232 1511 283 1532 an.
309 1499 347 1530 P.
373 1500 412 1538 4,
440 1512 472 1542 p.
492 1498 561 1541 10).
581 1517 627 1521 —
657 1497 703 1530 At
731 1511 806 1530 vcro
836 1499 868 1530 in
897 1500 986 1531 nullo
1017 1500 1126 1531 codice
1148 1500 1192 1532 ita

231 1560 358 1601 legitur,
384 1572 562 1603 sensusque
578 1560 723 1601 vulgatae
749 1560 824 1591 satis
847 1560 1045 1602 intelligitur.
1074 1562 1192 1594 Melior

232 1624 375 1665 ejusdem
402 1624 585 1665 conjectura
610 1629 675 1663 est,
703 1636 765 1666 qua
787 1635 861 1653 mox
879 1625 965 1655 velut
989 1637 1048 1667 pro
1073 1625 1189 1656 velle-

234 1688 372 1728 gendum
396 1688 512 1726 suasit,
537 1688 592 1718 sed
617 1687 743 1718 codices
768 1686 845 1716 1111111
871 1692 1004 1718 mutant.

307 1755 339 1778 at
358 1747 433 1794 quo]
453 1749 551 1779 Forte
568 1747 738 1789 legendum
759 1760 796 1778 ae
818 1760 887 1793 quo.
901 1747 1017 1779 Susms
1034 1749 1187 1792 (ibidem).

233 1829 279 1834 —-
306 1811 412 1843 Grotii
443 1811 539 1842 lectio
570 1817 604 1842 at
640 1824 701 1857 quo
729 1811 841 1842 00110111
873 1811 972 1851 redit,
1010 1813 1187 1845 anteriores

231 1871 389 1903 editiones
415 1884 435 1902 α
460 1885 522 1919 qno
546 1872 713 1903 habebant.

304 1939 374 1976 post
400 1931 497 1977 111100]
526 1933 596 1966 MS.
626 1940 697 1976 post
728 1935 761 1964 id
790 1935 887 1973 111100,
913 1934 984 1976 lege
1012 1937 1188 1978 postidlmc.

233 1996 407 2028 Postizlhac
437 1996 569 2026 dicimus
603 1997 869 2038 quemadmodum
899 1999 1069 2037 antidlmc,
1106 2011 1186 2041 quae

233 2070 295 2090 vox
320 2059 516 2090 restituenda
547 2059 722 2099 fragmento
752 2060 814 2099 illi,
843 2061 929 2104 quod
960 2061 1034 2093 cilat
1060 2061 1186 2093 Nonius

232 2123 265 2154 111
294 2134 370 2154 voce
399 2122 630 2165 W’ryindemia.
663 2123 850 2164 cheudum
872 2124 970 2155 enim:

289 2186 398 2228 »Quid
424 2187 596 2216 tristiorem
624 2186 715 2217 video
747 2192 776 2217 te
806 2199 875 2218 esse
904 2200 1002 2235 quam
1028 2188 1186 2230 antidhac,

283 2247 458 2290 Lampadio
470 2247 500 2276 P«

232 2311 340 2342 Hodie
363 2316 437 2341 ante
455 2310 498 2340 ml
521 2310 598 2341 hace
625 2309 658 2340 111
684 2310 845 2354 plerisque
871 2313 1034 2344 codicibus
1060 2313 1187 2355 legitur.

234 2372 338 2403 Geor.
354 2391 399 2394 —
426 2371 464 2402 Iu
485 2382 556 2402 mco
579 2370 677 2402 Nonii
700 2372 845 2415 exemplo
877 2374 930 2416 (l,
954 2387 985 2418 p.
1005 2376 1087 2406 187.
1113 2375 1186 2405 Par.

236 2435 300 2465 wi
315 2434 331 2464 1
345 2432 456 2475 Mei-c.)
475 2433 627 2463 anlz'dlmc
642 2432 768 2474 legitur.
785 2433 889 2465 Simili
905 2436 1056 2467 varietate
1075 2442 1186 2467 nostro

233 2495 267 2526 111
297 2495 368 2526 loco
392 2493 526 2525 Grotius
547 2499 617 2537 post
640 2494 683 2524 ad
714 2495 792 2525 haec
819 2495 962 2539 scripsit,
989 2498 1021 2529 in
1045 2498 1186 2539 margine

233 2564 303 2601 post
327 2558 359 2588 id
381 2558 459 2588 Imec
488 2557 626 2597 notavit,
654 2557 756 2588 codex
781 2563 886 2590 autem
904 2560 1186 2603 'Reii-henaucnsis

233 2627 302 2663 post
325 2621 401 2652 haec
425 2619 585 2661 exhibuit,
612 2621 699 2665 quod
728 2621 842 2666 recepi.
900 2604 942 2635 ιζ’

1321 1185 1467 1231 nuyales]
1494 1186 1624 1217 Reduxi
1646 1186 1733 1229 quod
1752 1186 1784 1216 iu
1809 1186 1979 1227 marginem
1998 1186 2130 1218 Grotius
2152 1199 2198 1218 re-

1241 1250 1380 1291 jecerat,
1418 1250 1514 1290 vulgo
1544 1250 1691 1293 jugales,
1743 1255 1774 1280 at
1806 1262 1845 1280 ex
1876 1249 2012 1281 Saturae
2041 1251 2197 1281 sententia

1244 1313 1393 1345 Marciani
1419 1324 1516 1343 ausus
1545 1325 1584 1343 110
1604 1312 1706 1353 jugali
1727 1312 1855 1354 quidem
1883 1312 1948 1342 sive
1971 1312 2105 1355 nuptiali
2128 1313 2198 1354 lege

1245 1375 1371 1406 defendi
1395 1381 1547 1417 possunt,
1571 1375 1627 1405 sed
1650 1386 1755 1405 merae
1777 1386 1879 1415 nugae
1901 1380 1984 1405 sunt.

1318 1436 1450 1482 saltem]
1478 1438 1567 1478 Lego
1589 1443 1687 1469 totam
1711 1439 1791 1469 hauc
1813 1437 1985 1481 periodon,
2012 1443 2044 1469 ct
2065 1438 2199 1470 feliciter

1243 1498 1289 1541 (ni
1311 1499 1416 1541 fallor)
1438 1499 1588 1529 rcstituoz
1617 1498 1758 1530 »Saltem
1783 1498 1951 1530 Prieneiae
1983 1499 2127 1531 ausculta
2150 1500 2196 1531 ni-

1240 1562 1340 1592 hilum
1362 1568 1510 1603 gravatus
1542 1562 1735 1601 sententiae,
1763 1568 1795 1593 et
1827 1561 1858 1596 εἰ
1879 1560 1931 1608 μὴ
1961 1559 2052 1602 ὄνος
2075 1559 2197 1610 λύρας

1242 1620 1280 1658 εἷ
1304 1622 1437 1671 καιρὸν
1469 1624 1633 1670 γνῶθικ,
1667 1626 1718 1657 vel
1751 1638 1823 1657 cum
1854 1626 1933 1659 MS.
1965 1631 2014 1657 »ct
2042 1625 2076 1657 ni
2105 1623 2197 1665 ὄνος

1241 1682 1380 1732 λῦραςα
1408 1693 1467 1719 ete.
1502 1688 1629 1719 Tribuit
1651 1689 1840 1719 sententiam
1868 1688 1995 1727 Bianti,
2024 1700 2118 1732 quam
2144 1688 2196 1719 alii

1239 1750 1382 1789 Pittaco,
1412 1751 1679 1793 quemadmodmn
1697 1751 1783 1781 illam
1806 1750 1936 1795 γνῶθι
1958 1749 2107 1785 σαυτὸν
2127 1752 2194 1795 qui-

1239 1813 1310 1843 dam
1334 1813 1482 1852 Chiloni,
1510 1814 1637 1857 quidam
1659 1814 1774 1846 Soloni
1798 1814 1976 1852 ascribunt,
2003 1819 2037 1845 ut
2060 1820 2091 1845 et
2108 1815 2195 1846 illam

1238 1873 1352 1913 τέλος
1379 1870 1476 1920 ὁρᾷν
1497 1873 1599 1913 βίου.
1627 1875 1701 1907 vid.
1725 1875 1806 1906 Ans.
1824 1875 1906 1908 Lud.
1930 1875 2008 1918 Sap.
2029 1876 2062 1907 in
2079 1876 2194 1908 Ludio.

1240 1937 1403 1968 GaoT.——
1427 1937 1550 1968 Locum
1577 1938 1707 1969 dubium
1734 1944 1765 1969 et
1787 1938 1989 1981 aliquatenus
2013 1945 2099 1971 certe
2125 1952 2192 1971 cor-

1238 2004 1367 2041 ruptum
1397 1998 1528 2042 reliqui,
1559 1999 1685 2042 qualem
1717 1999 1749 2030 in
1777 1999 1870 2030 editis
1899 1999 2015 2031 inveni.
2049 2000 2100 2032 De
2123 2001 2193 2044 ipso

1238 2061 1407 2105 proverbio
1433 2059 1525 2101 ὄνος
1549 2058 1670 2108 λύρας
1700 2063 1770 2094 vide
1797 2063 1967 2094 Erasmum
1984 2064 2029 2107 (in
2048 2063 2135 2104 adag.
2159 2065 2191 2104 1,

1238 2126 1278 2165 ll,
1311 2126 1376 2165 533
1411 2138 1441 2168 p.
1468 2125 1561 2168 11Ξί).

1314 2185 1533 2231 ‹lentule-tatis]
1561 2187 1649 2227 Lege
1664 2187 1881 2225 aemule-atus,
1903 2187 2063 2229 quomodo
2084 2200 2190 2220 emcn-

1238 2247 1325 2278 daxit
1350 2247 1484 2278 similem
1513 2247 1616 2279 Taciti
1640 2247 1690 2278 sui
1716 2247 1821 2278 locum
1844 2247 1988 2290 Lipsius,
2015 2248 2066 2280 cui
2096 2261 2190 2281 euco-

1238 2310 1334 2342 mium
1358 2323 1422 2342 non
1444 2311 1541 2350 addo,
1572 2322 1613 2341 110
1638 2309 1712 2353 plus
1734 2309 1881 2341 laudibus
1910 2311 2072 2343 detraham
2095 2325 2189 2356 quam

1239 2372 1360 2403 addam.
1389 2371 1497 2403 Gloss.
1515 2370 1645 2402 Isidori:
1669 2371 1892 2411 nconnuulcat,
1920 2373 2100 2414 conculcat,
2124 2374 2188 2406 col-

1237 2435 1355 2474 ludit«,
1383 2440 1414 2466 et
1430 2434 1518 2465 alibi:
1539 2434 1674 2465 „mulcat
1688 2435 1804 2478 pugnis
1823 2436 1873 2467 vel
1891 2436 2031 2468 calcibus
2050 2438 2160 2469 caedit.
2169 2453 2180 2466 ‹-

1239 2498 1399 2532 GnoT.-—
1423 2497 1517 2528 Alios
1540 2498 1749 2541 ‹lemulqatis‚
1777 2499 1856 2531 alios
1881 2500 2054 2544 diuulqalis
2079 2501 2187 2543 legere

1237 2560 1320 2591 idem
1352 2558 1486 2600 margini
1517 2558 1706 2603 adscripsit3
1747 2572 1880 2603 quarum
1911 2566 2016 2593 tamen
2047 2562 2186 2594 omnium

1237 2623 1409 2656 lectionum
1443 2622 1559 2667 optima
1587 2628 1637 2654 est
1666 2634 1760 2667 quam
1783 2623 1852 2668 ipse
1877 2625 2061 2669 proposuit,
2090 2625 2186 2657 modo
