2310 2860
725 191 925 234 Martiani
957 189 1157 247 Capellae
1187 189 1259 232 lib.
1290 190 1364 232 VI.
1395 191 1426 242 ᾗ.
1452 189 1552 231 567.

2023 188 2114 231 485

360 301 504 351 Quam
536 300 658 342 docto
693 300 921 341 assimilant
951 297 1121 347 habitu,
1167 297 1241 352 qui
1273 296 1481 352 agalmata
1512 295 1705 339 firmant:

362 383 470 423 llinc
501 398 602 424 nam
633 382 891 438 tergeminae
921 380 1096 422 rutilant
1122 377 1175 419 de
1206 378 1363 419 vertice.
1395 377 1563 427 cristae,

363 465 491 513 Quod
523 465 614 506 dux
645 465 876 520 sanguineo
909 462 1168 519 praesulque
1201 474 1378 502 corusca
1412 458 1579 510 duello,

162 618 217 662 qui
241 618 448 665 τριτωνίαν
472 618 661 656 Παλλάδα
679 622 793 654 dietam
818 620 1019 653 arbitrantur.
1039 620 1114 652 Hoc

162 681 266 714 innuit
292 682 457 715 Arnobius
482 698 579 729 quum
603 687 661 726 ait,
687 698 727 718 ex
752 686 874 718 Granio
903 684 1115 716 Aristotelem

163 744 311 778 docuisse
335 750 528 789 argumentis
548 749 770 781 verisimilibus
786 750 962 782 Minervam
983 748 1117 780 eandem

165 818 236 839 cum
260 809 351 840 Luna
380 822 460 842 esse.
480 811 642 843 Gnor.-—-
668 812 854 843 Posteriora
877 817 998 842 tantum
1021 810 1118 841 verba

166 870 250 912 apud
284 870 465 903 Arnobium
490 874 548 915 (5,
577 885 608 916 p.
629 873 719 915 118)
751 873 917 914 leguntur,
955 872 1006 903 cui
1038 871 1118 902 adde

166 932 343 966 Eusebium
378 936 498 979 (praep.
532 948 641 977 evang.
672 938 712 976 5,
745 937 785 975 4,
818 938 880 975 11,
920 948 951 978 p.
976 934 1060 977 115)
1088 938 1121 964 et

165 994 383 1036 Augustinum
414 997 470 1039 (de
497 997 555 1029 civ.
581 997 633 1028 dei
656 999 689 1036 7,
716 996 793 1039 16),
831 997 870 1028 de
900 998 995 1028 tertia
1028 995 1119 1036 nihil,

166 1070 271 1102 neque
291 1059 455 1091 Tritoniae
480 1072 597 1091 nomen
616 1062 677 1091 buc
698 1061 849 1100 referam,
874 1060 948 1092 licet
969 1061 1030 1091 hoe
1049 1059 1121 1103 ipso

166 1123 342 1154 Minervam
373 1123 465 1165 quasi
505 1123 629 1154 Lunam
666 1123 820 1167 appellari
854 1123 944 1154 multi
979 1127 1122 1153 veterum

166 1184 358 1216 crediderint
377 1185 475 1228 (conf.
494 1184 686 1228 Harpocrat.
708 1198 737 1228 p.
752 1185 838 1216 287.
860 1183 1001 1227 Etymol.
1019 1195 1122 1224 magu.

167 1260 201 1292 p.
220 1249 302 1280 767.
321 1249 431 1279 Tzetz.
456 1248 495 1279 ad
513 1248 673 1292 Lycoplir.
691 1248 795 1293 519),
823 1248 880 1279 sed
896 1247 967 1279 vide
984 1259 1025 1279 ne
1050 1247 1123 1279 ideo

165 1309 274 1352 potins
307 1311 402 1341 tertia
431 1311 526 1341 Luna
556 1310 749 1353 appelletur,
786 1310 860 1353 quia
891 1310 970 1341 aliae
994 1321 1123 1353 quoque

171 1373 265 1412 deae,
291 1377 326 1403 ut
348 1373 452 1404 Diana
475 1378 506 1403 et
525 1373 603 1412 Isis,
628 1385 686 1416 pro
710 1373 802 1404 Luna
824 1373 1040 1411 habebantur,
1058 1373 1124 1403 fere

170 1443 204 1467 nt
236 1437 352 1468 Cicero
385 1436 417 1467 in
447 1436 536 1467 libris
566 1437 604 1467 dc
636 1442 748 1467 natura
781 1436 914 1467 deorum
949 1435 1123 1478 compluria

171 1498 314 1539 ejusdem
336 1498 474 1529 nominis
494 1497 622 1528 numina
641 1497 780 1528 numeris
799 1497 882 1529 inter
897 1509 931 1528 se
953 1497 1127 1538 distinguit.

242 1560 389 1606 firmant]
415 1562 504 1602 Lege
523 1561 676 1604 fbrmmzl.
712 1560 768 1593 Sic
796 1566 828 1592 et
854 1561 887 1592 in
913 1559 1060 1592 Arnobio
1082 1559 1129 1603 (ni

171 1620 293 1663 fallor):
318 1623 387 1654 »vel
410 1635 451 1654 ex
470 1622 619 1653 materiae
638 1634 702 1666 quo
727 1634 843 1663 genere
867 1621 1129 1654 constitutionem

172 1687 273 1731 ipsam
293 1686 530 1729 confirmaverit
551 1698 739 1730 corporum«
761 1686 932 1727 legendnm
951 1685 1129 1728 conforma-

173 1751 272 1789 verit,
306 1749 394 1792 quod
424 1753 531 1779 tamen
558 1759 623 1779 non
652 1747 860 1778 dissimulabo
892 1753 925 1779 et
952 1747 1130 1779 Meursium

173 1824 290 1853 meum,
314 1812 514 1844 canescentis
537 1810 656 1852 ingenii
681 1811 855 1854 pubedam,
880 1810 1009 1841 vidisse.
1025 1809 1131 1841 Gno‘r.

176 1893 224 1899 —
249 1874 353 1906 Recte
393 1873 596 1905 doctissimus
623 1872 757 1904 Grotius
787 1873 950 1915 agalmata
978 1871 1131 1913 for-mant.

178 1935 302 1966 Doctus
333 1935 461 1966 habitus
491 1933 750 1976 hieroglyphieus
783 1938 848 1972 est,
884 1932 1131 1973 aenigmatodes.

176 1997 273 2030 Ratio
292 1997 435 2041 po‘e'tiees
453 1996 657 2040 Capelliana,
682 2008 700 2027 a
723 2008 786 2038 qua
818 1995 912 2026 isthic
932 1995 1133 2027 membranae

177 2061 272 2093 nobis
300 2060 436 2092 collatae
460 2072 526 2091 non
544 2059 736 2090 absentiunt.
753 2059 878 2090 Bmm.
904 2059 957 2103 (ad
980 2058 1062 2092 Stat.
1083 2058 1132 2099 Π,

178 2136 209 2167 p.
227 2122 324 2165 401).
342 2141 389 2146 ——
421 2121 565 2163 Cangius
587 2121 619 2152 in
639 2121 795 2162 glossario
822 2122 906 2153 bunc
924 2126 1067 2153 nostrum
1086 2120 1134 2153 lo-

181 2197 253 2217 cum
273 2185 318 2216 ita
336 2184 455 2223 laudat,
484 2189 519 2214 ut
536 2183 665 2227 fiuyunt
685 2184 782 2225 legat,
803 2196 900 2227 quare
923 2196 1020 2227 quum
1039 2183 1133 2214 lectio

180 2246 302 2280 ineerta
325 2247 386 2288 sit,
409 2245 507 2278 malui
523 2245 602 2277 nibil
621 2258 715 2289 quam
737 2257 834 2289 prave
860 2246 1037 2278 emendare.
1072 2247 1134 2278 Ce-

182 2316 286 2342 terum
314 2310 406 2341 aliam
432 2309 580 2341 Minervii
608 2309 734 2341 babitus
759 2310 1002 2354 explicationem
1026 2310 1135 2342 itidem

183 2373 389 2418 symbolicam
403 2373 532 2404 exhibet
544 2373 735 2415 Fulgentius
751 2373 894 2418 (mythol.
911 2374 945 2414 2,
965 2374 1006 2416 2,
1023 2375 1135 2419 p.667

181 2437 296 2481 stan).

260 2496 468 2544 terqeminae]
499 2498 706 2543 Terqeminae
723 2500 840 2532 cristae
856 2500 889 2532 in
906 2499 1050 2532 Palladis
1072 2499 1135 2544 pie-

185 2562 266 2595 turis
287 2560 506 2594 observandae
529 2566 619 2601 sunt,
646 2561 785 2594 indicant
805 2562 889 2594 enim
909 2575 978 2594 eam
995 2562 1135 2595 fulminis

187 2625 297 2666 etiam,
321 2624 408 2668 quod
437 2623 636 2667 trianyulum
661 2624 765 2667 {quem
797 2625 849 2659 hie
874 2630 966 2658 vocat
991 2624 1135 2669 Capella,

1165 624 1357 664 potestatem
1377 618 1514 658 babere,
1547 616 1634 660 quod
1657 614 1808 647 traditum
1833 612 1949 647 Scrsio
1975 611 2015 643 ad
2034 610 2117 643 Aen.

1170 685 1202 716 1.
1220 684 1398 716 mendosus
1415 683 1448 714 in
1470 682 1518 714 bis
1536 681 1632 712 rebvs
1656 685 1706 711 est
1715 681 1867 711 Athricus
1891 676 2027 720 scriptor
2046 679 2118 706 ante

1168 748 1247 780 haee
1270 753 1407 791 quatuor
1443 745 1551 778 secula
1587 750 1699 784 notus,
1732 748 1767 774 ut
1800 742 1875 774 alibi
1907 739 2119 773 ostendimus:

1177 811 1375 851 »Minerva«,
1408 810 1528 854 inquit,
1558 808 1764 852 »pingebatur
1789 818 1807 837 a
1831 804 1934 849 po'etis
1955 804 1988 834 in
2011 801 2118 834 simili·

1170 875 1312 906 tudinem
1353 874 1448 905 unius
1483 872 1628 904 dominae
1658 875 1794 902 armatae
1824 869 1923 900 lorica
1955 872 1987 898 et
2015 864 2120 907 gladio

1171 938 1346 977 accinetae,
1377 937 1468 978 cujus
1488 942 1582 980 caput
1607 935 1665 966 viri
1691 933 1871 967 deeinetum
1895 931 2011 962 circum
2035 933 2121 967 erat,

1172 1000 1339 1044 ipsamque
1356 998 1456 1030 cassis
1475 1010 1545 1030 cum
1572 998 1667 1028 crista
1688 996 1826 1038 desuper
1849 992 2026 1034 detegebat.
2050 989 2125 1033 Ipsa

1174 1067 1279 1093 alitem
1303 1061 1445 1092 lanceam
1474 1059 1603 1090 tenebat
1632 1058 1664 1089 iu
1690 1057 1816 1096 dextra,
1841 1055 1874 1086 in
1903 1054 2028 1085 sinistra
2050 1061 2126 1082 vero

1175 1128 1300 1154 scutum
1321 1120 1538 1164 crystallinum
1560 1120 1711 1158 babebat,
1737 1118 1823 1162 quod
1849 1121 1945 1160 eaput
1966 1113 2129 1155 Gorgonis

1175 1196 1193 1215 a
1216 1183 1338 1215 cervice
1366 1183 1569 1226 serpentibus
1592 1187 1791 1213 monstrosae
1817 1179 2009 1213 continebat.
2036 1178 2127 1210 Hace

1175 1246 1271 1288 igitur
1304 1244 1416 1276 oculos
1447 1244 1584 1275 habebat
1627 1244 1813 1288 splendidos
1855 1242 1972 1288 triplici
2011 1240 2129 1274 colore.

1175 1309 1314 1341 Pallium
1345 1307 1497 1339 induebat
1523 1308 1706 1340 distinctum
1734 1321 1847 1350 aureo,
1886 1320 2063 1354 purpureo,
2099 1316 2129 1341 et

1177 1372 1317 1405 coelesti.
1355 1372 1456 1403 Juxta
1484 1383 1517 1402 se
1542 1372 1678 1403 habebat
1705 1372 1820 1403 olivam
1843 1372 1974 1404 viridem
2003 1374 2129 1417 pictam,

1177 1435 1316 1477 desuper
1345 1446 1450 1474 avem,
1483 1446 1564 1478 quae
1596 1435 1711 1465 dicitur
1744 1440 1876 1475 noctua,
1910 1436 2122 1467 volitantemm

1179 1498 1304 1529 anru.
1323 1497 1376 1541 (ad
1402 1497 1485 1529 Stat.
1504 1497 1552 1537 11,
1578 1510 1608 1541 p.
1626 1497 1779 1540 402.)-
1792 1498 2000 1539 Tergeminae
2018 1499 2129 1531 cristae

1180 1567 1211 1592 et
1237 1561 1312 1592 alibi
1338 1566 1524 1600 occurrunt,
1555 1565 1591 1592 ut
1620 1560 1652 1592 in
1677 1560 1778 1592 Turni
1802 1561 1891 1604 galea
1916 1563 2000 1606 apud
2025 1563 2130 1604 Virgi-

1179 1623 1257 1655 lium
1278 1623 1373 1666 (Aen.
1390 1624 1423 1661 7,
1445 1622 1547 1665 783)=

1238 1686 1319 1718 „Cui
1337 1685 1453 1729 triplici
1477 1685 1589 1718 crinita
1607 1685 1687 1727 juba
1707 1686 1800 1730 qalea
1819 1687 1886 1718 alta
1908 1688 2100 1719 chimaeram

1230 1747 1392 1780 Sustinet«
1416 1766 1462 1770 —
1483 1765 1530 1770 --

1180 1809 1344 1842 Minervae
1375 1821 1432 1840 nee
1455 1808 1556 1841 Silius
1579 1807 1632 1852 (9,
1659 1808 1747 1851 443)
1768 1821 1828 1842 nec
1855 1810 2053 1843 Claudianus
2081 1810 2133 1853 (de

1181 1879 1261 1917 rapt.
1281 1874 1373 1904 Pros.
1397 1873 1436 1912 2,
1463 1873 1508 1904 21
1535 1878 1565 1904 et
1589 1872 1672 1916 145)
1696 1885 1749 1904 ens
1773 1873 1924 1906 tribuunt.

1259 1935 1374 1980 duello]
1402 1937 1488 1968 Hinc
1510 1937 1687 1980 appellatur
1712 1933 2002 1981 πολεμοκλόνος
2019 1937 2133 1981 (batra-

1183 1998 1286 2030 ehom.
1305 1998 1408 2040 267),
1433 1994 1700 2043 πολεμητόκος
1722 1998 1837 2042 (Orph.
1853 2001 1959 2043 hymn.
1975 2001 2036 2041 51,
2065 1999 2134 2041 10),

1184 2056 1294 2107 ἀρεὶα
1321 2060 1432 2104 (Paus.
1455 2062 1490 2100 1,
1517 2061 1582 2101 28,
1608 2061 1659 2103 5),
1697 2061 1876 2108 στρατεία
1898 2063 2042 2107 stucian.
2061 2062 2134 2094 dial.

1184 2128 1311 2156 meretr.
1331 2124 1370 2163 93
1397 2123 1436 2154 T.
1458 2123 1556 2162 VIII,
1583 2135 1612 2166 p.
1628 2124 1700 2155 254
1717 2124 1803 2167 Bip.)
1824 2121 2022 2170 ιξλκιμάχη
2047 2124 2133 2168 (Sui-

1184 2186 1241 2218 das
1267 2200 1297 2230 p.
1319 2186 1420 2229 117),
1453 2187 1563 2218 bellica
1590 2185 1699 2230 (Ovid.
1722 2188 1793 2219 fast.
1815 2189 1854 2228 5,
1887 2190 1977 2229 8143
2004 2193 2077 2219 met.
2094 2188 2133 2226 4,

1186 2250 1269 2280 755.
1297 2249 1335 2288 5,
1361 2248 1446 2291 46),
1475 2249 1626 2292 belligera
1651 2249 1805 2293 (Martial.
1835 2251 1868 2289 7,
1898 2251 1936 2290 1,
1968 2251 1997 2280 1.
2019 2248 2133 2280 Senec.

1184 2311 1282 2344 Herc.
1305 2312 1365 2342 fur.
1391 2310 1493 2354 501),
1525 2313 1674 2344 bellatrix
1701 2312 1809 2357 (Ovid.
1830 2312 1908 2343 trist.
1935 2313 1972 2351 1,
1999 2313 2038 2351 5,
2069 2311 2136 2350 765

1185 2378 1262 2407 met.
1278 2373 1312 2413 S,
1335 2373 1418 2405 264.
1436 2372 1537 2405 Silius
1554 2375 1589 2414 5,
1611 2374 1715 2418 525),
1735 2385 1849 2417 aspera
1868 2374 1940 2405 belli
1954 2372 2134 2416 (Claudian.

1188 2442 1269 2480 rapt.
1291 2436 1386 2467 Pros.
1410 2437 1449 2476 2,
1477 2436 1555 2479 20),
1587 2438 1661 2469 belli
1688 2438 1857 2469 metuenda
1885 2438 1996 2479 viraqo
2019 2435 2135 2479 (Ovid.

1188 2505 1262 2532 met.
1282 2499 1322 2540 2,
1353 2500 1455 2542 765),
1478 2501 1552 2532 belli
1578 2508 1690 2544 polens
1713 2500 1813 2544 (Stat.
1835 2500 1934 2531 Theb.
1961 2500 2002 2540 2,
2028 2500 2136 2542 715).

1188 2565 1261 2596 belli
1283 2575 1412 2606 praeses
1432 2563 1630 2607 (Virg.Aen.
1649 2565 1706 2602 11,
1730 2564 1813 2594 485.
1831 2561 1956 2594 Auson.
1973 2562 2070 2606 epigr.
2091 2562 2135 2606 1),

1188 2632 1220 2660 et
1251 2629 1363 2673 reqina
1385 2628 1537 2661 bellorum
1561 2627 1657 2671 (Stat.
1684 2625 1753 2657 silv.
1777 2626 1817 2668 4,
1838 2627 1876 2667 5,
1897 2625 1976 2670 25),
2003 2637 2137 2671 pugnas

1651 2688 1695 2718 Gi
1722 2684 1744 2709 *
