2310 2860
757 189 956 232 Martiani
993 189 1193 247 Capellae
1230 189 1304 232 lib.
1325 189 1379 231 ΙΙ.
1423 190 1578 243 §.174

187 306 226 338 et
261 296 474 352 pabulum
516 297 660 338 multis
701 297 947 353 praebuerit
989 296 1235 353 disciplinis.

184 377 458 433 pudicissima
505 378 774 433 puellarum,

2060 193 2147 235 227

839 391 952 433 quae
995 377 1166 434 praesul
1224 376 1379 419 domus
1424 387 1651 434 custosque
1696 379 1936 435 Cylleniae,
1990 395 2146 423 verum

183 457 364 499 Themis
409 468 482 499 aut
520 459 695 499 Astraea
745 467 819 499 aut
860 458 1043 513 Erigone
1088 457 1332 501 dicebatur:
1374 461 1509 517 spicas
1557 476 1711 514 manu,
1757 463 2057 519 caelatumque
2094 478 2146 504 ex

184 538 351 580 hebeno
390 541 586 596 pinacem
627 539 890 596 argumentis
930 539 1085 580 talibus
1125 538 1340 581 afferebat.

185 633 299 674 quae
317 620 402 661 Ibis
422 629 689 662 memoratur
716 619 767 660 ab
792 618 951 660 incolis.
992 618 1074 659 Sed
1105 633 1204 660 cum
1225 629 1370 676 petaso
1398 631 1546 663 vertex
1579 632 1706 678 atque
1737 639 1781 665 os
1802 624 2147 680 pulcherrimum
2180 623 2264 664 176

185 739 366 771 alumnam«
395 740 483 772 dixit.
535 741 728 784 Quanquam
757 739 802 771 ibi
826 740 957 771 dubium
988 750 1059 770 esse
1085 751 1140 783 po·
1184 741 1243 785 (3,
1273 743 1338 784 10,
1367 743 1400 774 9.
1422 755 1454 786 p.
1477 743 1550 775 254
1574 742 1698 786 Spald.)
1716 745 1883 786 evolvere,
1911 744 1966 776 ubi
1992 745 2031 777 de
2058 745 2145 777 vario

186 809 265 843 test,
304 809 410 835 utrum
439 804 480 835 sit
508 815 545 835 ea
576 816 656 847 quae
686 803 765 843 alat,
794 815 834 834 an
859 815 895 834 ea
916 815 997 847 quae
1021 802 1141 843 alatur3

184 873 294 898 nostro
317 868 389 899 loeo
409 873 494 899 certe
514 867 613 899 active
635 867 854 911 accipiendum
872 873 922 899 est
942 867 982 898 de
999 878 1036 898 ea
1058 878 1140 911 quae

184 929 321 968 ιιΙιιει-ίί,
346 934 381 960 ut
399 930 483 972 apud
507 928 623 960 Silium
652 928 704 972 (9,
728 928 831 972 552):

287 1008 334 1013 --
352 1008 399 1012 —
420 991 545 1021 ”lumen
566 990 711 1021 alumnae

234 1054 453 1085 Hannibalem
477 1055 595 1095 Lz'lryae
616 1055 693 1097 pelli
711 1054 903 1097 florentibus
932 1055 1057 1085 annis.‹1

255 1126 451 1172 praebuerit]
479 1128 526 1159 Ita
549 1141 606 1171 pro
632 1128 788 1160 Grotiano
810 1129 1003 1171 praebuerat
1025 1125 1140 1158 melius

181 1191 393 1223 Monacenses
419 1191 473 1235 (C.
495 1192 537 1225 l).
560 1191 619 1235 E),
646 1191 869 1231 Britannicus,
899 1190 1140 1232 Cantabrigien-

184 1255 244 1296 sis,
266 1256 548 1296 nummu-ensis,
571 1261 602 1287 et
619 1261 701 1287 teste
720 1255 833 1287 Cortio
852 1255 1140 1298 Guelferbytanus:

184 1327 280 1348 eausa
302 1317 386 1348 enim
403 1317 608 1361 praelationis
631 1322 663 1348 et
683 1317 922 1360 approbationis
945 1316 1140 1360 exprimitur.

942 1393 1140 1432 Themidem‚

185 1456 355 1489 Astraeam
380 1463 412 1488 et
446 1456 620 1497 Erigonem
650 1467 746 1487 unam
779 1456 976 1499 eandemque
1008 1455 1142 1487 diversis

263 1391 411 1438 Themis]
452 1393 545 1436 Quae
584 1392 708 1423 Latinis
743 1392 886 1423 «Iustitia.

183 1526 306 1552 tantum
346 1519 527 1552 nominibus
565 1531 637 1550 csse
680 1519 888 1563 appellatam,
935 1524 1021 1550 recte
1063 1518 1143 1550 dixit

184 1589 313 1616 secutus
343 1589 466 1615 veteres
491 1582 618 1627 (virgil.
643 1582 702 1614 ecl.
725 1583 761 1622 4,
784 1584 824 1622 63
863 1594 972 1624 georg.
992 1583 1026 1621 2,
1054 1582 1140 1615 474.

183 1647 278 1679 ovid.
302 1652 376 1678 mot.
399 1648 430 1684 1.
458 1647 538 1677 150.
567 1647 600 1686 7,
631 1646 724 1685 7673
751 1645 822 1676 fast.
848 1646 880 1682 1,
912 1645 995 1675 249.
1022 1631 1142 1676 catuli.

184 1704 244 1749 (383
271 1711 353 1742 155.
377 1708 526 1740 Juvenal.
552 1709 591 1747 6,
617 1708 673 1739 19.
702 1705 803 1738 Arae
820 1707 900 1739 152.
932 1708 1014 1739 155.
1031 1706 1141 1738 Manil.

184 1772 218 1811 4,
244 1773 302 1803 85.
327 1771 406 1801 194.
433 1770 514 1801 544.
541 1768 662 1812 Hygin.
680 1767 744 1801 sab.
764 1769 852 1808 1503
882 1773 1000 1799 astron.
1018 1768 1057 1808 2,
1082 1768 1141 1800 25.

184 1845 213 1876 p.
236 1833 305 1864 401
333 1832 464 1865 Mum-k.
491 1830 610 1863 Minue.
629 1830 698 1861 Pel.
719 1830 784 1870 21,
815 1829 884 1872 16).

260 1905 377 1950 spicas]
403 1904 586 1937 Attrihutas
611 1904 758 1935 nimirum
775 1903 889 1944 virgini
910 1903 1042 1935 coelesti
1072 1904 1140 1935 sive

184 1970 344 2011 Erigonae
374 1968 463 2013 (Cic.
490 1967 532 2000 N.
557 1968 598 1998 D.
624 1967 664 2008 2,
692 1967 742 1998 42
766 1967 787 1998 f.
816 1966 935 2009 llygiu.
963 1971 1082 1999 astron.
1104 1968 1140 2007 5,

185 2035 243 2066 24.
267 2047 297 2078 p.
316 2033 388 2064 444
412 2031 540 2064 Munck.
572 2030 712 2062 Mam-oh.
737 2029 805 2063 Sat.
830 2031 867 2069 1,
892 2029 963 2072 21).

258 2108 423 2154 pinacem]
452 2110 562 2152 Qqum
588 2108 764 2139 anteriores
789 2107 945 2139 editiones
966 2117 1141 2150 omnesque

186 2173 258 2205 libri
294 2172 404 2216 scripti
439 2182 552 2203 vocem
584 2169 708 2201 Latinis
743 2169 807 2200 illis
840 2168 942 2200 literis
981 2173 1140 2199 exaratam

187 2237 374 2280 praebeant3
410 2248 427 2267 a
453 2234 569 2267 Grotio
591 2238 715 2265 tantum
736 2232 876 2265 Graecas
899 2232 1007 2264 literas
1025 2231 1141 2263 substi-

187 2304 272 2330 tutas
294 2298 393 2329 fuisse
417 2296 572 2341 suspicor.

262 2371 473 2418 arqumentis]
499 2371 699 2414 Argumenta
722 2376 797 2403 sunt
822 2370 953 2402 artificia
974 2369 1141 2412 ingeniosa

190 2441 222 2467 et
244 2441 371 2477 arguta,
397 2434 481 2465 unde
501 2434 756 2476 Quinctilianus:
782 2432 837 2464 »In
858 2432 991 2476 picturis
1012 2443 1140 2476 quoque

190 2503 417 2544 argumentosa
438 2508 534 2540 opera
556 2509 707 2528 vocamus
729 2497 923 2538 ingeniosam
957 2495 1111 2528 Ovidius:

241 2581 287 2587 -·
307 2562 436 2604 nLonqo
454 2560 635 2592 caelaverat
654 2565 859 2601 argumento«

191 2627 295 2660 Gnor.
307 2645 354 2650 —-—
371 2623 482 2656 Alium
503 2622 640 2656 debebat
660 2623 745 2667 apud
761 2621 1015 2666 Quinctilianum
1036 2621 1143 2654 locum

1190 805 1285 846 liujus
1307 805 1395 838 vonis
1419 817 1516 837 sensu
1541 806 1678 838 disserit.
1723 807 1826 838 Paulo
1858 808 1990 839 inferius
2015 808 2145 839 Martia·

1191 881 1253 900 nus
1279 867 1321 913 (ξ.
1343 869 1427 913 177)
1448 869 1569 901 verbis:
1600 872 1728 914 »sponsi
1748 876 1958 912 cognosceret
1977 882 2146 915 arqumen-

1191 939 1278 965 tum«
1306 932 1375 976 ipse
1398 933 1554 973 declarat,
1581 933 1732 966 Mercurii
1756 934 1936 978 symbolum
1963 934 2146 977 esscBintel·

1190 995 1363 1039 lige-ndum.
1403 996 1481 1030 Alio
1510 997 1604 1029 etiam
1635 998 1706 1030 loco
1737 998 1780 1042 (ξ.
1803 998 1889 1042 455)
1914 1010 2045 1031 corvum
2072 997 2150 1029 dicit

1190 1062 1354 1104 Apollinis
1372 1073 1444 1093 esse
1463 1068 1696 1105 arqumenlum.
1721 1062 1848 1093 Pariter
1863 1060 2047 1105 Appulejus
2060 1061 2148 1104 (met.

1193 1124 1250 1155 11.
1275 1135 1306 1166 p.
1328 1124 1399 1154 757
1424 1122 1526 1166 oud.)
1551 1124 1674 1155 dixerat
1700 1123 1827 1166 planam
1849 1124 2076 1155 rotunditatem
2097 1135 2148 1155 ar·

1190 1193 1379 1231 ytemenmm
1403 1199 1474 1218 esse
1504 1187 1625 1219 Lunae.
1648 1187 1746 1219 Haud
1769 1188 1850 1219 male
1877 1188 1904 1218 F
1907 1187 2079 1219 orcellinus
2101 1187 2149 1231 (in

1190 1248 1308 1292 lexico)
1330 1249 1415 1280 idem
1442 1249 1602 1281 interdum
1622 1261 1694 1281 esse
1721 1249 1781 1289 ait,
1810 1249 1897 1292 quod
1928 1249 2015 1282 Galli
2032 1255 2149 1282 vocent

1191 1325 1296 1345 armes
1324 1314 1513 1357 parlantes,
1548 1313 1648 1345 Plinii
1673 1312 1820 1357 exemplo
1848 1325 1944 1353 usus,
1975 1313 2030 1357 qui
2057 1313 2148 1355 (hist.

1191 1383 1254 1408 nat.
1276 1377 1342 1416 56,
1372 1377 1413 1416 5,
1443 1376 1480 1419 4)
1507 1377 1547 1408 de
1576 1376 1681 1409 Sauro
1713 1383 1745 1409 et
1773 1377 1934 1409 Batracho
1968 1376 2148 1409 architectis

1190 1438 1328 1480 loquens
1354 1437 1544 1468 »etiamnum
1565 1438 1599 1469 in
1620 1437 1839 1470 columnarum
1872 1438 1972 1482 spinis
1989 1438 2149 1481 insculpta

1192 1502 1358 1531 nominum
1381 1512 1491 1531 eorum
1513 1507 1722 1544 argumenta«
1744 1501 1802 1541 ait,
1831 1501 1981 1534 lacertam
2000 1502 2148 1533 nimirum

1193 1570 1287 1607 atque
1303 1575 1422 1597 ranam.
1441 1564 1593 1595 Ceterum
1606 1565 1839 1608 hiet-oylyphica
1854 1565 1943 1606 signa
1961 1577 2043 1606 esse,
2066 1577 2149 1609 qnae

1194 1630 1387 1668 sequuntur,
1419 1625 1522 1667 quivis
1550 1625 1685 1665 videbit,
1710 1626 1936 1669 ignoscetque‚
1964 1627 2076 1659 sinon
2101 1632 2149 1658 to-

1193 1693 1257 1719 tam
1278 1699 1389 1719 eorum
1410 1687 1473 1718 vim
1493 1687 1644 1730 indagare
1666 1690 1831 1732 hucusque
1854 1689 1952 1721 licuit.

1266 1750 1347 1797 Ibis]
1373 1751 1465 1784 Haec
1493 1752 1577 1784 enim
1595 1751 1662 1784 avis
1686 1752 1847 1784 Mercurio
1871 1764 1960 1785 saera
1981 1752 2065 1796 apud
2084 1751 2149 1784 Ae-

1191 1813 1328 1857 gyptios.
1367 1813 1462 1844 Plato
1486 1814 1519 1846 in
1541 1814 1663 1846 Phaed.
1680 1810 1853 1849 Ἲ-Ικουόα
1875 1813 2031 1857 τοίνυν,
2061 1811 2150 1860 περὶ

1193 1871 1423 1920 Ναύκρατιν
1442 1874 1514 1920 τῆς
1533 1872 1739 1921 Αἰγύπτου
1759 1874 1947 1921 γενέὸθαι
1970 1874 2051 1910 τῶν
2073 1875 2151 1911 ἐκεῖ

1192 1934 1375 1969 παλαιῶν
1408 1933 1493 1970 τινὰ
1525 1934 1650 1980 θεῶν,
1679 1929 1727 1971 οὗ
1762 1934 1827 1971 καὶ
1856 1934 1901 1971 τὸ
1938 1934 2074 1983 ὄρνεον
2105 1934 2148 1970 τὸ

1192 1994 1294 2043 ἱερὸν
1317 1994 1337 2030 ὅ
1357 1995 1404 2042 δὴ
1425 1997 1612 2033 καλοῦσιν
1635 1997 1727 2038 ἶβιν·
1755 1995 1863 2045 αὐτῷ
1887 1996 1927 2032 δὲ
1949 1996 2071 2042 ὄνομα
2094 1997 2149 2043 τῷ

1192 2057 1346 2103 δαίμονι
1363 2054 1462 2093 εἶναι
1478 2058 1594 2094 ecee.
1612 2059 1772 2092 Gnor.—
1787 2059 1875 2102 Lege
1892 2060 2024 2101 Θωυθ,
2042 2071 2149 2102 quem-

1192 2121 1363 2153 admodum
1386 2121 1539 2153 Clemens
1560 2120 1800 2153 Alexandrinus
1819 2120 1944 2166 (strom.
1968 2123 1998 2153 1.
2018 2134 2048 2165 p.
2062 2119 2148 2161 505)

1192 2184 1277 2227 apud
1294 2184 1463 2215 Platonem
1476 2184 1542 2225 jam
1558 2183 1690 2225 legerat.
1710 2184 1817 2226 Quam
1836 2183 1965 2227 quidem
1979 2182 2146 2213 lectionem

1192 2245 1292 2276 multo
1325 2245 1490 2276 meliorem
1526 2256 1597 2276 esse
1629 2245 1700 2289 ipsa
1735 2250 1894 2276 testantur
1929 2255 2009 2288 quae
2044 2243 2146 2273 adhue

1192 2313 1364 2351 supersunt
1386 2311 1590 2338 monumenta
1612 2307 1803 2351 (Palaeogr.
1828 2306 1895 2337 crit.
1914 2305 1972 2337 IV.
1999 2303 2026 2347 ἓ.
2048 2302 2145 2346 605),

1191 2368 1224 2403 id
1245 2369 1331 2412 quod
1353 2374 1463 2401 contra
1486 2375 1600 2400 tenues
1619 2373 1651 2400 et
1669 2368 1761 2399 valde
1784 2368 1923 2398 infirmas
1944 2363 2068 2396 Osanni
2089 2364 2143 2395 oh-

1187 2430 1346 2477 jcetiones
1372 2430 1452 2462 evici
1474 2431 1516 2474 (v.
1539 2429 1678 2471 Allgem.
1697 2429 1871 2462 Schulzcit.
1897 2426 2002 2457 1828.
2022 2425 2066 2458 II.
2085 2426 2145 2457 82.

1193 2505 1223 2536 p.
1240 2492 1337 2536 665).
1364 2492 1432 2525 Sed
1451 2497 1485 2523 ut
1512 2492 1552 2523 ad
1574 2492 1698 2523 Ibidem
1730 2490 1862 2532 ejusque
1890 2499 1961 2518 cum
1983 2486 2144 2519 Mercurio

1193 2556 1450 2598 conjunctionem
1474 2556 1575 2588 oratio
1597 2555 1722 2593 redeat,
1751 2556 1877 2596 praeter
1899 2562 1954 2591 ea,
1976 2562 2058 2594 quae
2077 2550 2142 2583 Ae—

1193 2618 1296 2650 lianus
1322 2618 1367 2661 (in
1389 2618 1462 2650 hist.
1483 2617 1607 2650 animal.
1631 2616 1693 2653 10,
1717 2613 1779 2656 29)
1799 2612 1852 2644 vix
1868 2611 1953 2644 lectu
1979 2612 2073 2655 digna
2095 2624 2142 2643 rt·-

1666 2670 1746 2705 29*

1304 296 1434 339 Venit
1471 297 1598 338 etiam
1644 297 1859 354 quaedam
1903 298 2055 340 decens
2096 315 2142 341 ac
2176 303 2259 344 174

1404 541 1508 583 Erat
1544 542 1586 582 in
1625 542 1766 584 medio
1805 544 1893 586 avis
1931 545 2153 600 Aegyptia,
2184 539 2266 582 175
