2310 2860
663 159 863 201 Martiani
902 158 1104 215 Capellae
1144 158 1216 200 lib.
1238 159 1293 202 II.
1321 161 1354 213 §.
1379 160 1477 203 155.

1970 165 2051 205 187

81 266 302 312 vomueris
338 265 542 324 forasque
579 265 824 318 diffuderis,
879 265 1206 309 immortalitatis
1243 265 1389 309 sedem
1427 267 1671 310 nullatenus
1708 268 1929 312 obtinebis.
1992 271 2051 313 At

80 350 154 394 illa
182 350 302 393 omni
331 350 430 392 nisu
459 363 704 406 magnaque
735 349 778 391 vi
810 348 1023 405 quidquid
1063 349 1174 392 intra
1202 359 1349 406 pectus
1379 364 1550 406 semper
1589 361 1775 394 senserat
1804 350 2047 394 evomebat.

80 431 212 475 Tune
249 447 353 475 vero
392 432 464 474 illa
502 446 661 474 nausea
702 447 750 474 ac
786 431 962 474 vomitio
996 431 1188 476 laborata
1217 432 1260 474 in
1290 432 1569 489 omnigenum
1608 434 1750 489 copias
1779 433 2042 476 convertitur
2081 431 2169 476 ¹56

78 511 317 555 literarum.
351 513 538 555 Cernere
569 523 679 566 erat,
716 514 792 570 qui
819 513 918 555 libri
944 522 1192 569 quantaque
1222 511 1468 563 volumina,
1500 521 1604 568 quot
1633 512 1879 568 linguarum
1911 527 2046 569 opera

78 608 134 638 ex
154 609 230 636 ore
253 595 427 651 virginis
456 595 714 637 defluebant.
752 595 849 637 Alia
874 610 926 637 ex
951 609 1117 650 papyro
1142 609 1254 650 quae
1277 594 1403 636 cedro
1434 594 1584 650 perlita
1607 593 1747 636 fuerat
1767 593 2049 647 videbantur3

79 673 148 717 alii
174 675 405 718 carbasinis
436 676 728 718 voluminibus
752 676 994 732 complicati
1023 676 1149 730 libri;
1179 691 1235 717 ex
1266 676 1405 717 ovillis
1435 675 1561 717 multi
1591 690 1768 732 quoque
1797 675 2051 731 tergoribus,

78 784 281 827 coaptis-sima
305 784 338 816 in
372 783 475 816 editis.
514 782 694 817 Vulcanius
721 783 810 817 illam
828 785 898 826 jam
926 783 1041 830 proba-

80 850 182 885 verat,
205 850 238 877 ct
260 845 397 877 testibus
415 845 527 877 Cortio
549 849 582 878 et
596 845 775 878 Arutzenio
792 846 894 891 (misc.
908 859 938 890 p.
955 844 1044 890 209)

79 907 123 939 ita
158 907 254 940 etiam
291 907 325 939 in
361 906 617 951 Guelferbytano
654 913 689 940 et
721 908 883 940 vossiano
915 908 1042 950 legitur.

78 969 252 1014 ffiusmodi
284 976 389 1003 autem
418 971 686 1016 superlativorum
718 972 864 1016 exempla
885 971 1044 1017 permulta

77 1031 230 1067 Bai-thius
254 1034 300 1078 (in
327 1034 448 1066 advers.
482 1047 515 1078 p.
538 1034 648 1078 1648)
671 1034 769 1067 dabit.
802 1035 920 1067 Melius
949 1035 1044 1068 etiam

79 1096 119 1132 ab
136 1097 229 1129 initio
249 1097 447 1129 Drcsdensis
465 1098 568 1130 codex
594 1098 674 1130 ”nisi
693 1098 798 1142 inquit
821 1099 919 1131 haec«
948 1111 1043 1144 quam

79 1159 215 1194 Grotius
248 1160 331 1192 »nisi
352 1162 431 1194 haec
456 1160 579 1205 inquit«
610 1161 715 1194 habet.

151 1222 335 1270 vomueris]
362 1224 426 1257 vel
449 1224 624 1269 Chrysippi
647 1231 681 1257 et
700 1223 878 1257 Carneadis
900 1224 1043 1258 hellebo-

79 1297 152 1318 rum
175 1285 217 1330 (§.
245 1285 334 1330 527)
359 1286 392 1318 in
425 1292 531 1319 mente
554 1287 665 1319 habuit
689 1293 822 1329 noster,
854 1287 906 1319 vel
939 1287 1043 1320 Cebe-

79 1348 122 1385 tis
153 1349 315 1390 tabulam,
356 1349 413 1381 ubi
448 1350 531 1394 (pag.
563 1349 648 1394 191)
677 1356 745 1382 tum
775 1351 902 1383 demum
939 1351 1044 1383 sanari

80 1416 225 1443 errantes
262 1410 415 1442 docemur
450 1422 567 1454 »quum
598 1411 766 1455 repudiata
801 1412 873 1443 salsi
905 1412 1043 1444 nominis

80 1472 262 1506 eruditione
296 1484 403 1503 veram
439 1472 576 1513 ingressi
606 1472 707 1513 viam,
738 1475 957 1517 purgatricem
981 1474 1044 1505 vim

81 1538 233 1576 biberint,
250 1541 282 1567 et
297 1535 379 1567 mala
395 1536 512 1576 omnia,
537 1536 653 1580 quibus
668 1542 853 1578 urgeantur,
867 1538 1042 1581 ejecerint«

158 1612 284 1644 semper
312 1597 477 1644 senserat]
514 1599 564 1632 Ita
595 1600 810 1632 Monacenses
836 1600 894 1644 (B.
919 1601 960 1632 D.
982 1598 1044 1646 Ε),

79 1661 370 1702 Reiclienauensis,
385 1661 664 1703 DariustattensiS,
678 1661 896 1702 Britannicus,
915 1667 947 1693 et
962 1668 1044 1694 teste

81 1724 195 1760 Cortio
232 1723 526 1768 Guelferbytanus,
559 1723 647 1767 quod
682 1724 793 1769 utique
816 1725 963 1769 praefero
995 1724 1043 1756 in-

82 1789 191 1822 audito
219 1788 267 1820 illi
295 1788 454 1822 Grotiauo
483 1794 736 1832 »pei-senserat.-

159 1848 291 1895 papyro]
318 1850 369 1881 De
395 1862 434 1882 ea
456 1855 584 1894 practer
601 1850 648 1881 rei
667 1850 889 1894 diplomaticae
910 1849 1043 1894 scripto·

81 1923 134 1945 res
168 1923 284 1956 operae
320 1912 459 1956 pretium
490 1911 551 1944 erit
585 1911 731 1944 conferre
763 1910 962 1956 Scheybium
989 1910 1044 1955 (de

82 1974 146 2007 tab.
176 1973 326 2016 Peuting.
359 1986 390 2018 p.
413 1973 504 2017 60),
547 1973 759 2006 Munckerum
800 1974 861 2018 (ad
895 1973 1045 2016 Fulgent.

81 2038 180 2083 myth.
201 2051 233 2082 p.
248 2037 327 2081 19);
355 2036 623 2081 Oudendorpium
644 2037 698 2081 (ad
715 2036 869 2082 Appulej.
897 2038 923 2070 1.
947 2051 978 2083 p.
996 2036 1044 2081 6),

82 2099 210 2134 Novum
232 2112 313 2144 opus
340 2099 598 2143 diplomaticum,
621 2099 721 2141 alios3
753 2105 785 2132 et
809 2100 848 2132 de
875 2100 967 2132 libris
984 2100 1044 2131 lin-

83 2165 144 2197 teis
171 2164 314 2208 inprimis
338 2164 465 2195 Livium
489 2163 539 2207 (4,
566 2165 612 2196 15
637 2169 669 2195 et
693 2163 754 2207 20)
775 2170 807 2196 et
826 2176 843 2196 e
860 2164 1045 2197 recentiori-

84 2226 145 2258 bus
161 2226 373 2258 Camdenium
389 2225 436 2270 (in
455 2225 726 2269 praelectionibus
748 2226 887 2258 academ.
904 2238 934 2270 p.
945 2226 1044 2269 654),

85 2290 286 2334 Sardumque
301 2289 481 2321 Ferrarium
488 2290 540 2334 (de
558 2290 700 2321 moribus
719 2302 755 2323 ac
772 2290 885 2322 ritibus
903 2290 1046 2332 gentium

87 2352 122 2386 in
151 2351 318 2394 Clausing.
342 2352 406 2394 jur.
430 2352 518 2396 publ.
543 2353 638 2384 Rom.
665 2353 702 2384 Τ.
727 2353 770 2384 II.
796 2365 827 2398 p.
849 2351 946 2397 660).

160 2413 268 2460 cedro]
295 2415 437 2448 Omnino
464 2416 667 2449 scribendum
693 2428 734 2448 ex
757 2416 866 2450 codice
881 2416 1045 2450 Vossiano

98 2488 197 2521 »qnae
234 2477 341 2508 cedria
370 2476 486 2521 perlita
514 2478 666 2510 fuerant«
707 2479 825 2512 Cedria
849 2479 976 2521 glossae
998 2478 1045 2510 in-

74 2543 305 2591 ·terpretantur
328 2540 438 2571 resina
459 2539 548 2571 cedri
555 2553 569 2581 3
593 2545 689 2585 atque
707 2542 787 2574 haec
805 2542 961 2585 scriptura
981 2541 1048 2583 jam

89 2603 210 2651 placuit
232 2603 409 2637 Munckero
434 2603 475 2635 ad
499 2603 624 2649 Hygini
648 2605 710 2638 sah.
737 2607 808 2639 158
837 2612 870 2638 et
898 2606 930 2638 in
955 2605 1048 2650 epist.

1095 783 1135 816 ed
1163 783 1337 815 Ileinsium
1369 789 1444 816 tom.
1478 783 1521 816 V.
1551 784 1622 826 syll.
1651 784 1762 816 Burm.
1789 796 1821 828 p.
1841 785 1926 817 578.
1972 782 2050 816 Alia

1093 845 1134 879 ad
1162 847 1247 879 hunc
1280 848 1388 879 locum
1420 847 1517 878 habet
1550 846 1704 878 Barthius
1737 847 1859 878 advers.
1884 848 1952 888 35,
1988 848 2050 882 19.

1093 907 1259 941 Anni-zur«.
1283 921 1313 952 p.
1334 908 1419 941 209.
1435 927 1484 934 --
1516 907 1616 952 Optio
1641 908 1738 950 igitur
1767 908 1851 940 inter
1876 908 1956 940 duas
1976 909 2051 940 data

1095 977 1144 1004 est
1174 971 1349 1012 lectiones,
1381 983 1479 1016 quum
1515 972 1579 1003 duo
1601 971 1674 1004 libri
1695 972 1809 1016 (modo
1841 972 1960 1004 diversi
1987 973 2052 1004 sint

1094 1033 1276 1066 Vossianus
1299 1038 1332 1066 et
1347 1033 1517 1066 Leidensis
1535 1046 1553 1065 a
1567 1034 1744 1066 Munckero
1761 1034 1894 1078 laudati)
1914 1034 2053 1066 habeant

1093 1097 1223 1136 cedria,
1251 1097 1367 1140 reliqui
1392 1108 1504 1129 omnes
1531 1109 1604 1129 cum
1632 1098 1726 1129 editis
1751 1099 1854 1130 cedro.
1892 1098 2051 1130 Plurimo-

1093 1171 1165 1193 rum
1191 1160 1339 1204 equidem
1362 1161 1550 1205 scripturam
1574 1172 1681 1193 veram
1712 1173 1874 1203 agnosco,
1903 1161 2051 1203 agnovis-

1095 1230 1243 1269 sentque,
1267 1224 1392 1269 opinor,
1415 1225 1474 1256 viri
1495 1225 1543 1256 illi
1568 1226 1665 1267 docti,
1691 1225 1719 1256 si
1739 1237 1896 1258 memores
1915 1225 2053 1257 fuissent

1094 1289 1181 1321 illius
1206 1289 1377 1320 lloratiaui
1403 1289 1456 1333 (ad
1484 1289 1595 1321 l’ison.
1625 1290 1733 1335 552).·
1756 1290 1902 1322 »linenda
1923 1290 2052 1321 cedron

1095 1353 1235 1384 Constat
1273 1358 1378 1384 autem
1416 1364 1481 1392 non
1513 1353 1574 1385 nisi
1608 1353 1731 1386 eximiis
1769 1353 1896 1398 seriptis
1922 1354 2052 1385 cedrum

1095 1413 1267 1444 adhibitam
1292 1414 1408 1445 fuisse:
1434 1414 1509 1446 hinc
1530 1414 1636 1446 Persii
1656 1415 1705 1458 (1,
1730 1414 1792 1461 42)
1824 1415 1940 1447 ”cedro
1957 1415 2053 1456 digna

1094 1476 1222 1520 loqui«,
1248 1475 1323 1508 hine
1344 1477 1490 1508 tristitiae
1510 1477 1636 1519 signum
1656 1483 1735 1518 erat,
1759 1478 1846 1521 quod
1861 1478 1972 1511 Ovidii
1988 1478 2054 1511 ele·

1095 1540 1217 1582 giarum
1246 1539 1329 1570 liber
1362 1552 1440 1572 »nec
1465 1540 1561 1572 cedro
1587 1545 1737 1572 notatus«
1765 1540 1823 1584 (1,
1849 1541 1881 1581 1,
1908 1541 1946 1585 7)
1974 1552 2056 1574 »nae

1095 1604 1191 1635 cedro
1217 1603 1338 1635 ssavus«
1370 1604 1425 1646 (5,
1457 1605 1494 1643 1,
1525 1603 1584 1647 15)
1607 1610 1684 1636 erat.

1166 1662 1290 1708 fuerat]
1318 1663 1375 1695 Sic
1396 1664 1608 1705 Basilecnsis‚
1629 1665 1896 1696 Darmstattensis
1920 1670 1953 1696 et
1975 1665 2052 1696 nei·

1095 1725 1317 1757 chenauensis.
1342 1725 1382 1757 In
1407 1725 1502 1756 editis
1524 1726 1678 1770 sitorum,
1703 1725 1803 1762 male,
1834 1726 1908 1769 quia
1931 1727 1972 1758 ad
1997 1737 2052 1770 pa·

1093 1799 1208 1833 pyum
1234 1787 1449 1820 referendum.

1168 1846 1361 1894 carbasinis]
1388 1848 1504 1881 Lintea
1525 1849 1668 1891 intellige
1686 1849 1859 1882 volumina.
1884 1848 2052 1893 Antiquis-

1095 1912 1176 1945 sima
1201 1913 1287 1945 enim
1310 1914 1391 1945 haee
1419 1913 1520 1945 fuisse
1543 1918 1592 1945 tot
1619 1925 1660 1945 ex
1685 1912 1920 1957 Aegyptiorum
1946 1914 2053 1958 sepul-

1094 1975 1158 2007 cris
1183 1981 1274 2007 eruta
1295 1975 1414 2008 docent
1436 1980 1651 2007 monumenta.
1674 1976 1785 2018 Quare
1812 1987 1888 2008 cave
1912 1988 1986 2008 cum
2002 1987 2052 2009 re·

1094 2036 1291 2069 centini-ibus
1311 2037 1501 2081 quibusdam
1521 2037 1698 2070 confundas
1714 2037 1815 2069 linum
1834 2049 1906 2070 eum
1921 2039 2054 2070 materia

1094 2099 1196 2131 multo
1214 2099 1388 2131 recentiori
1412 2099 1543 2131 artificio
1562 2112 1580 2132 e
1602 2099 1735 2131 carbaso
1758 2099 1833 2131 trito
1855 2106 2053 2144 praeparata,

1095 2175 1159 2207 qua
1180 2176 1265 2196 nunc
1286 2163 1416 2197 utimur.
1442 2163 1546 2206 Cujus
1567 2169 1674 2195 tamen
1698 2175 1777 2194 usus
1802 2164 1963 2207 antiquior
1977 2175 2053 2198 esse

1096 2225 1234 2268 videtur,
1260 2237 1356 2269 quam
1377 2225 1474 2268 vulgo
1498 2225 1648 2266 creditur,
1675 2238 1773 2269 quum
1795 2225 1890 2258 Irene
1906 2226 2052 2266 Ducena,

1095 2286 1206 2319 Alexii
1242 2286 1402 2319 comneni
1435 2287 1572 2329 conjux,
1604 2287 1814 2331 bombycinae
1850 2288 1917 2320 sive
1948 2293 2050 2320 cottu-

1096 2362 1176 2383 neae
1198 2351 1325 2383 chartae
1349 2363 1390 2383 ex
1411 2350 1535 2382 detritis
1552 2351 1667 2395 pannis
1691 2353 1854 2384 confectae
1874 2350 2051 2384 meminerit

1097 2415 1131 2447 in
1157 2414 1281 2458 Typico
1317 2426 1377 2446 suo
1399 2417 1615 2460 autographo,
1645 2421 1682 2447 ut
1704 2417 1859 2455 creditur,
1888 2415 1974 2458 quod
1996 2425 2048 2445 as-

1100 2482 1245 2508 servatur
1264 2477 1298 2508 in
1321 2476 1516 2509 bibliotheca
1531 2477 1618 2519 regia
1641 2477 1818 2509 Parisiensi
1844 2475 1969 2520 (Monta
1993 2487 2047 2520 pa·

1098 2540 1218 2582 laeogr.
1242 2540 1301 2573 Gr.
1324 2552 1357 2585 p.
1375 2540 1447 2585 18).
1471 2541 1523 2573 De
1548 2541 1702 2573 Indorum
1729 2539 1844 2573 chartis
1870 2538 1990 2582 pariter:
2004 2550 2049 2572 ,ιι

1098 2604 1242 2637 vestibus
1270 2604 1379 2637 linteis
1407 2606 1490 2638 conf.
1517 2605 1665 2638 Curtium
1688 2605 1741 2648 (8,
1768 2604 1808 2644 9,
1837 2601 1907 2646 15).

1561 2666 1609 2699 24
1627 2662 1649 2689 *
