2310 2860
840 89 1041 132 Martiani
1078 87 1278 145 Capellae
1319 86 1391 129 lib.
1413 86 1446 128 I.
1485 89 1517 138 ᾗ.
1544 86 1610 128 15.
2135 86 2197 128 49

245 203 429 258 singulas
462 213 659 257 quasque
699 197 939 254 pervadens
980 195 1214 252 improvisa
1242 195 1287 237 vi
1316 208 1393 251 per
1424 192 1596 235 declivis
1628 193 1739 235 aluei
1768 194 2016 249 praecipites
2048 193 2194 249 lapsus

244 282 402 340 rapidis
432 281 674 324 turbinibus
704 278 996 336 pertrahebat,
1034 277 1090 318 ita
1121 285 1169 317 ut
1198 275 1306 317 alius
1339 275 1509 316 easdem
1540 274 1800 331 plerumque
1831 274 1949 316 alteri
1979 274 2195 315 transfun-

245 366 364 409 deret
393 365 549 417 fluvio,
579 374 619 406 et
650 378 782 419 quam
805 362 874 403 ille
905 360 1136 402 exercitam
1158 358 1283 413 longa
1311 355 1523 398 collisione
1557 365 1803 407 vexaverat,
1839 355 1944 397 alter
1976 363 2048 395 aut
2073 355 2196 410 ripae

202 428 205 432 ²
245 446 464 498 redderet,
509 454 585 487 aut
613 459 739 486 amne
768 451 987 485 mersaret.
1042 442 1142 484 Non
1171 449 1314 481 tamen
1345 437 1538 480 fortunas
1569 451 1716 478 omnes
1747 437 1806 478 illi
1835 436 2093 492 sanguineus
2125 445 2198 477 aut

248 527 471 569 caeruleus
501 526 715 568 involutas
744 523 927 580 gurgites
956 522 1190 578 rapiebant.
1231 520 1496 574 Plerumque
1525 518 1637 559 illius
1667 517 1788 560 lactei
1818 519 2056 574 praenitens
2080 517 2199 559 unda

247 616 420 664 repente
449 616 662 662 correptas
692 604 914 646 eminentis
944 613 1101 645 tractus
1131 601 1288 644 vertice
1325 598 1603 641 subvehebat.
1672 598 1919 653 Aliquando
1959 599 2087 639 etiam
2125 612 2200 639 su-

248 687 444 730 blimatas
471 697 598 744 atque
622 686 757 731 fluctu
781 686 952 727 elatiore
976 698 1201 740 suspensas
1224 683 1267 723 in
1296 681 1420 722 illum
1445 689 1646 721 cruentae
1676 679 1957 721 similitudinis
1986 679 2201 734 rejiciebat

249 778 435 822 aestum,
491 778 564 810 aut
601 769 644 810 in
683 776 915 810 torrentem
951 764 1136 808 lividum
1176 760 1389 805 vorandas
1419 760 1540 803 hiatu
1571 760 1690 816 piceo
1721 759 1969 816 despuebat.
2024 760 2201 802 Alterna

323 900 405 947 tum]
430 901 577 947 Reposui
596 903 657 934 hoe
678 914 735 946 pro
764 907 861 941 tunc,
892 900 1035 944 Hugiani
1065 905 1098 932 et
1125 895 1199 930 Rei-

248 963 461 997 chenauensis
483 963 603 995 codicis
622 963 821 995 auctoritate.

324 1033 381 1059 aut
400 1039 494 1059 amne
516 1026 683 1072 mersaret]
712 1027 906 1059 Plutarchus
933 1026 986 1070 (de
1015 1025 1094 1057 facie
1118 1023 1202 1056 Lun.

248 1102 279 1134 p.
301 1090 406 1133 945),
436 1090 610 1121 animarum
633 1102 650 1121 e
672 1090 860 1133 corporibus
885 1088 1116 1130 egredientium
1138 1087 1202 1118 sor-

248 1158 358 1185 tunam
380 1152 586 1194 describens,
616 1152 786 1192 »multas«,
813 1151 932 1195 inquit,
963 1149 1122 1190 extrudit,
1150 1161 1202 1181 ae-

249 1217 450 1260 stuandoque
477 1215 622 1260 projicit,
657 1215 789 1258 jamjam
823 1215 948 1246 Lunam
994 1213 1099 1245 subire
1129 1213 1201 1244 ass'e-

250 1285 388 1312 ctantes:
408 1280 582 1312 nonnullae
605 1280 710 1320 etiam>
736 1278 897 1323 quaejam
918 1290 957 1310 eo
977 1281 1203 1322 pervenerunt,

252 1339 423 1371 subversae
446 1341 684 1385 conspiciuntur
706 1346 856 1384 tanquam
876 1340 910 1371 in
934 1339 1128 1383 profundum
1149 1339 1202 1371 de·

251 1401 406 1433 volutam

324 1466 468 1509 mergites
479 1463 661 1509 rapiebant]
687 1464 736 1496 Ita
752 1465 825 1506 lege
848 1475 888 1496 ex
908 1462 981 1498 MS.
999 1475 1058 1507 pro
1077 1465 1204 1507 qurgyr’le

251 1528 404 1571 rapiebat.
462 1527 566 1559 Movit
595 1529 723 1571 qur-yite
755 1526 950 1568 corrigentes
982 1523 1123 1573 φράόις
1151 1526 1205 1556 illa

260 1593 421 1636 „quryites
435 1592 635 1635 sanguineus
649 1596 706 1622 aut
722 1590 888 1621 caen-uleus
898 1604 909 1618 n
933 1601 1029 1633 quam
1048 1589 1205 1624 rhetores,

252 1655 286 1688 ni
305 1655 415 1695 fallor,
437 1653 519 1688 κατ’
540 1650 735 1689 ἐπάνοδον
756 1653 929 1698 appellant.
945 1652 1108 1685 Gmm—
1122 1651 1207 1684 vos-

254 1719 362 1751 sianus
383 1718 486 1751 codex
509 1718 628 1762 pariter
652 1723 747 1761 atque
768 1717 823 1749 ille
845 1717 969 1750 Grotii:
994 1716 1085 1748 »Non
1103 1721 1209 1747 tamen

253 1781 398 1813 fortunas
407 1790 519 1812 omnes
530 1779 578 1811 illi
587 1781 787 1823 sanguineus
801 1785 858 1811 aut
870 1780 1037 1811 caeruleus
1050 1778 1210 1810 involutas

254 1844 398 1888 gurgites
413 1842 606 1884 rapiebant.«
626 1840 750 1872 Αῐατῑ.
766 1840 868 1884 (misc.
883 1853 916 1885 p.
926 1839 1079 1884 201).—
1094 1839 1210 1872 Nonne

256 1906 352 1948 igitur
381 1904 532 1936 miremur
552 1903 787 1935 YValthardum
814 1909 846 1935 et
864 1903 1022 1935 Goezium
1054 1903 1210 1935 edidisse:

266 1980 348 2000 ”non
366 1974 473 1999 tamen
491 1968 634 1999 fortunas
659 1978 770 1998 omnes
792 1967 840 1998 illi
854 1968 1050 2011 sanguineos
1066 1972 1123 1998 aut
1142 1978 1210 1998 eae-

257 2035 365 2066 ruleos
394 2032 555 2064 involutas
584 2031 725 2073 gurgites
755 2030 937 2074 rapiebant«
970 2049 1019 2055 —-
1055 2030 1212 2062 sententia

259 2107 354 2140 quam
376 2105 471 2126 nemo
495 2104 635 2137 unquam
657 2092 840 2133 intelliget?
865 2091 998 2124 Scilicet
1016 2103 1082 2124 non
1103 2092 1212 2123 adver-

259 2164 387 2199 terunt,
417 2157 486 2189 sola
509 2157 782 2201 typographorum
805 2155 927 2188 incuria
955 2157 1039 2201 apud
1063 2155 1214 2189 Grotium

267 2222 480 2266 »snnyuz‘neos
500 2224 554 2250 aut
572 2219 735 2250 caeruleos
755 2217 837 2258 legi⁷
864 2218 896 2250 id
924 2219 1013 2261 quod
1031 2219 1126 2260 hujus
1148 2223 1213 2250 tam

260 2291 337 2318 nota
359 2283 475 2324 addita,
502 2294 597 2326 quam
618 2281 742 2326 priores
766 2293 876 2313 omnes
894 2282 1067 2323 editiones,
1092 2282 1213 2324 Hugia-

264 2360 324 2380 nus
343 2351 509 2391 praeterea
525 2344 628 2376 codex
643 2350 675 2375 et
687 2343 953 2376 Darmstattensis
974 2344 1142 2376 manifesto
1158 2343 1213 2376 do-

266 2416 349 2443 cent.
390 2409 457 2442 Sed
481 2408 585 2440 clarus
608 2419 693 2440 nunc
719 2419 833 2439 sensus
853 2414 919 2448 est,
945 2408 1040 2440 modo
1063 2409 1214 2440 observes

267 2484 377 2504 vocem
403 2471 616 2511 »involutas«,
642 2469 794 2503 Martiani
809 2482 898 2503 more
919 2471 1154 2516 transpositam,
1176 2471 1217 2504 ad

275 2533 440 2577 »fortunas
466 2543 591 2564 omnes«
618 2532 787 2575 pertinere.

1320 892 1521 939 praenitens]
1548 892 1688 926 Codices
1701 892 1915 926 Monacenses
1933 890 2201 935 (B.C.D.E.G.)‚

1250 957 1431 1000 Hugianus,
1449 957 1734 997 Reiehcnauensis‚
1757 955 1957 998 Bodlejanus
1974 955 2106 999 primns,
2130 953 2201 985 Bri-

1250 1020 1412 1060 tannicus,
1444 1019 1734 1060 Cantabrigiensis,
1752 1017 1952 1057 Vossianus,
1983 1015 2099 1059 aliique
2121 1014 2202 1058 (Ou-

1251 1082 1405 1127 dendorp.
1423 1082 1462 1114 ad
1489 1081 1643 1125 Appulej.
1664 1081 1691 1115 I.
1713 1094 1746 1125 p.
1765 1080 1827 1124 62)
1851 1092 1910 1124 pro
1939 1079 2096 1112 Grotiano
2120 1079 2204 1110 reni-

1252 1152 1322 1177 tens
1350 1146 1469 1177 habent
1494 1147 1699 1188 praenitens,
1740 1143 1828 1186 quod
1863 1141 2023 1185 praetuli,
2066 1147 2135 1172 tum
2164 1140 2204 1171 ob

1253 1208 1493 1239 antecedentem
1525 1208 1617 1239 Iactis
1647 1208 1802 1245 colorem,
1841 1210 1908 1236 tum
1935 1205 1976 1236 ob
2005 1203 2206 1247 subsequens

1251 1270 1384 1303 verbum
1409 1269 1613 1301 subuehebat.

1327 1331 1460 1377 vertice]
1481 1332 1607 1364 vertex
1628 1331 1679 1362 vel
1703 1335 1828 1371 vortex,
1852 1329 1958 1369 turbo,
1976 1327 2207 1368 dlvongnor.

1254 1394 1410 1436 Virgilius
1428 1393 1526 1437 (Aen.
1547 1395 1578 1433 1,
1608 1392 1714 1436 117)=

1281 1468 1582 1481 ——————
1588 1459 1620 1485 et
1636 1454 1770 1495 rapidus
1792 1458 1885 1485 vorat
1906 1462 2044 1499 aequore
2062 1456 2199 1483 vortex.-

1257 1529 1511 1572 Qninctilianus:
1533 1527 1675 1560 »vertex
1696 1531 1745 1558 est
1767 1532 1912 1558 contorta
1934 1525 1968 1556 in
1984 1536 2019 1556 se
2041 1536 2134 1568 aqua,
2156 1523 2208 1555 vel

1257 1590 1413 1634 quidquid
1440 1588 1527 1620 aliud
1558 1587 1702 1618 Similiter
1725 1587 1874 1619 vcrtItur«
1898 1587 1946 1630 (8,
1972 1586 2008 1626 2,
2031 1586 2065 1619 7.
2088 1598 2119 1628 p.
2137 1585 2208 1616 199

1259 1652 1394 1697 Spald.).
1443 1652 1537 1683 Unde
1569 1656 1602 1683 et
1625 1649 1809 1694 Appulejus
1838 1650 1897 1694 (de
1927 1649 2046 1680 mundo
2080 1661 2112 1693 p.
2136 1649 2208 1680 517

1260 1715 1376 1758 oud.)=
1398 1730 1410 1744 n
1421 1715 1528 1746 Turbo
1550 1718 1656 1744 antem
1675 1712 1806 1752 dicitur,
1833 1711 1889 1755 qui
1907 1709 2082 1755 repentinis
2103 1709 2211 1741 flabris

1260 1778 1388 1825 prosilit
1410 1783 1505 1821 atque
1538 1776 1686 1808 universa
1709 1775 1886 1819 perturbat.
1931 1775 2056 1807 Ver-tex
2081 1773 2137 1806 ille
2161 1778 2212 1805 est

1262 1842 1329 1882 vel,
1360 1839 1407 1871 uti
1428 1839 1558 1879 dicitur‚
1586 1839 1700 1870 Diues

1336 1898 1539 1946 sublimatas]
1565 1900 1613 1933 Ita
1639 1898 1774 1932 Grotius
1789 1898 1858 1941 jam
1878 1897 2075 1940 eonjeeerat3
2100 1893 2213 1928 Walt-

1262 1966 1380 1998 hardus
1404 1978 1444 1997 ex
1468 1963 1692 2007 manuscriptis
1715 1963 1829 1994 attulit.
1857 1961 2043 1994 Concinunt
2062 1959 2211 2001 Bodleja·

1262 2041 1324 2061 nus
1348 2028 1451 2059 codex
1472 2026 1652 2066 secundus,
1675 2024 1914 2065 Mertonianus‚
1936 2022 2119 2065 Hugianus,
2148 2020 2211 2052 Ba-

1264 2089 1410 2123 sileensis
1433 2095 1465 2120 et
1488 2086 1764 2120 Darmstattensis.

1340 2150 1505 2197 maeatae]
1531 2152 1622 2184 Idem
1650 2150 1736 2194 quod
1760 2160 1856 2194 supra
1876 2147 1918 2193 (ξ.
1941 2147 2000 2191 14)
2024 2146 2128 2180 verbis
2149 2142 2211 2174 »ni-

1263 2215 1327 2248 mio
1351 2215 1514 2258 rubroque
1536 2213 1611 2255 igne
1634 2212 1788 2244 rutilans«
1809 2211 2062 2258 significaverat..
2087 2206 2213 2238 Sensus

1265 2284 1330 2310 est:
1351 2290 1387 2310 »e
1405 2277 1500 2310 Jovis
1520 2276 1652 2318 benigni
1671 2276 1819 2320 planetae
1837 2274 1934 2305 radiis
1955 2273 1989 2304 in
2006 2269 2214 2311 malignorum

1265 2341 1378 2377 Martis
1399 2347 1431 2373 et
1456 2340 1589 2373 Saturni
1609 2339 1740 2372 noxium
1763 2342 1969 2381 conspectum
1995 2333 2205 2365 relabuntum

1343 2403 1518 2449 von-andas]
1544 2403 1638 2435 Licet
1668 2401 1818 2447 permulti
1847 2400 1973 2432 codices
2002 2397 2214 2429 Monacenses

1267 2467 1546 2515 (B.C.D.E.G.)‚
1578 2466 1790 2507 Dresdensis,
1824 2459 2106 2500 Darnistattensis‚
2137 2458 2213 2491 Rei-

1269 2530 1497 2572 chenanen3157
1538 2528 1736 2570 Bodlejanus
1771 2525 1908 2570 primum,
1947 2520 2150 2553 Britannicus
2182 2526 2215 2552 et

1815 2588 1837 2619 7
