2310 2860
156 240 242 284 1⁰4

726 233 925 277 Martiani
963 231 1163 288 Capellae
1199 230 1270 273 lib.
1301 231 1354 272 II.
1394 234 1426 284 ᾗ.
1449 230 1546 273 114.

155 345 546 400 honorandumque
577 352 722 399 pectus
763 341 1014 384 exosculans
1053 346 1411 396 praeparatorum
1450 349 1699 394 poematum
1746 340 1955 381 consciam
2001 339 2111 381 fecit.

155 429 322 471 Verum
364 427 435 467 illa
474 425 655 466 exuvias
694 423 806 466 filiae
843 432 1106 478 ornatusque
1146 420 1375 472 detulerat,
1421 419 1518 476 quis
1556 420 1705 464 induta
1743 421 1926 464 deorum
1965 422 2116 465 sociari

158 509 346 552 coetibus
382 523 468 549 non
505 515 694 563 paveret.

759 505 910 561 Itaque
941 514 1102 546 vestem
1132 504 1401 561 peplumque
1431 501 1547 543 lactis
1577 502 1707 543 instar
1737 503 1948 559 fulgidum
1984 503 2113 553 dedit,

156 591 276 650 quod
312 590 381 634 vel
422 605 476 631 ex
519 589 590 630 illa
633 587 871 629 herbarum
916 585 1106 627 felicium
1149 586 1270 639 lana,
1316 590 1411 643 qua'
1441 584 1646 627 indusiari
1681 585 1909 641 perhibent.¹
1946 586 2116 628 Indicae

156 728 281 767 demin,
308 737 403 770 quam
426 722 543 757 Graeci
559 719 754 769 Φρόνηόιν
775 722 912 754 dicunt«
944 719 993 754 At
1014 720 1111 753 Plau-

158 798 208 823 tus
231 788 431 835 (Truculent.
460 789 490 819 1.
521 788 551 818 1.
579 786 656 831 GO):

212 853 332 888 »Suum
357 864 474 885 nomen
498 863 588 883 omne
609 863 651 882 ex
669 855 795 894 pectore
819 850 960 881 exmovit
982 859 1050 880 meo

205 918 427 950 Phronesium.
454 916 542 947 IVam
562 914 740 947 Phrenesis
765 919 812 945 est
835 912 1018 956 sapientia«

156 981 351 1025 Quanquam
388 979 572 1012 indistincte
610 979 688 1010 haec
732 977 888 1009 vocabula
923 976 1009 1008 haud
1042 984 1114 1007 raro

154 1046 367 1087 usurpantur,
403 1047 439 1073 ut
468 1041 552 1085 apud
580 1039 751 1071 Platonem
781 1050 909 1083 quoque
937 1036 1058 1085 σοφία
1084 1040 1116 1068 ct

155 1100 360 1151 gopbmymg,
398 1115 479 1148 quae
505 1102 700 1133 Aristoteles
724 1101 852 1132 demum
875 1100 954 1145 (eth.
976 1101 1012 1133 G.
1036 1100 1057 1130 5
1085 1103 1117 1129 et

154 1166 191 1208 6)
220 1165 397 1197 accuratius
431 1163 585 1196 distinxit.
631 1163 726 1194 (lons.
760 1169 792 1194 et
819 1163 904 1194 Max.
933 1162 1008 1204 Tyr.
1039 1161 1114 1191 diss.

157 1227 204 1258 12
230 1227 283 1270 (T.
312 1228 342 1258 1.
373 1239 403 1270 p.
426 1225 509 1256 210.
538 1225 612 1256 220
644 1222 767 1266 Reisk.)
791 1228 822 1254 et
854 1222 1062 1255 Mcinersium
1082 1222 1115 1252 in

155 1291 280 1322 Comm.
306 1289 395 1322 Gott.
417 1288 469 1332 (T.
492 1287 566 1319 XV.
590 1299 622 1330 p.
644 1286 877 1329 154—151).
903 1286 1116 1317 Prmlentiam

155 1360 262 1385 tamen
278 1352 430 1384 maluisse
446 1350 640 1383 Martianuin
653 1350 770 1381 docent
784 1349 950 1393 sequentia
968 1347 1009 1392 (ξ.
1024 1347 1115 1389 115).

154 1417 353 1449 Teutonicus
389 1416 547 1458 interpres
581 1425 698 1445 nomen
734 1412 814 1443 illud
846 1424 979 1456 prorsus
1010 1410 1116 1441 omisit

155 1481 314 1513 scribens:
336 1479 403 1510 »Τό
434 1481 529 1520 gieng
561 1481 593 1508 in
631 1477 710 1507 alles
741 1476 839 1506 hahes
869 1476 929 1519 (ad
965 1474 1114 1506 verbum:

159 1544 265 1576 »omni
292 1540 593 1587 praecipitatione«)
617 1543 663 1570 iro
684 1543 837 1570 muoterm
879 1537 981 1581 Quod
1004 1543 1116 1579 restat,

152 1618 211 1651 pro
235 1604 394 1638 Grotiano
421 1604 570 1645 irrumpi!
597 1613 613 1632 c
636 1600 910 1640 Rcicbenauensi,
938 1600 1115 1631 Darmstat-

152 1669 247 1709 tensi,
270 1667 441 1709 Hugiano‚
465 1672 497 1697 et
521 1670 671 1696 monente
689 1664 802 1696 Cortio
820 1675 836 1695 e
855 1662 1116 1705 Guelferbytanis

153 1729 317 1765 codicibus
344 1727 476 1771 reposui
496 1727 622 1769 irrzep1’t.

227 1789 430 1836 pok'mntmn]
475 1790 551 1822 Nun
591 1789 695 1821 solum
738 1789 865 1822 codices
902 1788 1115 1820 Monacenses

153 1855 208 1899 (B.
223 1854 260 1887 C.
276 1855 318 1886 D.
332 1853 371 1886 E.
385 1852 442 1895 G),
460 1851 747 1891 BeirhenauensiS,
766 1850 976 1891 Basileensis,
997 1856 1029 1881 et
1046 1850 1117 1881 llu-

154 1916 278 1959 gianus,
310 1915 368 1947 sed
387 1914 440 1946 alii
464 1913 559 1944 etiam
580 1913 717 1944 testibus
738 1912 917 1952 Vulcanio,
946 1911 1062 1944 Grotio
1086 1916 1118 1943 et

153 1977 345 2010 tvaltharto
362 1987 472 2008 vocem
492 1974 577 2005 illam
595 1975 777 2005 boematum
795 1975 930 2005 efferunt
949 1974 1117 2017 scriptam,

155 2047 187 2073 et
209 2042 248 2073 de
273 2041 397 2072 auxilio
420 2050 531 2071 vocem
557 2037 633 2069 olim
659 2037 856 2069 intellectam
880 2038 998 2078 fuisse,
1025 2043 1117 2069 vetus

156 2106 314 2149 interpres
333 2102 531 2136 Teutonicus
552 2107 687 2133 testatur
705 2101 827 2133 verbis:
852 2105 980 2144 »sageta
1011 2104 1037 2132 si
1057 2105 1117 2134 iro.

157 2171 239 2200 uuaz
269 2170 297 2201 si
325 2170 514 2208 unat-mingo
558 2166 725 2207 gemachot
759 2165 904 2197 habeta.«
962 2166 1119 2197 Ροϋιηιιίιι

157 2230 305 2274 insuper,
333 2228 354 2260 i.
373 2240 403 2262 e.
427 2229 587 2267 carmina,
612 2226 741 2258 omuino
767 2227 806 2257 ab
829 2228 891 2258 hoe
915 2227 987 2258 loeo
1017 2227 1119 2258 aliena

160 2297 252 2334 sunt3
278 2303 359 2336 quae
384 2291 446 2323 nisi
469 2291 530 2322 alio
554 2291 649 2322 modo
676 2290 716 2321 ad
739 2301 776 2321 ea
802 2302 882 2334 quae
909 2292 1005 2322 inodo
1031 2291 1120 2334 faeta

160 2360 266 2394 erant,
306 2354 424 2385 referre
460 2352 620 2395 potueris,
661 2351 834 2383 videndum
874 2352 934 2384 crit
972 2365 1012 2384 nc
1044 2353 1120 2385 olim

161 2410 428 2462 βοηθημάτων
446 2413 598 2457 scriptum
625 2413 730 2444 suerit.

233 2475 413 2524 fulqidmn]
449 2477 553 2518 Lege:
591 2477 701 2507 »lactis
737 2478 842 2507 instar
869 2477 1049 2518 albfdnmu5
1084 2483 1120 2509 nt

163 2555 197 2587 p.
221 2543 286 2574 56:
318 2540 498 2585 »perlucida
541 2539 693 2570 inanitate
740 2540 908 2587 albidoque
944 2543 1110 2573 humor-ca

164 2605 290 2637 Voxcx.
315 2604 376 2649 (sp.
402 2604 471 2637 crit.
498 2616 528 2647 p.
550 2603 646 2646 147).
665 2621 712 2626 -—
755 2602 842 2635 Cave
872 2605 1036 2637 candidam
1062 2606 1120 2639 tibi

166 2673 286 2699 vestem
306 2679 324 2698 a
348 2666 430 2698 male
456 2665 568 2698 sedulo
598 2665 707 2699 critico
734 2664 811 2708 fingi
839 2665 941 2699 sinas!
983 2668 1119 2701 Doctior

1165 722 1275 766 utique
1309 720 1486 754 Martianus
1521 731 1586 751 non
1614 718 1782 761 ignorabat
1820 725 1948 752 ornatae
1979 732 2116 765 sponsae

1163 782 1294 827 peplum
1320 782 1419 814 fuisse
1444 782 1578 816 luteum.
1613 781 1727 813 »Lutei
1743 781 1878 813 coloris«
1899 781 2025 814 Plinius
2044 782 2117 826 (21,

1165 848 1205 887 8,
1229 846 1291 891 22)
1317 847 1436 891 inquit,
1476 846 1588 878 ”video
1619 847 1774 878 honorem
1806 845 2059 891 antiquissimum
2085 846 2118 879 in

1165 910 1364 953 nuptialibus
1371 910 1530 954 flammeis
1544 914 1647 940 totum
1658 908 1782 941 feminis
1796 921 1994 942 concessum.
2002 923 2014 937 α
2025 907 2119 941 Unde

1165 974 1390 1006 vestimentum
1421 986 1559 1018 sponsae
1586 974 1652 1006 sive
1678 974 1809 1019 peplum
1828 975 2013 1018 flammeum
2036 973 2118 1005 dice-

1165 1036 1260 1068 batur
1287 1038 1417 1081 (Festus
1447 1049 1474 1069 v.
1503 1037 1585 1068 flam.
1618 1049 1650 1080 p.
1679 1037 1750 1067 149
1782 1037 1860 1068 Dae.
1884 1036 2021 1067 Martial.
2054 1037 2119 1072 11,

1169 1101 1232 1139 78,
1261 1100 1297 1132 5.
1321 1099 1383 1139 12,
1415 1099 1481 1139 42,
1511 1100 1546 1131 5.
1580 1098 1699 1130 Catull.
1728 1100 1793 1138 61,
1829 1100 1862 1129 8.
1900 1098 2034 1132 Petron.
2060 1099 2120 1129 26.

1165 1161 1285 1194 Juven.
1314 1162 1376 1199 10.
1408 1161 1483 1193 554
1511 1166 1543 1191 ct
1572 1160 1655 1192 infra
1685 1159 1715 1204 ἓ.
1740 1161 1813 1192 558
1836 1160 1856 1190 s.
1884 1159 1980 1202 985).
2020 1160 2119 1203 Quod

1167 1223 1289 1253 luteum
1317 1221 1417 1253 fuisse
1447 1221 1572 1254 Lucani
1602 1221 1717 1254 docere
1746 1226 1895 1266 poterant
1926 1233 2038 1253 versus
2070 1221 2119 1265 (2,

1165 1283 1267 1327 560)=

1222 1347 1319 1378 „IVon
1340 1347 1487 1378 timidum
1513 1351 1632 1389 nuptae
1655 1346 1767 1377 leuiter
1793 1351 1917 1377 tectura
1941 1346 2096 1388 pudorem

1214 1408 1319 1439 Lutea
1342 1408 1494 1439 demissos
1520 1407 1670 1438 velarunt
1693 1407 1837 1437 flammea
1862 1408 1999 1438 υηίἰιιςμι

1166 1471 1342 1515 Quumque
1366 1471 1488 1512 fulgeat
1511 1470 1607 1501 ruber
1640 1470 1745 1509 color,
1782 1469 1920 1501 Ovidius
1952 1476 2120 1516 utrumque

1166 1533 1334 1576 conjunxit
1357 1532 1396 1564 dc
1421 1543 1540 1576 sponsa
1564 1543 1682 1563 canens
1708 1531 1842 1574 (heroid.
1865 1532 1930 1572 21,
1957 1531 2057 1575 162);

1225 1598 1286 1629 ..Et
1311 1597 1452 1629 trahitur
1473 1596 1572 1627 multi)
1597 1594 1764 1638 splendida
1782 1595 1869 1638 palla
1886 1606 2013 1630 croco,«

1165 1656 1276 1701 Atque
1310 1659 1389 1689 haec
1423 1657 1528 1688 onmia
1559 1656 1725 1697 ignorabat
1762 1657 1907 1697 criticus,
1943 1657 1998 1701 qui
2023 1670 2119 1701 quun:

1165 1721 1257 1753 lactis
1273 1721 1414 1753 colorem
1436 1733 1507 1752 esse
1528 1721 1668 1752 albidum
1690 1726 1886 1765 compertum
1903 1721 2044 1762 haberet,
2061 1723 2120 1754 hac

1166 1785 1366 1817 solummodo
1401 1785 1440 1816 de.
1467 1797 1563 1816 causa
1591 1785 1783 1817 Martiauum
1811 1792 2012 1817 correcturus
2044 1792 2119 1818 crat.

1166 1846 1282 1879 Nonne
1312 1852 1417 1878 autem
1450 1847 1605 1878 Horatius
1636 1847 1702 1891 (od.
1735 1848 1776 1886 4,
1806 1847 1864 1890 10)
1898 1847 2004 1879 olores
2032 1848 2120 1892 ipsos

1167 1923 1346 1956 purpureos
1374 1910 1480 1941 dixit?
1512 1910 1660 1941 nimirum
1693 1911 1767 1954 quia
1799 1911 1900 1952 fulget
1928 1911 2018 1943 color
2046 1924 2119 1956 pur-

1167 1985 1305 2018 pureus3
1339 1978 1371 2004 et
1395 1971 1619 2004 Albinovanus
1648 1972 1700 2015 (in
1728 1972 1804 2003 obit.
1827 1973 1928 2004 Maec.
1963 1973 2003 2014 2,
2042 1974 2119 2018 G2):

1177 2037 1331 2069 »Brachia
1362 2049 1525 2080 purpurea
1555 2037 1741 2068 candidiora
1769 2039 1860 2067 nive«
1897 2037 1991 2069 canit.
2033 2039 2120 2071 Vera

1167 2100 1265 2142 igitur
1292 2100 1370 2130 haee
1402 2097 1573 2141 explicatio
1597 2103 1663 2137 est,
1702 2097 1777 2129 licet
1805 2099 1911 2130 versio
1935 2100 2030 2142 hujus
2056 2099 2120 2132 loci

1169 2162 1347 2196 Teutoniea
1368 2163 1446 2193 haec
1470 2161 1525 2192 sit:
1548 2161 1606 2193 »Si
1626 2163 1688 2206 {Jss'b
1712 2166 1760 2193 z'ro
1783 2164 1863 2193 ητιιῖι
1886 2163 2003 2194 zelz‘elne
2019 2163 2119 2207 (dedit

1170 2226 1201 2257 ei
1225 2230 1346 2256 vestem
1373 2223 1480 2266 simul)
1502 2223 1561 2254 dci:
1590 2227 1631 2254 ist
1656 2227 1704 2254 tiu
1727 2225 1910 2266 inuuerliqa
1932 2224 2012 2255 ratio
2041 2226 2118 2268 (quo

1171 2289 1365 2331 significatiu·
1396 2287 1520 2318 interna
1552 2286 1647 2329 ratio)
1675 2287 1762 2318 vinde
1788 2287 1969 2330 ubet-slonf'e
1993 2288 2039 2331 (et
2064 2301 2118 2333 pe-

1170 2352 1278 2398 plum)
1309 2351 1491 2394 skfnluif'lez
1527 2350 1674 2394 (lucens,
1720 2349 1895 2393 fulgidum)
1927 2352 2120 2384 ebemndzez

1170 2417 1283 2449 milche
1308 2416 1423 2459 (aeque
1445 2414 1584 2445 albidum
1607 2419 1701 2456 atque
1726 2413 1788 2456 lac)
1815 2415 1874 2445 da'z
1896 2419 1937 2446 ist
1963 2420 2010 2447 tiu
2031 2419 2120 2448 sedni

1169 2485 1218 2513 ι’νο
1242 2478 1418 2511 honestatis
1441 2478 1526 2508 vinde
1548 2481 1598 2508 iro
1621 2476 1794 2521 sapientiae
1817 2478 1890 2522 (hoc
1912 2485 1961 2510 est
1981 2480 2118 2523 pulchri-

1171 2542 1247 2575 tudo
1274 2541 1343 2582 ejus
1368 2538 1544 2571 honestatis
1569 2544 1600 2569 ct
1624 2538 1694 2580 ejus
1721 2539 1936 2583 sapientiae).«

1242 2600 1394 2647 Indicae]
1432 2600 1504 2633 Indi
1535 2600 1705 2632 linteorum
1733 2602 1925 2645 praestantia
1955 2602 2116 2637 celebrati.

1168 2665 1254 2700 Plin.
1278 2665 1315 2698 L.
1335 2665 1390 2697 12.
1417 2676 1445 2698 c.
1469 2664 1524 2696 11.
1541 2662 1645 2696 Gnor.
1666 2682 1711 2686 —
1742 2663 1866 2694 Plinius
1890 2665 1928 2696 ‹lc
1953 2664 2116 2696 arboribus
