2310 2860
736 164 935 207 Martiani
974 165 1173 222 Capellae
1214 167 1285 209 lib.
1310 167 1341 209 I.
1369 160 1411 221 §-
1439 170 1504 211 11.

2024 177 2082 220 41

132 271 255 312 totius
287 271 448 328 populi.
503 270 773 313 Videbantur
804 272 910 314 aliae
940 274 1136 314 transacti
1167 287 1314 315 cursus
1345 290 1517 316 emenso
1546 279 1678 332 spatio
1710 279 1941 335 fugientes;
1981 297 2081 324 con-

131 352 329 394 sistebant
355 353 462 394 aliae
490 352 571 393 sub
596 362 845 409 conspectu3
876 351 1246 412 adveniebantque
1273 371 1406 412 quam
1438 358 1601 413 plures:
1625 369 1753 416 atquc
1782 363 1838 404 ita
1867 364 2080 405 nonnullis

131 433 297 474 ominus
342 433 595 475 vanescebat
642 433 853 490 disparata
893 434 1131 490 prolixitas,
1181 445 1230 478 ut
1270 436 1388 477 velut
1425 437 1616 479 fumidae
1648 439 1903 496 caligationis
1942 443 2080 484 iucre-

128 511 266 553 dibilis
304 511 536 555 haberetur
575 528 692 555 aura.

458 609 469 626 7

129 644 204 676 mihi
231 645 358 678 videtur
380 647 575 688 Martianus,
620 659 717 691 quum
747 648 803 680 illa
824 648 975 691 fingeret,
1008 649 1078 683 Sal-

126 707 259 739 lustium
282 709 508 753 philosophum
539 710 593 754 (de
616 709 676 741 diis
698 716 730 742 et
760 711 878 742 mundo
901 712 932 742 9.
955 724 985 754 p.
1005 711 1078 741 202

127 768 214 813 Gal.)
240 770 384 802 similiter
425 771 470 802 ita
505 771 741 815 disputantem:
779 772 1078 816 »Quemadmodum

125 832 326 875 providentia
353 839 384 865 et
406 833 506 865 satum
529 841 605 866 sunt
625 837 794 867 nationum
818 841 850 867 et
871 837 1012 875 urbium,
1034 836 1077 867 ita

125 901 158 926 et
188 896 386 938 singulorum
412 898 593 938 hominum,
629 899 673 930 ita
700 905 732 931 et
753 899 906 943 fortuna,
947 900 987 931 de
1015 911 1078 943 qua

124 969 210 990 nunc
235 970 328 1000 agere
358 959 510 991 orationis
535 960 634 992 series
652 961 803 1004 postulat.
828 961 965 993 Diversa
981 961 1077 1002 igitur

124 1033 161 1054 ae
188 1027 315 1066 praeter
333 1023 605 1066 exspectationem
621 1024 796 1056 accidentia
816 1024 849 1056 in
866 1025 984 1057 bonam
1004 1037 1076 1070 par-

122 1090 187 1117 tem
208 1085 347 1128 dirigens
373 1086 422 1118 vis
448 1086 580 1118 deorum
594 1087 729 1130 fortuna
748 1088 966 1129 existimatur,
988 1089 1075 1120 ideo-

121 1161 184 1193 que
205 1150 300 1182 urbes
323 1150 512 1194 praesertim
539 1152 621 1183 banc
645 1152 737 1184 deam
758 1152 933 1183 honoribus
953 1153 1076 1185 afficere

121 1212 282 1244 addecet«

121 1285 152 1316 p.
176 1275 233 1305 76.
252 1275 309 1305 77.
343 1273 451 1317 Lips.)
474 1273 529 1305 illa
562 1275 754 1319 populorum
774 1276 981 1320 locorumque
1011 1278 1075 1309 fata

333 1212 448 1254 Longa
477 1212 558 1244 serie
588 1212 713 1245 Seneca
738 1214 906 1258 (consolat.
937 1216 959 1247 6
984 1226 1073 1259 seqq.

120 1340 284 1375 recenset,
331 1335 572 1378 concluditque:
603 1336 670 1368 »Ita
705 1338 771 1370 fato
794 1338 930 1383 placuit,
953 1339 1073 1372 nullius

120 1398 167 1430 rei
193 1398 305 1430 eodem
330 1399 403 1430 loco
424 1404 507 1430 stare
529 1399 726 1441 fortunatum«

195 1460 290 1506 aliae]
317 1462 356 1494 In
381 1461 474 1493 editis
497 1462 631 1503 legitur:
654 1463 767 1496 »Aliae
789 1465 942 1497 transacti
960 1476 1072 1498 cursus

120 1534 250 1555 emenso
267 1523 426 1565 fugientes
445 1524 672 1556 consistebant.
702 1524 798 1556 Aliae
821 1526 881 1556 sub
898 1534 1072 1570 conspectu

120 1585 393 1629 adveniebantque
415 1597 511 1630 quam
530 1585 666 1629 plures«
699 1586 807 1618 Locus
833 1588 962 1618 omnino
984 1600 1070 1619 men-

119 1650 218 1682 dosus
247 1655 313 1681 cst:
337 1649 371 1680 in
397 1649 590 1693 quibusdam
616 1649 734 1691 legitur
763 1662 912 1682 »emenso
942 1650 1062 1694 spatio«

119 1713 277 1746 sententia
305 1713 449 1745 faciliori.
491 1713 664 1746 Heinsius:
695 1714 793 1746 »aliae
815 1714 884 1746 aevi
909 1720 1070 1747 transacto

118 1775 249 1820 spatia«
280 1775 465 1808 Vonckiuse
494 1775 593 1806 »aliae
620 1782 781 1808 transacto
804 1788 917 1808 cursus
939 1788 1070 1808 emenso

117 1838 286 1880 fugientes
313 1837 545 1870 Consistebant
570 1836 650 1869 aliae
674 1837 734 1869 sub
758 1844 961 1882 conspectu.«
1006 1837 1070 1870 Ar-

118 1900 219 1932 bitror
245 1900 296 1932 hic
321 1900 439 1948 sactum
474 1910 564 1940 esse,
604 1899 692 1942 quod
721 1899 754 1930 in
778 1899 934 1943 principio
956 1900 1069 1944 capitis

118 1961 244 2002 monui,
281 1966 318 1992 ut
341 1973 359 1992 a
383 1960 535 2002 magistro
558 1960 609 1993 vel
632 1960 797 2004 discipulis
819 1961 975 2004 quaedam
1000 1962 1069 1994 fue-

117 2026 182 2059 rint
207 2026 330 2066 addita,
363 2025 439 2056 dum
466 2025 500 2056 in
527 2024 646 2056 scholis
668 2025 950 2069 praelegebantur,
986 2037 1069 2069 quae

117 2097 225 2123 tamen
259 2101 462 2134 nequaquam
496 2094 570 2120 sunt
611 2088 712 2133 ipsius
743 2089 901 2122 Martiani.
948 2089 1068 2122 Veram

117 2154 267 2190 Martiani
292 2165 420 2187 manum
449 2153 586 2185 arbitror
609 2154 769 2197 praeferre
792 2154 952 2198 quantivis
973 2153 1069 2198 pretii

117 2217 314 2250 vossianum
341 2216 501 2249 codicem:
524 2215 635 2247 »Aliae
657 2216 877 2248 consistebant
903 2216 962 2248 sub
991 2228 1066 2248 con·

120 2285 246 2322 spectu,
290 2279 503 2310 adventabant
535 2291 630 2322 quam
661 2278 808 2323 plures«,
845 2284 882 2310 ut
915 2279 955 2310 de
988 2278 1066 2310 duo-

119 2343 180 2373 bus
203 2343 354 2387 loquatur
376 2342 528 2387 Capella,
569 2348 602 2374 et
630 2342 686 2386 qui
703 2343 772 2384 jam
796 2343 1009 2375 consisterent
1035 2350 1067 2375 et

452 2405 576 2438 Anwrz.
604 2406 711 2451 (misc.
738 2420 770 2451 p.
791 2407 894 2451 200).
922 2427 969 2432 ——
1020 2407 1068 2440 At

121 2468 149 2498 si
178 2473 260 2499 teste
290 2466 468 2500 Arntzenio
502 2473 596 2509 sunt,
632 2468 687 2512 qui
719 2474 794 2513 post
822 2481 948 2501 emenso
971 2469 1066 2502 habe-

120 2406 175 2450 qui
208 2406 400 2439 advenirent.

120 2537 176 2563 ant
211 2531 330 2573 spatio,
372 2542 454 2573 quae
485 2531 613 2574 quidem
647 2544 712 2563 vox
746 2533 779 2564 iu
818 2533 1066 2566 Monacensibus

121 2594 173 2638 (B.
190 2594 245 2639 D.)
262 2593 358 2625 etiam
375 2593 480 2627 addita
499 2600 563 2635 est,
597 2595 702 2628 omnia
717 2596 810 2630 facile
833 2597 1065 2641 intelligmitur,

767 514 882 556 Inter
921 515 1031 558 inira
1077 515 1183 559 haec
1223 517 1463 573 spectacula
1506 517 1868 576 fortunarumque
1907 535 2078 574 cursus,

1131 648 1225 683 modo
1259 649 1360 682 solam
1396 650 1686 695 interpunctionem
1715 652 1905 694 mutaveris,
1950 659 1985 684 ut
2008 653 2078 685 feci.

1130 714 1205 744 Tria
1233 713 1317 745 enim
1351 720 1494 758 tempora
1530 715 1631 747 tribus
1659 716 1722 747 illis
1746 716 1953 748 commatibus
1981 717 2078 748 ‹leno-

1129 782 1250 808 tanturz
1273 777 1474 809 Videbantur
1501 778 1660 820 fugientes
1684 799 1731 804 —
1758 780 1976 812 consistebant
1998 780 2079 812 aliae

1130 858 1178 863 —
1202 840 1476 886 adveniebantque
1502 854 1596 886 quam
1620 842 1767 886 plures«,
1800 845 2010 886 praeteritum
2032 843 2077 874 vi-

1129 901 1261 942 delicet,
1298 915 1451 945 praesens
1483 908 1516 935 et
1544 905 1680 935 instans.
1737 904 1776 936 Id
1805 905 1892 948 (pind
1914 904 2078 947 pulchrius

1128 965 1296 1009 veriusque
1332 967 1461 998 omnino
1497 979 1592 1010 quam
1628 967 1655 997 si
1691 979 1763 998 cum
1791 966 1970 999 Arntzcnio
1998 967 2078 998 duas

1127 1030 1250 1056 tantum
1284 1027 1436 1070 temporis
1461 1033 1569 1070 partes
1596 1032 1734 1058 statuere
1760 1026 1909 1059 volucris.
1952 1026 2078 1059 »Omne

1126 1086 1211 1118 enim
1236 1092 1380 1131 tempus«
1403 1088 1562 1121 Martiano
1581 1088 1652 1133 ipso
1679 1088 1814 1121 docente
1837 1086 1981 1133 (§.105.
1995 1089 2076 1123 755.

1127 1150 1213 1193 893)
1241 1152 1362 1183 »tribus
1386 1152 1525 1183 variatur
1549 1152 1698 1184 vicibus«

1201 1213 1377 1260 disparata]
1405 1215 1587 1257 Legebatur
1604 1221 1676 1247 ante
1695 1216 1870 1258 disperata,
1892 1215 1980 1260 quod
1995 1212 2077 1249 Vul-

1125 1274 1235 1306 canius
1267 1276 1446 1320 explicabat
1469 1283 1605 1321 neqata,
1639 1276 1773 1309 Grotius
1799 1282 1904 1308 autem
1926 1288 1998 1309 esse
2017 1289 2076 1321 pu-

1122 1338 1211 1370 tabat
1236 1340 1424 1383 desperata,
1453 1340 1720 1384 quemadmodum
1743 1340 1870 1373 codices
1889 1340 1982 1373 etiam
2004 1340 2075 1373 Μο-

1123 1413 1278 1433 nacenses
1299 1403 1351 1447 (B.
1369 1403 1406 1434 C.
1425 1402 1497 1446 ΙΙ),
1527 1402 1793 1434 Darmstattensis
1813 1408 1846 1434 et
1869 1401 2077 1435 Britannicus

1122 1464 1286 1506 praebent.
1329 1465 1440 1506 Quum
1471 1475 1548 1496 vero
1577 1465 1610 1495 in
1637 1465 1819 1496 Basilcensi
1841 1465 1993 1507 legissem
2013 1465 2075 1497 dis-

1120 1533 1255 1568 parata,
1285 1527 1372 1570 quod
1386 1527 1552 1559 Vonckius
1575 1527 1618 1571 (p.
1638 1526 1723 1570 144)
1748 1527 1824 1558 olim
1850 1527 1988 1567 volebat,
2013 1529 2075 1560 hoc

1122 1589 1277 1631 praetuli,
1322 1595 1357 1620 ut
1387 1590 1484 1621 verba
1523 1589 1704 1621 »nonnullis
1730 1590 1854 1621 eminus
1883 1591 2076 1622 vanescebat

1122 1650 1287 1693 disparata
1317 1650 1503 1694 prolixitas«
1537 1649 1726 1694 explicanda
1752 1656 1861 1682 essent
1892 1650 2075 1683 »nonnullis

1119 1713 1233 1757 procul
1259 1719 1382 1745 remota
1404 1718 1472 1746 erat
1495 1714 1598 1745 omnis
1624 1713 1810 1745 stabilitas«
1856 1712 1994 1758 Saepius
2016 1725 2073 1746 no-

1120 1782 1187 1809 ster
1207 1778 1302 1810 etiam
1334 1778 1433 1810 verbo
1458 1779 1624 1822 disparare
1644 1778 1744 1809 utitur
1765 1776 1805 1822 (§.
1823 1777 1881 1809 24.
1905 1777 1963 1809 25.
1990 1777 2072 1809 525.

1121 1841 1218 1884 714),
1239 1841 1359 1885 pariter
1377 1848 1471 1885 atque
1487 1842 1575 1874 Saxo
1593 1840 1837 1880 Grammaticus,
1859 1840 1914 1883 qui
1928 1845 2074 1873 nostrum

1119 1904 1237 1948 ubique
1261 1906 1328 1937 sere
1350 1905 1491 1936 imitatur
1507 1904 1675 1949 (Stephan.
1696 1904 1736 1934 ad
1749 1903 1826 1935 Sax.
1847 1915 1877 1947 p.
1895 1903 1967 1947 21).
1995 1904 2073 1936 »Di-

1117 1975 1284 2010 sparalum
1303 1974 1444 2009 autem«,
1457 1969 1571 2001 Cicero
1591 1968 1721 2010 (invent.
1734 1968 1766 2006 1,
1791 1965 1853 2009 28)
1868 1966 1983 2011 inquit,
2003 1982 2015 1997 υ
2023 1973 2073 2000 est

1117 2029 1150 2060 id
1175 2029 1262 2072 quod
1291 2030 1330 2062 ab
1354 2030 1460 2073 aliqua
1485 2040 1520 2061 re
1539 2040 1598 2073 per
1629 2027 1865 2073 oppositionem
1890 2028 2070 2071 negationis

1119 2098 1309 2135 separatur.«

1186 2155 1344 2201 fumidae]
1370 2155 1488 2198 Tangit
1515 2168 1625 2188 eorum
1647 2156 1809 2197 fortunas,
1831 2155 1887 2201 qui
1907 2167 1982 2188 mox
2003 2155 2069 2187 nati

1116 2218 1206 2251 nullo
1225 2219 1285 2250 sibi
1303 2231 1456 2251 concesso
1473 2219 1602 2252 vivendi
1625 2220 1729 2265 spatio
1746 2220 1814 2252 sine
1833 2219 1901 2252 ullo
1919 2220 2002 2253 vitae
2023 2219 2066 2251 of-

1116 2280 1187 2312 ficio
1210 2285 1384 2313 transeunt.
1407 2282 1510 2314 Vae.

1189 2343 1370 2392 motusque]
1395 2344 1483 2377 Illud
1509 2357 1591 2393 que,
1624 2345 1710 2389 quod
1735 2345 1869 2378 Grotius
1892 2344 1933 2376 ad
1952 2342 2064 2384 margi-

1116 2418 1189 2438 nem
1223 2407 1350 2449 rejecit,
1385 2409 1513 2441 omnino
1542 2409 1713 2451 legendum
1740 2421 1758 2441 e
1782 2408 1944 2442 codicibus
1969 2405 2063 2437 etiam

1115 2471 1298 2503 Basileensi
1318 2477 1350 2503 et
1361 2472 1550 2505 Monacensi
1571 2472 1709 2519 (C).1n
1730 2473 1799 2504 aliis
1815 2468 2063 2503 Monacensibus

1115 2533 1167 2576 (B.
1184 2532 1238 2575 D.)
1263 2533 1369 2577 priora
1392 2534 1489 2566 verba
1513 2535 1619 2566 »Inter
1641 2534 1737 2565 mira«
1765 2531 1955 2576 transposita
1977 2536 2061 2571 sunt,

1117 2596 1382 2641 quemadmodum
1410 2609 1505 2643 supra
1523 2610 1561 2630 ea
1583 2597 1686 2641 posui.

1631 2660 1653 2690 G
