2310 2860
57 804 142 848 '147

174 168 267 212 402

754 165 953 207 Martiani
983 163 1182 221 Capellae
1211 164 1284 207 lib.
1305 163 1359 207 V,
1390 166 1420 217 ᾗ.
1443 164 1549 206 446.

178 277 364 318 cionem.
422 274 545 325 Quae
574 274 731 330 species
764 274 974 329 qualitatis
1008 272 1222 314 translatio
1256 273 1514 315 nominatur.
1571 272 1677 315 Item
1716 287 1868 315 cavere
1906 275 2134 328 debemus,

183 374 238 399 ne
268 356 538 398 intendamus
565 356 766 398 auditoris
790 356 1002 405 officium,
1034 363 1081 395 ut
1109 354 1196 395 sola
1220 363 1350 395 status
1382 353 1562 409 qualitas
1592 353 1676 394 fiat.
1722 355 1834 395 Nam
1863 357 1937 409 qui
1961 372 2134 398 causam

179 437 406 492 cognoscit,
453 438 720 494 propositum
761 436 889 478 habet
933 433 1101 477 efficere
1145 434 1330 492 aliquid,
1378 435 1421 477 id
1467 445 1527 477 est
1576 445 1649 477 aut.
1695 436 1902 478 damnare
1947 438 2134 493 aliquem

178 527 250 559 aut
280 517 517 560 absolvere.

489 685 568 727 DE
604 683 935 728 GENERIBUS
970 683 1338 726 AUDITORUM
1373 683 1453 726 ET
1489 683 1824 726 CAUSARUM.

342 792 556 834 Auditoris
592 802 736 834 autem
766 802 864 834 sunt
893 795 970 834 tria
997 805 1173 847 genera:
1203 805 1342 832 unum
1377 791 1468 845 ejus
1500 792 1575 846 qui
1605 790 1844 832 secundum
1876 790 2131 846 aequitatem

173 872 332 927 aliquid
363 874 528 926 statuit,
559 883 599 915 et
627 875 660 915 is
692 883 752 915 est
781 888 989 930 perpense
1018 871 1172 926 judex3
1210 871 1328 913 aliud
1359 873 1473 927 ejus,
1504 874 1580 928 qui
1610 873 1829 915 honestate
1860 874 1929 916 vel
1961 874 2135 915 utilitate

172 956 329 997 ineerta
351 955 510 998 dubius
535 956 694 998 alienae
717 955 945 997 sententiae
970 952 1291 1010 persuasionem
1315 954 1622 1010 inexplicabilis
1645 954 1902 996 deliberator
1926 963 2136 1011 expectat3

171 1103 405 1135 coneionetun«
439 1101 562 1135 Similis
581 1107 685 1134 exstat
705 1101 789 1146 apud
804 1101 849 1134 Μ.
863 1100 1021 1133 Senecam
1038 1102 1127 1145 (con-

171 1172 255 1200 trev.
286 1166 329 1198 V.
349 1166 427 1209 55):
457 1167 527 1197 usur
545 1166 699 1197 concione
721 1166 954 1209 proliibeatur.«
986 1166 1126 1209 anomi-

172 1230 284 1260 niosus
306 1233 411 1259 autem
435 1227 487 1259 hie
509 1233 558 1259 est
579 1227 634 1271 qui
656 1227 789 1259 Graecis
810 1223 957 1269 ἄτιμος.

243 1303 326 1339 quae
340 1289 472 1335 species]
499 1290 572 1323 MS.
589 1303 688 1334 »quae
710 1295 812 1321 status
835 1289 997 1333 qualitatis
1020 1294 1124 1321 trans-

169 1351 245 1383 latio
261 1352 471 1384 nominatum
497 1352 595 1382 Forte
616 1351 689 1393 »qui
713 1355 814 1381 status
837 1349 999 1393 qualitatis
1021 1354 1125 1381 trans-

168 1415 245 1446 latio
271 1416 477 1447 nominatum«
500 1413 604 1445 Gnor.
621 1432 668 1437 —
698 1413 840 1445 Omnino
874 1424 939 1444 non
966 1413 1125 1444 intellexit

166 1479 375 1519 Martianum,
406 1478 461 1521 qui
486 1478 582 1508 modo
609 1476 656 1521 (ξ.
677 1477 770 1519 444)
795 1478 1038 1508 translationem
1060 1482 1124 1507 sta-

166 1548 234 1572 tum
262 1552 333 1572 esse
361 1544 531 1581 negaverat
556 1545 588 1569 et
622 1539 706 1569 inter
738 1538 901 1582 qualitatis
925 1540 1046 1581 speeies
1073 1550 1123 1569 re-

165 1599 297 1631 tulerat!
329 1600 484 1631 Nostrum
509 1611 642 1643 prorsus
673 1600 838 1631 confirmat
861 1598 982 1643 Aquila
1004 1600 1123 1631 Roma-

165 1674 228 1694 nus
253 1661 298 1706 (p.
317 1663 388 1693 155
409 1660 607 1703 Ruhnken).

242 1724 425 1769 translatio]
452 1724 567 1756 Cicero
586 1725 639 1768 (de
657 1723 776 1755 invent.
792 1725 829 1764 1,
854 1723 906 1766 8):
929 1724 1050 1756 »omnis
1070 1736 1123 1756 res

170 1812 176 1820 .
191 1813 199 1821 .
214 1812 222 1821 .
250 1793 303 1818 aut
330 1789 405 1819 facti
430 1793 484 1820 aut
509 1787 648 1819 nominis
677 1793 733 1818 aut
758 1787 885 1829 generis
911 1794 965 1819 aut
987 1790 1123 1820 actionis

162 1851 309 1882 continet
337 1851 557 1894 quaestionem
687 1857 719 1882 at
753 1864 851 1895 quum
887 1864 982 1883 causa
1015 1864 1055 1883 ex
1083 1863 1124 1883 eo

168 1914 301 1958 pendet,
326 1914 412 1957 quod
434 1926 499 1946 non
522 1921 577 1946 aut
601 1915 628 1946 is
650 1927 745 1958 assere
767 1915 893 1947 videtur
913 1928 1007 1959 quem
1029 1928 1123 1959 opor-

169 1980 232 2015 tet,
253 1980 309 2006 aut
331 1987 395 2006 non
418 1987 488 2007 cum
506 1987 544 2007 eo
564 1976 692 2020 quicum
713 1982 850 2020 oportet⁷
875 1982 930 2008 ant
952 1990 1017 2009 non
1039 1977 1125 2021 apud

169 2048 268 2080 quos5
295 2047 360 2079 quo
387 2042 545 2080 tempore,
575 2050 637 2081 qua
660 2038 748 2079 lege,
776 2051 839 2082 qua
861 2050 965 2082 poena
987 2044 1125 2083 oportet,

168 2100 362 2131 translativa
388 2099 503 2131 dieitur
521 2101 724 2141 constitutio3
750 2102 824 2145 quia
848 2103 1070 2134 translationis
1093 2107 1126 2134 et

170 2161 428 2193 commutationis
445 2161 526 2192 actio
544 2161 686 2203 indigere
704 2163 836 2194 videtur.
845 2178 856 2191 κ
887 2164 1033 2195 Eandem
1054 2164 1125 2208 plu·

170 2225 259 2256 ribus
280 2224 429 2268 exposuit
447 2224 510 2255 alio
528 2224 600 2256 loeo
616 2226 748 2269 (invent.
761 2227 796 2266 2,
822 2228 894 2271 19),
912 2240 1007 2272 quem
1024 2239 1128 2271 nuper

175 2288 305 2329 egregie
327 2294 364 2319 ut
396 2288 516 2318 assolet
546 2288 716 2320 illustravit
741 2290 914 2322 Platnerus
940 2292 1065 2335 (progr.
1086 2291 1128 2323 de

172 2350 287 2394 partib.
304 2350 414 2382 libror.
436 2351 507 2383 Cic.
527 2352 646 2382 rhetor.
668 2364 750 2395 quae
770 2353 809 2384 ad
827 2354 884 2395 jus
906 2360 1006 2398 spect.
1025 2355 1128 2387 Μαι-Ι).

177 2413 284 2444 1829.
305 2424 373 2456 cap.
388 2411 442 2454 2),
466 2411 529 2452 vir⁷
553 2412 608 2456 qui
622 2413 706 2454 juris
728 2414 892 2446 scientiam
918 2428 989 2448 cum
1011 2416 1131 2459 insigni

174 2475 342 2518 utriusque
370 2475 500 2516 linguae
528 2476 640 2519 peritia
672 2477 713 2507 ita
745 2479 901 2519 cumulat⁷
943 2485 979 2511 ut
1007 2480 1129 2512 Crasso

176 2536 223 2566 illi
252 2537 335 2578 apud
370 2537 563 2568 Ciceronem
593 2549 658 2569 non
693 2544 817 2570 tautum
849 2542 1040 2584 comparari,
1072 2541 1130 2573 sed

178 2596 271 2628 etiam
299 2596 496 2640 aequiperari
522 2598 634 2630 mex-ito
659 2598 771 2642 possit.
816 2599 981 2633 »Actionis
1005 2607 1130 2634 contro-

1178 1101 1333 1133 versiam«
1357 1100 1596 1142 Quinctilianus
1619 1112 1749 1143 quoque
1771 1101 1910 1144 appellat
1930 1101 1984 1144 (5,
2019 1102 2083 1139 15,
2111 1101 2133 1131 8

1178 1162 1253 1193 coll.
1283 1163 1316 1202 7,
1349 1163 1388 1202 5,
1420 1161 1463 1204 1).
1498 1161 1625 1193 Graeco
1648 1162 1805 1193 vocabulo
1834 1166 1884 1192 est
1913 1158 2133 1206 μετάληψις

1177 1225 1243 1256 sive
1269 1222 1516 1268 μετάσταόις,
1544 1236 1640 1268 quam
1659 1225 1803 1256 certatim
1828 1225 1990 1255 illustrant
2015 1225 2134 1257 Curius

1175 1285 1426 1317 Fortunatiauus
1456 1285 1500 1328 (p.
1526 1286 1570 1316 51
1602 1285 1719 1327 Ptin),
1753 1284 1920 1328 Sulpicius
1944 1285 2060 1317 Victor
2088 1285 2134 1329 (p.

1176 1347 1281 1389 262),
1311 1345 1516 1387 Augustinus
1546 1345 1590 1389 (p.
1613 1346 1718 1388 294),
1757 1346 1868 1376 eadem
1898 1358 1976 1377 vero
2007 1346 2134 1388 injure

1174 1407 1285 1439 Attico
1305 1403 1561 1453 παραγραφή,
1583 1418 1664 1450 quae
1677 1406 1801 1438 Latinis
1813 1407 1892 1438 alias
1908 1409 2135 1451 praescriptio;

1176 1470 1262 1501 unde
1280 1469 1520 1512 Quinctiliauus
1537 1469 1586 1511 (5,
1606 1470 1641 1509 6,
1665 1468 1742 1511 72)ι
1769 1480 1895 1500 »annon
1911 1471 2134 1513 praescriptio-

1174 1545 1251 1572 nes,
1286 1532 1381 1564 etiam
1413 1532 1447 1564 in
1483 1531 1601 1575 quibus
1636 1532 1772 1563 maxime
1807 1531 1934 1563 videtur
1965 1534 2133 1564 manifesta

1175 1597 1364 1634 translatio,
1390 1595 1518 1626 easdem
1548 1606 1659 1626 omnes
1683 1595 1809 1638 species
1830 1595 1968 1626 habent«
1996 1602 2057 1627 cet.
2079 1596 2134 1627 ubi

1174 1659 1236 1690 vid.
1255 1658 1464 1702 Spaldingius
1482 1658 1525 1701 (p.
1544 1658 1641 1700 527).
1666 1657 1763 1689 Adde
1781 1659 1919 1691 Marium
1931 1659 2133 1691 Victorinum

1174 1723 1223 1767 (p.
1247 1723 1322 1754 207
1352 1721 1474 1764 Pith.):
1506 1722 1786 1753 »Translationem
1818 1734 1884 1754 non
1917 1723 2133 1765 intelligamus

1173 1787 1305 1817 sormam
1336 1797 1408 1817 esse
1442 1790 1544 1816 status
1576 1785 1707 1826 legali53
1745 1787 2030 1828 praescriptionem.
2057 1798 2132 1818 vero

1175 1850 1308 1881 eandem
1330 1848 1482 1891 appellari
1501 1859 1597 1891 posse
1616 1853 1648 1879 et
1665 1848 1799 1880 eandem
1818 1851 2050 1891 exceptionem,
2076 1850 2134 1882 sed

1175 1911 1215 1942 ab
1239 1910 1456 1949 oratoribus«,
1491 1909 1546 1940 ubi
1576 1914 1719 1940 oratores
1743 1910 1926 1941 rhetoribus
1953 1910 2020 1943 sive
2046 1912 2134 1943 tech-

1175 1974 1255 2007 uicis
1288 1978 1504 2017 opponuntur.
1550 1972 1602 2004 Be
1630 1975 1883 2017 praescriptione
1911 1974 1978 2005 sive
2010 1984 2131 2019 παρα-

1175 2035 1308 2085 γραφῇ
1333 2037 1405 2068 vide
1429 2036 1565 2068 eundem
1587 2037 1775 2068 Platnerum
1794 2037 1948 2081 (Process
1968 2037 2033 2068 und
2053 2036 2131 2068 Rla-

1177 2114 1238 2144 gen
1259 2100 1311 2132 bei
1335 2100 1397 2131 den
1420 2099 1572 2131 Attikern
1589 2100 1622 2140 Ι,
1644 2113 1678 2144 p.
1695 2099 1918 2142 158-160).

1250 2169 1286 2195 ut
1303 2162 1384 2207 sola]
1412 2164 1486 2194 Hoc
1503 2163 1629 2194 restitui
1650 2175 1690 2194 ex
1710 2162 1921 2193 anterioribus
1937 2161 2131 2193 editionibus

1177 2235 1236 2267 pro
1265 2223 1423 2255 Grotiano
1449 2230 1481 2255 et
1502 2226 1581 2256 solu.
1607 2224 1734 2254 Pariter
1757 2223 1836 2253 infra
1863 2223 1988 2254 restitui
2010 2224 2131 2266 efficere

1178 2287 1303 2333 aliquid
1324 2298 1383 2329 pro
1408 2288 1515 2325 aliud,
1544 2287 1706 2318 codicibus
1733 2298 1863 2329 quoque
1882 2287 2129 2318 Darmstattensi

1179 2356 1212 2382 ct
1233 2350 1491 2381 Reichenauensi
1518 2349 1748 2380 addicentibus.
1787 2348 1844 2380 Sic
1869 2349 1984 2381 Cicero
2006 2349 2129 2393 (partit.

1179 2413 1234 2457 5),
1257 2425 1353 2457 quem
1374 2413 1481 2445 locum
1501 2412 1710 2456 sequentibus
1735 2424 1864 2455 quoque
1885 2413 2035 2444 adhibere
2055 2425 2128 2458 pos·

1181 2477 1242 2509 sis:
1264 2482 1337 2508 »aut
1363 2476 1560 2508 auscultator
1589 2480 1638 2506 cst
1664 2475 1760 2506 modo
1787 2475 1842 2518 qui
1871 2476 1959 2507 audit
1986 2481 2041 2507 aut
2065 2476 2128 2508 dis-

1181 2546 1341 2585 ceptator,
1373 2539 1407 2570 id
1433 2544 1483 2570 est
1508 2538 1554 2569 rei
1582 2538 1823 2581 sententiaeque
1846 2537 2044 2577 moderator5
2084 2538 2126 2568 ita

1182 2608 1217 2636 ut
1238 2607 1292 2636 aut
1315 2602 1493 2636 delectetur
1510 2607 1565 2633 aut
1588 2606 1705 2632 statuat
1726 2598 1858 2645 aliquid.
1883 2597 2005 2631 Statuit
2021 2604 2126 2631 autem
