2310 2860
129 408 214 450 198

129 572 215 615 199

253 153 346 196 2¹10
838 148 1038 192 Martiani
1076 145 1277 205 Capellae
1312 145 1384 188 lib.
1412 145 1467 188 11.
1505 148 1537 201 §.
1566 147 1661 189 197.

249 258 464 301 saeviebat
500 256 701 310 horrore3
752 256 819 298 cui
859 265 1001 298 tamen
1039 263 1220 311 potestas
1259 268 1338 309 pro
1373 253 1472 295 circi
1509 254 1742 310 granditate
1773 255 1909 310 major
1948 270 1996 297 ac
2026 254 2215 311 praelata

438 337 691 378 habebatur.
1821 345 1907 377 tam
1951 336 2214 379 intoleranda

251 338 395 380 ceteris
772 337 971 393 Denique
1014 335 1159 392 harpis
1209 334 1473 390 bombisque
1518 337 1760 391 perterrita,

250 418 540 474 congressione
571 419 690 473 virgo
722 417 898 474 diffugit.
956 417 1061 460 Inde
1085 418 1284 460 maximis
1309 416 1529 458 conatibus
1559 418 1753 474 sescuplo
1785 418 1933 459 itinere
1958 418 2212 460 evehuntur.

248 500 361 542 Nam
395 509 490 539 tono
518 513 565 539 ae
595 498 770 539 dimidio
801 498 853 539 ad
882 498 1012 554 ipsius
1047 497 1234 539 coelestis
1264 497 1472 553 sphaerae
1506 499 1684 554 globum
1724 515 1771 540 ae
1802 499 2054 554 laqueatum
2085 499 2214 541 stellis

252 579 462 622 ambitum
507 579 767 634 pervenitur.
848 579 1003 634 Sicque
1044 594 1117 620 sex
1158 588 1358 621 tonorum
1395 581 1765 622 conscensionibus
1806 590 1846 622 et
1874 581 2110 622 stadiorum
2139 580 2216 622 de·

249 660 358 701 secta
387 659 630 699 lassitudine
661 659 837 714 fatigati,
873 673 1014 715 quum
1048 658 1253 715 diapason
1284 662 1604 718 symphoniam,
1639 661 1853 718 quidquid
1884 662 2046 703 emensi
2081 669 2213 712 erant,

247 767 281 801 id
307 767 483 800 certissime
508 779 524 799 e
544 767 678 808 Selino,
705 767 760 812 qni
782 781 849 812 cap.
864 769 913 801 52
941 768 1108 813 »apl-lignis
1131 769 1207 800 den-

246 831 350 864 tibus«
385 832 481 872 dixit,
521 837 556 863 ut
586 832 619 863 in
647 832 834 876 quibusdam
861 833 1055 864 editionibus
1079 833 1207 874 legitur,

246 895 335 941 quod
357 895 517 927 tamenin
540 895 721 928 Venetiana
748 908 820 928 ann.
848 897 965 937 1498,
998 908 1080 940 quae
1108 907 1209 940 penes

245 971 297 992 me
321 965 387 1000 est,
418 965 574 991 mutatum
597 972 724 1004 quoque
749 960 781 991 in
805 962 930 1004 aprinis
954 961 1066 992 eodem
1091 972 1210 992 errore.

245 1018 426 1054 Salmasius
444 1021 541 1052 edidit
563 1023 768 1065 apruyincisq
795 1034 870 1054 sane
888 1022 1015 1053 Latinis
1033 1023 1094 1054 dici
1113 1034 1208 1066 apru-

245 1086 376 1128 gineus,
407 1087 586 1128 ‹rprayinns
612 1091 643 1116 ct
669 1097 834 1128 aprugnus
863 1085 948 1116 idem
971 1086 1093 1117 notavit
1119 1097 1209 1117 exer-

247 1147 333 1177 citat.
360 1146 444 1177 Ptin.
468 1159 499 1189 p.
518 1147 601 1178 574.
626 1146 748 1177 Anu-z.
765 1146 865 1190 (misc.
887 1159 917 1190 p.
935 1147 1033 1189 215).
1049 1166 1096 1171 ·—
1128 1146 1209 1177 Cor—

248 1209 402 1247 rexiuws.
423 1209 497 1252 quia
514 1209 546 1241 in
566 1210 675 1241 codice
693 1210 749 1240 illo
763 1211 918 1253 αρν-1191113
937 1209 1070 1251 lcgitnr3
1100 1221 1208 1252 quam-

248 1271 296 1302 vis
332 1272 466 1314 apt-inus
504 1271 589 1302 haud
620 1271 758 1302 deterior
786 1283 850 1303 vox
881 1271 923 1302 sit
952 1283 971 1302 a
996 1271 1143 1303 Varrone
1177 1275 1210 1302 et

234 1331 356 1364 -Plinio
385 1337 545 1376 usurpata.
583 1333 734 1364 Profecto
760 1332 843 1363 sicut
870 1344 887 1363 a
913 1344 1009 1376 caper
1030 1338 1080 1364 est
1106 1333 1209 1374 capri-

247 1407 325 1436 nus,
354 1395 398 1426 ita
423 1395 462 1426 ab
486 1407 563 1439 aper
587 1395 649 1426 dici
673 1401 781 1438 potest
802 1397 945 1438 aprinus.

322 1456 477 1502 exitialis]
510 1458 576 1489 Pro
605 1458 762 1490 Grotiano
788 1459 914 1490 exitiali
934 1470 952 1490 e
976 1457 1140 1491 Vossiano
1164 1457 1208 1489 le-

247 1522 386 1563 gendum
411 1523 564 1553 exitialis.
589 1522 698 1553 Litora
721 1522 748 1554 S
771 1523 921 1566 absorpta
944 1528 995 1554 est
1019 1534 1037 1554 a
1062 1521 1209 1565 sequenti

246 1594 343 1622 voce,
379 1584 454 1615 lieet
478 1596 543 1615 non
563 1596 681 1615 novum
704 1584 798 1614 suerit
820 1584 944 1615 Latinis
969 1584 1064 1615 etiam
1082 1584 1208 1625 elegan-

249 1646 401 1685 tioribus,
436 1647 491 1689 qui
521 1647 585 1677 duo
617 1646 771 1688 adjeeliva
801 1647 857 1677 nni
885 1647 1084 1678 substantivo
1112 1646 1208 1689 adpo-

250 1712 336 1738 nant.
372 1707 488 1739 Cicero
509 1719 568 1750 pro
588 1707 728 1739 Milone:
753 1713 900 1751 »propter
922 1708 1020 1739 multa
1046 1707 1209 1752 praeclara

250 1768 390 1800 merium<
422 1768 671 1800 Dracltenborch
694 1769 734 1800 ad
754 1769 824 1800 Liv.
849 1771 885 1810 l,
916 1770 978 1809 14,
999 1775 1030 1801 et
1048 1782 1088 1801 ex
1103 1769 1208 1813 poetis

249 1830 468 1874 exemplorum
484 1836 623 1872 segetem
636 1831 796 1872 congessit
811 1831 1068 1872 elegantissimus
1082 1831 1208 1863 Brouk-

250 1893 319 1923 hus.
345 1893 384 1924 ad
413 1892 531 1924 Tibull.
556 1894 597 1932 5,
629 1894 669 1932 5,
688 1894 767 1934 Ξ22.
806 1892 920 1936 Neque
949 1893 981 1924 id
1009 1893 1209 1926 Graecorum

251 1956 354 2000 poetis
377 1957 537 1998 ignotum,
570 1957 656 1988 unde
686 1958 840 2001 δεσμοῖς
869 1953 1032 1997 ἀλυτοΐς
1059 1953 1209 2004 ἀγρίοις

251 2023 337 2049 recte
359 2019 486 2050 defendi
512 2031 608 2063 posse
637 2019 721 2063 apud
747 2018 901 2062 Δ40501131.
925 2020 1089 2051 Prometh.
1111 2020 1210 2051 vinct.

251 2090 282 2111 v.
308 2080 378 2111 134
404 2081 481 2111 vidit
506 2081 548 2112 Η.
572 2081 768 2125 Stephanus
791 2081 918 2115 ΑΜΤΖ.
945 2082 1046 2125 (mise.
1073 2094 1104 2124 p.
1120 2080 1207 2123 214)

253 2160 291 2167 -
326 2142 376 2172 De
400 2141 541 2174 Saturno
573 2143 693 2174 exitiali
722 2144 833 2174 confer
867 2143 1031 2186 superiora
1064 2142 1207 2186 (§.17).

252 2202 392 2235 Exitiulz’
412 2216 469 2247 pro
491 2206 631 2236 exitialis
653 2216 717 2236 non
736 2204 799 2235 nisi
822 2206 1092 2249 typographorum
1109 2205 1209 2236 errori

253 2267 495 2299 adscribendum
519 2279 591 2299 esse
613 2268 755 2309 videtur,
784 2281 882 2312 quum
903 2269 1078 2301 anteriores
1098 2280 1208 2300 onmes

254 2328 411 2361 editiones
433 2329 596 2360 meliorem
617 2331 779 2373 proferant
798 2329 984 2372 lectionem,
1012 2343 1107 2375 quam
1124 2331 1208 2364 Gro-

254 2390 331 2422 1111111
358 2396 480 2422 mutare
503 2391 643 2422 voluisse
666 2403 731 2422 non
754 2391 950 2424 arbitramur.

327 2452 450 2498 leco-pis]
477 2453 632 2485 Ediderat
654 2454 788 2485 Grotius
810 2457 914 2497 arpis,
943 2461 1137 2500 quapropter
1156 2467 1209 2489 eo-

256 2521 345 2548 actus
367 2520 435 2547 erat
463 2516 581 2547 hancce
611 2514 726 2546 addere
750 2521 872 2547 notam:
906 2517 1014 2559 »Lego
1042 2519 1151 2562 Imrpt's
1177 2523 1211 2551 et

256 2579 381 2624 explico
401 2578 558 2623 falcibus,
588 2578 633 2611 ita
661 2579 744 2611 enim
775 2585 868 2611 sonat
897 2591 960 2613 vox
990 2581 1132 2614 Graeca:
1160 2587 1212 2614 est

1260 770 1344 802 enim
1364 767 1469 817 ἅρπη
1489 766 1673 817 ὃρεπάνη.
1709 770 1736 802 F
1739 771 1823 802 alces
1846 776 1950 802 anilem
1968 769 2109 802 Saturno
2130 768 2216 800 attri-

1260 834 1330 866 buit
1348 834 1531 878 antiqnitas,
1558 840 1593 866 ut
1613 835 1716 866 omnis
1740 840 1905 866 auctorum
1928 840 1990 865 tam
2009 833 2217 872 Graecorum,

1261 910 1357 942 quam
1389 898 1597 939 Latinorum,
1631 898 1724 930 turha
1761 903 1904 930 testatur.
1950 895 2074 930 Mavult
2112 901 2218 927 tamen

1261 959 1422 991 illustriss.
1462 959 1609 1002 Scaliger
1642 972 1701 1004 pro
1736 960 1858 991 musico
1892 959 2105 991 instrumento
2139 955 2218 990 acci-

1260 1033 1354 1065 pere,
1391 1021 1578 1065 praesertim
1620 1033 1717 1065 quum
1752 1022 1869 1053 bombis
1905 1025 2073 1065 sequatur,
2109 1023 2216 1051 motus

1259 1082 1343 1113 inter
1365 1082 1426 1113 alia
1450 1081 1512 1113 isto
1535 1082 1702 1113 Fortunati
1727 1082 1816 1114 loeo:

1319 1145 1554 1191 »Romanisque
1578 1146 1648 1187 lyra
1677 1146 1735 1176 {ibi
1757 1146 1875 1188 plaudo
1899 1146 2055 1177 lam-barus
2081 1144 2210 1188 harpa·

1259 1205 1386 1238 Nomen
1410 1207 1471 1237 hoe
1502 1206 1674 1237 etiamnum
1699 1206 1803 1237 Gallis
1830 1212 1862 1238 et
1889 1207 2002 1248 Belgis
2030 1206 2209 1237 usitatum.-

1261 1268 1367 1301 Gnor.
1383 1287 1431 1292 —
1450 1269 1611 1312 Equidem
1635 1268 1751 1300 Grotio
1772 1269 1897 1312 potius,
1929 1280 2024 1313 quam
2052 1268 2218 1310 Scaligero

1261 1332 1457 1375 adstipulor:
1474 1332 1559 1362 haud
1584 1331 1668 1362 enim
1690 1332 1801 1373 video,
1831 1344 1895 1375 quo
1918 1337 2012 1376 pacto
2036 1331 2219 1374 Philologta

1260 1394 1382 1425 musico
1398 1394 1610 1424 instrumento
1625 1395 1798 1436 perterrita
1819 1393 1880 1425 dici
1894 1393 2045 1438 potuerit.
2070 1392 2103 1425 Α
2117 1395 2217 1426 Thra-

1260 1457 1352 1489 cibus
1373 1453 1522 1503 ἅρπην,
1549 1456 1714 1488 incurvum
1740 1457 1897 1499 gladium,
1933 1458 2095 1490 inventam
2119 1457 2217 1489 fuisse

1261 1521 1414 1554 Clemens
1444 1519 1684 1552 Alexandrinus
1716 1521 1837 1564 (strom.
1872 1522 1902 1552 1.
1938 1533 1969 1565 p.
1992 1520 2088 1563 507)
2116 1520 2219 1553 docet.

1259 1584 1373 1616 Persei
1397 1584 1491 1615 etiam
1519 1583 1632 1616 falcem
1660 1579 1929 1630 ἀδαμαντίνην
1949 1580 2081 1630 ἅρπη-ν
2104 1589 2219 1628 poetae

1261 1645 1425 1689 appellant
1454 1644 1659 1689 (Apollodor.
1690 1646 1730 1685 2,
1753 1646 1794 1685 4,
1821 1645 1854 1677 2.
1900 1644 2080 1689 Apollinar.
2106 1645 2219 1678 Sidon.

1261 1719 1357 1742 carm.
1388 1708 1409 1739 7
1438 1720 1469 1751 p.
1492 1708 1565 1739 507
1593 1706 1711 1749 Sirm.).
1750 1706 1805 1738 Ah
1835 1707 1942 1750 ltarpis
1971 1707 2066 1738 etiam
2101 1707 2218 1741 milites

1260 1770 1387 1814 quidam
1420 1769 1579 1812 hai-pigeri
1614 1769 1689 1800 olim
1724 1769 1800 1800 dieti
1828 1769 1868 1812 (v.
1899 1767 2025 1812 Cang.).
2067 1769 2219 1802 Ceterum

1259 1831 1487 1876 aspirationem
1506 1830 1623 1862 addere
1647 1842 1713 1862 non
1734 1830 1876 1862 dubitaui
1895 1842 1912 1862 e
1929 1830 2106 1863 rationibus
2123 1843 2220 1878 supra

1259 1895 1301 1941 (ἓ.
1327 1896 1347 1927 7
1372 1893 1455 1937 not.)
1479 1894 1643 1938 expositis.

1336 1955 1531 2004 bomba‘sque]
1559 1956 1651 1989 Sono
1677 1955 1814 2000 graviori
1840 1957 1957 2001 (Varro
1987 1957 2029 1989 R.
2046 1957 2138 1997 R.5‚
2161 1957 2218 1999 16,

1259 2019 1337 2062 52),
1368 2018 1468 2050 veluti
1494 2018 1636 2062 tympani
1657 2017 1699 2062 (§.
1715 2017 1788 2061 67).
1814 2018 1963 2051 Catullus
1991 2019 2064 2063 (64,
2083 2018 2185 2062 264)ε

1316 2080 1450 2112 »Multis
1476 2080 1664 2112 raucisonos
1691 2080 1840 2122 efflabant
1864 2091 1986 2112 cornua
2005 2079 2170 2111 bombos«

1334 2140 1492 2186 sescuplo]
1529 2142 1708 2185 „Tempora
1734 2141 1793 2172 tria
1821 2141 1861 2172 ad
1886 2140 1949 2171 dno
1971 2141 2154 2185 sescuplum
2174 2141 2218 2173 ta-

1259 2206 1364 2239 ciunt«
1398 2205 1567 2248 (Quinctil.
1593 2206 1632 2246 9,
1657 2205 1697 2244 4,
1721 2204 1782 2235 47.
1807 2216 1840 2246 p.
1861 2202 1957 2246 556).

1334 2265 1496 2311 coelestis]
1533 2264 1806 2298 Reiehenauensis
1840 2270 1873 2296 et
1908 2265 2084 2297 Grotianus
2116 2265 2218 2298 codex

1258 2331 1413 2375 praebent
1446 2330 1586 2369 coelitis,
1632 2328 1718 2372 quod
1756 2339 1822 2359 non
1858 2327 1963 2360 minus
2001 2328 2138 2374 probum
2168 2335 2218 2361 est

1258 2395 1303 2439 (v.
1323 2393 1352 2438 ξ.
1371 2393 1418 2426 62
1442 2392 1532 2436 not.).

1332 2453 1473 2499 defecta]
1507 2454 1556 2486 Ita
1581 2465 1639 2497 pro
1669 2451 1826 2486 Grotiano
1852 2451 1977 2496 defessa
1998 2452 2125 2485 codices
2144 2452 2215 2485 Μο-

1258 2528 1413 2550 nacenses
1431 2516 1485 2560 (B.
1501 2515 1538 2547 C.
1554 2515 1595 2546 D.
1608 2514 1648 2546 E.
1663 2514 1725 2558 G),
1744 2513 2030 2555 Reichenauensis,
2047 2514 2214 2546 Basileon-

1261 2582 1316 2624 sis‚
1340 2579 1620 2620 Darmstattensis,
1642 2577 1860 2621 Betui-janus,
1884 2578 2105 2618 Britannicus,
2129 2577 2213 2610 Can-
