2310 2860
759 129 959 171 Martiani
997 129 1198 186 Capellae
1235 130 1309 171 lib.
1333 130 1365 171 I.
1411 134 1441 184 §.
1471 132 1512 173 5.

157 235 356 278 indutum
406 250 543 292 parva
599 235 927 293 invelatumque
979 246 1118 279 cetera

2067 138 2128 182 25

1171 235 1459 279 humerorum
1519 252 1725 281 cacumen
1770 240 1991 284 obnubere
2036 245 2126 287 sine

156 333 310 374 magno
331 317 530 375 Cypridis
553 319 644 360 risu
667 334 752 360 non
777 318 981 361 sinebant.
1020 316 1279 359 Rationabili
1309 316 1437 372 igitur
1467 320 1683 374 proposito
1717 322 1926 364 constituit
1968 324 2126 379 pellere

155 426 313 458 renitebat
337 427 515 470 praeferat:
538 437 652 458 sensus
677 426 762 458 enim
784 426 870 458 idem
892 426 970 466 erit,
1005 432 1113 458 utrum

155 489 271 531 legeris
305 488 319 536 (
327 502 355 521 v.
378 489 428 521 vir
455 490 568 522 doctos
595 490 635 522 ad
658 489 744 535 App.
767 489 793 523 I.
819 491 891 522 108
914 487 1022 534 oud.)
1052 491 1112 521 Re-

156 551 272 582 m‘deus
295 551 380 582 enim
404 551 510 595 placet
532 552 572 583 ob
594 552 804 592 hilaritatem,
836 553 981 583 renitens
1006 552 1047 583 ob
1065 551 1111 583 ni-

155 617 267 644 torem.
300 612 397 643 Prius
414 613 529 644 Cicero
553 612 609 656 (dc
632 613 686 645 fin.
704 614 741 654 1,
764 610 808 661 Ι8)
831 613 990 658 expressit
1005 613 1111 645 verbis

164 691 174 703 u
181 675 297 707 leniter
323 676 474 706 arridens.
483 690 494 703 «

229 735 397 782 pubentes]
424 737 474 768 Ita
490 736 671 768 Vossianus
689 737 791 770 codex
809 749 868 782 pro
883 737 1040 771 Grotiano
1055 750 1112 782 pu-

156 801 328 833 bescentes.
353 801 518 833 Pubentes
540 811 616 832 vero
633 800 760 841 malim,
783 807 819 832 ut
847 803 1020 845 »pubentes
1040 803 1110 833 licr-

156 863 235 895 bae«
266 863 351 908 apud
374 863 546 905 Virgilium
566 862 650 897 Aen.
669 864 712 904 4,
745 864 828 897 514.
861 863 957 897 Adde
977 865 1113 897 Junium

156 926 196 959 de
218 939 310 960 coma
332 939 358 959 c.
379 928 413 959 4.
435 940 466 971 p.
487 928 571 959 405.
600 926 725 959 Amvrz.
751 926 851 974 (misc.
873 928 959 973 198)
984 947 1030 953 --
1064 928 1114 962 lta

156 995 190 1022 et
211 990 339 1023 codices
357 990 548 1032 Hugianus,
583 990 877 1032 Reiehenauensis,
903 992 1114 1029 Basileensis‚

155 1059 189 1084 ct
210 1054 496 1094 Darmstattensis‚
535 1054 726 1098 variansque
751 1055 848 1088 lectio
871 1055 906 1088 in
929 1055 1113 1088 Norimlmr-

154 1114 247 1156 gensi
262 1114 346 1147 libro
371 1115 411 1146 ad
433 1115 609 1157 marginem
635 1122 798 1148 annotata.

232 1177 397 1219 chlamyde
429 1176 592 1223 indutum]
627 1177 684 1211 Sic
712 1177 897 1223 Appulejus
931 1180 970 1212 de
1002 1179 1115 1212 eodem

155 1237 331 1270 Mercurio:
358 1239 470 1270 »adest
490 1238 675 1272 luculentus
694 1251 785 1284 puer,
812 1242 919 1273 nudus
942 1241 1005 1274 nisi
1029 1240 1116 1285 quod

157 1299 311 1342 ephebica
345 1300 514 1343 chlamyde
554 1301 722 1334 sinistrum
752 1303 883 1344 tegebat
914 1305 1089 1335 humerum.
1097 1317 1110 1332 u

156 1359 221 1392 Hic
244 1359 329 1392 enim
355 1372 426 1393 mos
455 1362 606 1405 ephebis,
649 1363 735 1395 unde
771 1362 939 1410 ἐφαβικὰ
979 1366 1115 1408 «εἱ-’ματα

157 1423 331 1456 Theocrito
365 1422 415 1469 (ut
453 1424 546 1456 docte
578 1425 710 1467 collegit
749 1427 913 1458 meursius
948 1426 1052 1472 meus)
1091 1433 1123 1459 ct

157 1485 361 1530 ἑπωμίὃες.
408 1486 571 1518 Lucilium
598 1488 673 1519 hinc
696 1488 860 1529 intellige:
884 1489 982 1522 »Inde
1014 1502 1123 1533 parce-

157 1555 224 1582 tato
248 1549 431 1582 chlamides.
440 1564 451 1577 n
483 1550 594 1591 Hujus
621 1550 669 1581 rei
698 1551 846 1594 exempla
867 1551 991 1594 aliquot
1013 1552 1046 1582 in
1070 1564 1123 1583 an·

158 1611 347 1656 tiquissimis
384 1611 609 1656 manuscriptis
645 1611 830 1645 Germanici
867 1613 1000 1654 figuris,
1041 1625 1121 1656 quas

156 1674 247 1709 brevi
265 1675 406 1706 edemuS.
433 1674 538 1707 Gno'r.
553 1693 600 1700 —-
632 1674 684 1707 De
709 1674 876 1718 chlamyde
902 1676 1058 1719 ephebica
1083 1676 1122 1707 cs.

157 1738 291 1772 Locella
304 1738 345 1770 ad
359 1738 508 1782 Xenoph.
523 1738 644 1782 Ephes.
675 1751 706 1783 p.
721 1740 803 1771 157.
837 1739 960 1771 Jacobs
986 1739 1026 1770 ad
1051 1739 1123 1771 An-

157 1803 279 1845 tholog.
300 1814 345 1844 gr.
369 1802 396 1834 I.
433 1803 463 1834 1.
487 1815 518 1846 p.
534 1803 602 1842 243
641 1800 813 1835 Anecdota
833 1802 1123 1834 Hcmstcrhusiana

160 1876 191 1908 p.
213 1864 287 1895 219
323 1864 372 1895 ed.
389 1863 483 1895 Geel.
544 1862 641 1895 Adde
665 1863 706 1895 ad
737 1863 938 1907 Appulcjum
980 1864 1067 1909 (Op.
1097 1864 1124 1895 I.

160 1938 191 1970 p.
211 1924 297 1970 ⁷57)
328 1931 420 1956 notas
435 1948 444 1964 ,
473 1930 506 1955 et
533 1924 687 1956 Ovidium
707 1924 795 1967 (met.
808 1925 842 1965 2,
863 1922 1123 1970 755>.Chlamys

161 1992 327 2031 practerea
351 1986 577 2017 vestimentum
605 1991 673 2016 erat
697 1985 970 2028 peregrinantium
997 1984 1124 2031 (Plauti

161 2049 282 2083 Pseud.
298 2051 342 2090 4,
371 2050 412 2089 2,
441 2050 473 2081 8.
490 2049 622 2081 mercat.
643 2050 684 2089 5,
712 2049 753 2088 2,
781 2047 854 2094 71),
880 2050 968 2093 quod
990 2049 1123 2081 deorum

163 2112 276 2145 nuntio
305 2111 435 2143 omnino
463 2110 682 2143 conveniebat.
723 2110 833 2152 Zoega
863 2111 948 2155 apud
979 2111 1123 2151 Hugium

165 2173 282 2220 (myth.
314 2173 389 2205 269
419 2171 508 2216 not.)
539 2172 706 2204 llermetis
737 2184 854 2204 nomen
887 2171 1122 2217 Aegyptiacum

164 2251 236 2271 esse
271 2238 366 2270 docet
387 2235 548 2271 EP-ME
573 2235 661 2281 quod
697 2237 793 2268 vertit
820 2238 1006 2278 »Veritas«,
1037 2237 1121 2269 unde

166 2303 309 2333 tradente
334 2301 510 2333 Plutarcho
539 2301 599 2344 (de
629 2300 716 2332 Iside
739 2297 808 2347 28)
846 2301 1031 2334 acclamatio
1066 2301 1121 2332 illa

165 2364 199 2395 in
220 2363 303 2395 sesto
327 2363 396 2395 die:
422 2359 549 2409 γλυκὺ
571 2358 596 2408 ἡ
626 2359 804 2408 ἀλήθεια.

240 2425 493 2474 invelatumque]
524 2425 697 2468 Distinguc
731 2417 989 2471 »invelatumque
1013 2432 1118 2459 cetera

167 2490 389 2528 humerorum,
415 2500 568 2521 cacumen
585 2488 768 2521 obnubere«
796 2494 855 2521 cet.
877 2489 1004 2522 Voxcn.
1019 2489 1117 2535 (spec.

168 2551 236 2585 crit.
259 2564 290 2597 p.
311 2550 374 2595 78)
395 2570 440 2578 ·-
471 2551 621 2585 Profecto
641 2552 675 2585 id
700 2564 794 2596 agere
820 2553 947 2586 videtur
975 2554 1037 2586 iste
1060 2553 1118 2586 cri-

1161 423 1256 464 ticus,
1280 427 1316 454 ut
1332 427 1434 454 totum
1455 430 1637 468 corrumpat
1650 424 1800 458 Martiani
1817 438 1908 471 opus.
1921 426 2020 461 Absit
2039 435 2126 463 certe

1161 494 1196 520 ut
1215 488 1262 520 sic
1280 486 1531 529 distinguamus!
1559 487 1677 521 Risum
1700 488 1785 522 enim
1806 490 1946 523 Veneris
1967 493 2126 533 movebat,

1163 549 1252 594 quod
1282 560 1398 593 »parva
1425 548 1567 593 chlamys
1590 551 1796 583 humerorum
1818 557 1942 584 tantum
1965 554 2128 586 cacumina

1163 613 1377 653 obnuberet«,
1396 617 1501 644 cetera
1519 618 1625 645 autem
1643 613 1806 657 (pudenda
1820 615 2023 661 praesertim)
2037 617 2123 649 nuda

1163 681 1282 707 essent.
1332 675 1377 707 Et
1404 686 1480 706 sane
1503 675 1538 707 in
1558 676 1726 720 permultis
1752 677 1904 710 Mercurii
1929 678 2123 721 imaginibus

1162 738 1314 771 humeros
1341 741 1466 768 tantum
1493 741 1596 769 tectos
1619 736 1720 769 fuisse
1745 737 1910 782 chlamyde
1937 740 2125 783 (Montfauc.

1164 806 1228 832 ant.
1256 800 1340 844 cxpl.
1366 799 1391 831 1.
1418 800 1480 831 tab.
1511 801 1570 832 (38.
1606 800 1663 832 74.
1700 801 1756 832 75.
1790 802 1848 833 76.
1880 800 2030 843 Agostiu.
2054 803 2127 834 dial.

1164 874 1195 906 p.
1225 862 1308 894 172.
1334 862 1442 903 Beger
1470 860 1571 905 spicil.
1600 873 1632 905 p.
1659 861 1740 893 159.
1770 861 1900 893 Velseri
1922 875 1973 906 op.
1996 876 2026 907 p.
2044 865 2127 895 567.

1164 924 1308 956 Fabretti
1332 925 1427 957 inser.
1452 937 1482 969 p.
1500 924 1585 957 452.
1609 922 1775 956 Boissard.
1797 924 1856 957 IV.
1883 926 1939 956 79.
1968 928 2024 957 80.
2047 927 2127 958 128.

1167 987 1259 1032 Cayl.
1273 987 1332 1020 111.
1354 987 1412 1020 45.
1436 987 1545 1020 Choul
1561 987 1651 1029 relig.
1668 987 1762 1019 Rom.
1779 1000 1811 1031 p.
1833 988 1913 1020 140.
1933 987 2014 1020 141.
2030 989 2123 1033 Spon

1165 1050 1326 1081 rccherch.
1363 1061 1394 1093 p.
1421 1049 1506 1080 469.
1534 1048 1651 1081 Graev.
1680 1050 1819 1080 thesaur.
1845 1049 1886 1081 V.
1906 1061 1938 1092 p.
1959 1050 2041 1081 746.
2069 1049 2127 1082 Vl.

1166 1113 1250 1145 841.
1272 1113 1357 1144 Mus.
1381 1112 1525 1144 Florent.
1547 1112 1574 1152 Ι,
1598 1113 1645 1143 70
1666 1110 1770 1155 sequ.)
1793 1111 1900 1142 videre
1926 1112 2011 1144 licet.
2039 1113 2127 1155 Qua-

1165 1188 1236 1208 rum
1258 1176 1431 1218 imaginum
1457 1188 1553 1207 unam
1582 1187 1600 1206 a
1628 1175 1757 1207 causeo
1779 1173 1873 1217 (mus,
1890 1174 1985 1206 Rom.
2018 1175 2042 1206 1.
2068 1176 2129 1218 47)

1166 1240 1345 1282 vulgatam,
1381 1245 1416 1271 ut
1443 1239 1483 1271 ad
1511 1250 1625 1271 manus
1661 1238 1718 1279 sit,
1760 1249 1826 1269 non
1854 1248 2022 1279 gravamur
2046 1239 2127 1269 insi-n

1168 1304 1336 1347 subjicere.

1172 2303 1273 2348 Quod
1297 2304 1457 2348 reliquum
1482 2311 1548 2346 est,
1584 2305 1756 2337 verborum
1779 2306 1813 2337 in
1832 2303 1984 2347 flagiano
2021 2303 2128 2335 coelice

1172 2367 1316 2399 ordinem
1337 2380 1471 2411 »magno
1489 2368 1642 2413 Cypridis
1664 2368 1750 2400 risu·
1773 2367 1919 2412 praetuli.
1969 2367 2129 2398 Altiorem

1168 2437 1333 2476 praeterea
1362 2431 1396 2464 in
1421 2433 1482 2465 hac
1501 2432 1631 2465 fictione
1663 2443 1792 2464 sensum
1815 2442 1927 2475 capere
1953 2429 2012 2460 sibi
2040 2429 2128 2463 visus

1169 2500 1220 2527 est
1232 2495 1402 2529 «Iohannes
1418 2495 1668 2532 sarisberiensis
1684 2495 1844 2540 (metalog.
1861 2494 1895 2535 4,
1913 2492 1971 2527 29.
1985 2504 2018 2540 p.
2029 2493 2127 2537 909),

1170 2571 1265 2604 quem
1293 2558 1374 2593 vide.
