2310 2860
730 172 930 214 Martiani
969 170 1169 227 Capellae
1206 170 1278 212 lib.
1303 169 1357 212 II.
1395 172 1427 223 §.
1457 170 1550 212 187,

2059 172 2149 216 955

562 279 716 323 Nonne
747 293 796 321 ac
825 278 1032 335 principio
1063 279 1283 334 geminum
1319 287 1365 319 tu
1399 276 1474 318 das
1505 277 1835 320 tetrachordon?

561 360 704 402 Solem
735 370 775 401 te
807 360 979 403 Latium
1013 359 1184 410 vocitat,
1223 357 1339 414 quod
1371 357 1486 399 solus
1518 357 1680 400 honore

560 442 656 483 Post
691 451 854 498 patrem
884 441 938 481 sis
970 440 1076 481 lueis
1111 454 1245 495 apex3
1289 439 1506 495 radiisque
1536 450 1751 482 sacratum

559 521 627 562 Bis
661 522 770 562 senis
804 520 1029 577 perhibent
1065 530 1191 577 caput
1226 535 1358 562 aurea
1387 521 1551 561 lumina
1587 521 1720 572 serre,

563 603 693 653 Quod
723 601 895 643 totidem
928 616 1115 652 menses,
1147 599 1318 642 totidem
1352 600 1471 657 quod
1502 600 1669 643 conficis
1704 602 1841 643 horas.

564 684 763 734 Quatuor
794 682 978 740 alipedes
1009 682 1156 724 dieunt
1186 692 1224 723 te
1256 682 1425 725 flectere
1455 683 1654 735 habenis,

563 765 694 815 Quod
716 765 830 806 solus
854 765 1032 807 domitos
1057 779 1191 821 quam
1219 763 1321 806 dant
1343 765 1551 805 elementa
1575 763 1842 820 quadrigam.

560 846 674 887 Nam
705 847 901 887 tenebras
933 845 1165 902 prohibens
1196 845 1345 900 retegis
1376 844 1493 901 quod
1527 845 1697 886 caerula
1725 844 1859 896 lucet,

560 927 670 968 Hinc
704 928 931 969 Phoebum
964 927 1190 983 perhibent
1220 926 1470 982 prodentem
1498 926 1661 967 occulta
1685 924 1842 978 futuri,

566 1008 647 1050 Vel
679 1010 783 1065 quia
812 1010 1005 1052 dissolvis
1040 1019 1248 1051 nocturna
1279 1008 1482 1061 ad111issa3
1528 1008 1672 1048 Iseum

265 1167 304 1188 ac
319 1153 489 1201 principio]
517 1156 567 1188 lta
586 1156 762 1188 anteriores
786 1155 961 1197 editiones,
983 1156 1080 1200 inque
1100 1168 1148 1188 se-

192 1219 365 1264 quentibus
385 1219 462 1259 das,
487 1231 623 1263 quorum
647 1224 818 1263 utrumque
839 1220 976 1252 restitui.
1014 1219 1150 1252 Grotius

192 1281 253 1313 hac
276 1286 308 1313 et
330 1281 412 1312 dans
430 1281 595 1312 substituit
616 1281 788 1314 adnotans:
814 1282 919 1324 „Lege
941 1294 961 1313 a
985 1282 1151 1326 principio.

194 1344 369 1388 Comparat
392 1343 505 1376 Solem
530 1357 617 1376 mese
648 1345 682 1376 in
707 1346 848 1378 musicis.
883 1346 1022 1378 Gemina
1045 1352 1151 1378 autem

193 1407 394 1439 tetrachorda
414 1412 488 1438 sunt
506 1412 571 1438 tres
587 1407 733 1450 planetae
750 1407 899 1451 utrinque
916 1414 948 1439 et
967 1409 1035 1451 ipse
1052 1408 1151 1439 utrin-

193 1481 256 1514 que
282 1469 387 1513 quarti
417 1469 570 1513 supplens
603 1469 722 1510 vicem,
751 1469 784 1501 in
814 1469 916 1513 primo
949 1469 1152 1502 tetrachordo

194 1532 341 1571 ultimus,
364 1531 398 1563 in
419 1531 531 1562 ultimo
548 1531 699 1575 primus«
733 1530 802 1563 Sed
821 1532 965 1575 quamvis
988 1537 1074 1563 recte
1099 1544 1151 1573 ge-

192 1593 314 1626 minum
345 1593 572 1625 tetrachordon
607 1592 814 1637 explicaverit
848 1593 950 1637 (conf.
987 1599 1094 1624 tamen
1121 1599 1153 1624 et

192 1656 392 1689 Boeekhium
409 1656 444 1687 in
463 1655 580 1690 Creuz.
606 1655 689 1686 stud.
714 1655 781 1696 III,
806 1668 839 1699 p.
865 1655 945 1698 88),
973 1654 1153 1686 emendatio

193 1725 299 1752 tamen
316 1730 383 1751 non
405 1718 485 1750 adeo
509 1723 595 1750 certa
619 1723 686 1759 est,
709 1717 796 1749 utin
821 1722 945 1749 textum
963 1717 1061 1760 recipi
1080 1728 1154 1760 pos-

193 1784 250 1824 sit,
283 1795 381 1827 quum
408 1782 555 1827 plerique
585 1782 712 1814 codices
734 1782 768 1813 in
790 1782 919 1828 vulgata
941 1781 1153 1814 consentiant.

192 1846 287 1878 Unus
310 1857 351 1877 ex
377 1844 525 1877 omnibus
546 1843 753 1877 Monacensis
776 1843 835 1888 (G)
858 1845 910 1875 hit·
932 1854 991 1888 pro
1015 1844 1076 1875 liae
1098 1844 1152 1874 ha-

193 1909 265 1949 bet3
291 1920 387 1952 quam
403 1906 458 1951 qui
478 1906 634 1950 receperit
647 1905 818 1938 lectionem
831 1906 975 1949 profecto
992 1917 1057 1937 non
1077 1917 1151 1938 con-

194 1971 407 2010 temnendam,
436 1975 522 2000 certc
540 1980 606 2000 non
625 1968 711 1999 omni
734 1973 866 1999 externa
887 1967 1075 1999 auctoritate
1097 1968 1150 1999 de-

194 2034 325 2066 stitutus
348 2032 419 2064 erit.
458 2032 529 2063 Das
553 2030 647 2062 etiam
676 2031 707 2062 in
732 2031 999 2071 Darmstattensi,
1033 2030 1151 2062 Canta-

193 2097 362 2141 brigiensi‚
392 2102 424 2128 et
445 2102 528 2127 teste
548 2095 662 2128 Cortio
684 2094 717 2126 in
741 2094 997 2139 Guelferbytano
1026 2094 1152 2136 legitur.

268 2158 370 2205 solus]
397 2158 506 2191 Latini
534 2157 671 2189 nominis
692 2162 839 2201 etymon,
869 2158 955 2202 quod
982 2157 1073 2188 multi
1106 2157 1152 2189 sic

195 2229 411 2270 exposuerant
436 2223 554 2267 (Varro
578 2222 618 2254 de
640 2222 677 2254 L.
697 2221 737 2254 L.
757 2221 798 2262 4,
821 2222 879 2253 40.
907 2221 1023 2254 Cicero
1044 2221 1087 2254 N.
1111 2223 1152 2253 l).

196 2289 238 2328 2,
271 2289 333 2323 27.
356 2287 505 2329 Fulgent.
529 2287 628 2330 myth.
655 2287 690 2325 1,
725 2287 783 2319 11.
808 2298 839 2330 p.
861 2286 909 2318 45
933 2287 1062 2319 Muuck.
1086 2286 1154 2319 Ma-

197 2353 282 2384 erob.
298 2351 412 2385 Somn.
437 2350 492 2383 Sc.
519 2352 556 2390 1,
583 2350 650 2386 203
681 2349 844 2382 Saturnal.
869 2351 906 2390 1,
935 2350 1003 2393 17).

273 2413 410 2459 patrem]
436 2414 532 2445 Illum
554 2414 702 2445 nimirum
721 2413 880 2456 ignotum,
906 2414 946 2446 de
968 2425 1033 2458 quo
1058 2424 1153 2457 supra

199 2476 356 2523 (§.185).
380 2476 468 2508 ΝἰΙιίΙ
484 2475 563 2507 vidit
583 2475 616 2507 in
635 2477 697 2509 hoe
715 2476 787 2508 loeo
803 2477 972 2517 Barthius,
999 2476 1054 2521 qui
1070 2476 1153 2521 (adv.

199 2554 231 2586 p.
252 2540 336 2573 517.
362 2538 474 2581 2084)
501 2537 623 2571 Christi
648 2544 770 2583 patrem
794 2539 960 2582 intelligit}

275 2603 323 2636 bis
339 2599 440 2646 senis]
466 2600 540 2633 val.
564 2600 669 2635 Flace.
692 2601 714 2634 l.
734 2601 792 2634 111.
814 2602 898 2646 (lege
913 2602 951 2646 4)
977 2602 1044 2634 922

1252 1173 1299 1180 ·—
1327 1154 1402 1187 »Sol
1428 1156 1600 1187 auricomis
1618 1153 1701 1198 (lege
1720 1153 1805 1197 mus)
1825 1154 2008 1198 ingentibus
2038 1153 2074 1197 (1.
2094 1155 2160 1186 ein-

1601 1216 1762 1262 qeneibus)
1789 1216 1878 1248 horis

1252 1279 1451 1323 Midtifidum
1466 1280 1584 1324 jubar,
1610 1285 1642 1312 et
1664 1279 1796 1311 bisseno
1819 1278 1924 1311 sidere
1947 1283 2072 1311 textam

1249 1342 1398 1374 Loricam
1422 1342 1589 1374 induitur«
1618 1359 1665 1364 —
1686 1359 1734 1365 -——

1202 1403 1342 1434 Bisseno
1366 1409 1471 1435 autem
1494 1403 1580 1442 dicit,
1601 1402 1676 1446 quia
1698 1402 1867 1434 duodecim
1881 1401 1982 1443 signis
1996 1400 2046 1433 via
2061 1399 2161 1433 Solis-

1204 1477 1299 1508 quem
1325 1465 1491 1496 zodiacum
1519 1464 1731 1508 appellamus,
1767 1463 1976 1494 distribuitur.
1995 1461 2097 1494 Gozz.
2113 1479 2160 1485 —--

1203 1530 1253 1560 De
1281 1528 1377 1560 radiis
1409 1528 1498 1560 Solis
1527 1539 1702 1571 eorumque
1730 1538 1864 1558 numero
1895 1525 2064 1569 causisque
2087 1536 2160 1557 con-

1202 1592 1251 1622 fer
1285 1591 1380 1622 etiam
1416 1590 1613 1634 superiorem
1645 1589 1752 1621 locum
1784 1587 1834 1632 (ἓ.
1858 1587 1926 1632 75)
1959 1587 2068 1632 ibique
2107 1587 2161 1618 ob·

1203 1659 1338 1686 servata.

1278 1715 1376 1762 lueet]
1400 1716 1466 1747 Pro
1484 1715 1568 1748 lueet
1592 1714 1720 1747 omnino
1737 1713 1941 1746 scribendum
1961 1713 2040 1745 luce.
2063 1712 2163 1744 »Cae-

1202 1778 1274 1811 rula
1309 1779 1382 1811 luce
1422 1783 1586 1820 retegere«
1626 1782 1676 1808 est
1706 1777 1853 1810 tenebras
1890 1776 1962 1807 luce
1999 1775 2162 1818 depellere.

1203 1841 1334 1873 lin-scu.
1351 1840 1405 1884 (ad
1421 1839 1513 1881 Fulg.
1531 1851 1562 1883 p.
1579 1838 1642 1881 45)
1659 1857 1707 1861 —
1731 1838 1781 1869 Ne
1806 1849 1890 1869 unus
1910 1836 2040 1881 quidem
2062 1837 2163 1868 codex

1203 1905 1272 1936 viro
1297 1904 1392 1935 docto
1421 1903 1648 1947 adstipulatur,
1683 1913 1787 1945 eoque
1814 1901 1919 1933 minus
1944 1900 2064 1944 aliquid
2097 1911 2162 1930 mu-

1203 1974 1270 1999 tare
1289 1967 1408 2008 audeo,
1435 1967 1523 2011 quod
1543 1966 1668 1998 varians
1690 1965 1786 1998 lectio
1806 1965 1839 1996 in
1858 1964 1997 2007 margine
2021 1969 2162 1996 veterum

1200 2031 1379 2064 editionum
1404 2031 1564 2076 adscripta
1587 2036 1637 2062 est
1664 2031 1747 2062 lieet.
1788 2029 1953 2072 Quantum
1975 2027 2074 2069 igitur
2088 2038 2161 2070 pos-

1204 2108 1286 2136 sum,
1309 2094 1452 2139 explico:
1473 2095 1572 2128 »Nam
1590 2095 1739 2126 tenebras
1753 2093 1927 2137 prohibens
1943 2091 2060 2133 retegis
2076 2089 2161 2133 quod

1204 2157 1364 2190 eaerulam
1391 2157 1495 2189 lucem
1519 2156 1663 2201 prodit«,
1701 2161 1735 2187 ut
1759 2155 1888 2188 caerula
1910 2155 2015 2186 lucere
2043 2152 2161 2184 dictum

1203 2221 1245 2252 sit
1265 2226 1302 2253 ut
1329 2233 1425 2265 supra
1450 2220 1491 2265 (§.
1512 2220 1615 2265 116)«
1648 2231 1814 2264 creperum
1838 2219 1982 2253 minares

1279 2283 1402 2330 Iseum]
1416 2284 1505 2326 Lege
1523 2285 1675 2327 Lyaeum.
1702 2283 1856 2316 Ostendit
1873 2283 1969 2322 idem,
1993 2277 2078 2323 quod
2092 2275 2159 2308 Mu·

1205 2348 1333 2380 erobius
1352 2348 1406 2380 lib.
1428 2349 1460 2388 1,
1483 2360 1594 2380 omnes
1619 2349 1697 2380 deos
1719 2348 1759 2379 ad
1777 2347 1889 2380 Solem
1912 2342 2036 2382 referri,
2058 2338 2160 2382 Apol-

1205 2411 1313 2451 linem,
1338 2410 1498 2454 Serapim,
1523 2410 1656 2449 Osirim,
1680 2410 1830 2443 Mithram
1850 2409 2030 2443 Persarum,
2052 2401 2160 2433 Ditem

1204 2480 1342 2519 patrem,
1378 2475 1583 2518 Typhonem,
1622 2473 1728 2518 Atyn,
1765 2471 1913 2511 Adonin,
1951 2467 2160 2504 Ammonem,

1205 2538 1453 2584 Triptolemum,
1487 2544 1519 2570 et
1542 2538 1594 2570 hic
1614 2538 1767 2570 Liberum
1791 2539 1920 2578 patrem.
1950 2530 2066 2562 Obiter
2082 2528 2159 2561 allu-

1206 2600 1252 2633 dit
1277 2600 1317 2632 ad
1342 2612 1460 2633 nomen
1483 2598 1638 2635 Λυαὶου
1660 2594 1738 2632 ἀπὸ
1758 2593 1829 2630 τοῦ
1854 2589 1975 2637 λύειν,
1999 2591 2098 2637 idque
2120 2602 2159 2625 ⁶⁰

1670 2660 1718 2692 50
1736 2655 1759 2682 '³‘

2190 371 2270 413 188

2190 684 2274 725 189

2189 848 2274 888 190

2194 1005 2272 1047 191
