2310 2860
676 177 878 220 Martiani
909 178 1110 235 Capellae
1139 180 1212 221 lib.
1234 180 1352 222 VIII.
1384 183 1415 233 ᾗ.
1436 182 1533 224 881.

1985 188 2072 231 685

108 283 422 324 obscurationes
453 293 658 339 ortusque
689 286 936 341 perspicuos
969 295 1122 341 quarto
1155 301 1331 341 quoque
1364 302 1512 330 mense
1542 305 1618 331 nec
1652 291 1691 332 id
1727 301 1868 334 tamen
1902 309 2069 350 semper

106 362 291 406 offendit.

750 520 828 561 DE
873 521 1098 563 STELLA
1147 523 1413 565 VENERIS.

271 637 324 679 At
360 637 531 690 Venus,
576 652 689 694 quae
732 637 786 678 ab
825 638 912 679 aliis
945 638 1215 695 Phosphoros
1255 643 1523 693 nominatur,
1575 657 1597 684 a
1637 645 1883 701 Pythagora
1924 648 2066 690 Samio
2096 647 2182 690 882

104 732 201 758 cum
237 720 323 760 suis
354 730 516 761 ostensa
541 730 601 761 cst
626 720 746 761 terris
777 721 1014 762 rationibus
1047 723 1348 777 pervestigata,
1380 725 1531 780 etipsa
1565 726 1673 767 circa
1708 729 1804 769 anni
1831 729 2063 773 confinium

102 799 507 842 ambire'eireulum
545 801 768 856 proprium
802 800 1069 857 perdocetur.
1127 804 1240 844 Nam
1274 806 1468 846 trecentis
1500 805 1650 847 diebus
1682 817 1721 848 et
1753 809 1932 864 aliquot,
1969 811 2063 852 lati-

99 880 252 921 tudinis
275 897 378 923 vero
402 883 592 938 partibus
615 882 843 923 duodecim
869 884 1020 923 Lunae
1039 883 1186 925 similis
1205 897 1476 941 pervagatur,
1501 889 1809 944 quinquaginta
1838 894 2063 933 momentis

98 974 120 1000 a
152 960 258 1001 Solis
283 962 386 1002 orbe
405 962 645 1013 discedens,
676 962 772 1003 licet
800 962 896 1018 plus
923 964 1204 1019 quadraginta
1236 982 1309 1007 sex
1341 968 1532 1022 partibus
1565 970 1765 1011 aberrare
1796 987 1879 1012 non
1911 973 2057 1013 valeat.

94 1042 149 1083 Et
172 1052 313 1084 tamen
340 1044 380 1084 in
405 1058 482 1084 suo
509 1045 640 1099 posita
673 1044 832 1085 circulo
860 1059 959 1085 eum
988 1046 1106 1086 varia
1136 1046 1378 1087 diversitate
1404 1047 1660 1099 circumdat,
1693 1050 1795 1104 quia
1827 1051 2057 1105 aliquando

95 1137 194 1164 eum
214 1125 476 1175 transcurrit,
501 1123 733 1179 aliquando
756 1123 1033 1177 subsequitur
1056 1137 1132 1163 nec
1157 1126 1496 1179 comprehendit,
1522 1128 1752 1181 aliquando
1776 1131 2057 1185 superfertur,

91 1217 403 1258 nonnunquam
432 1203 641 1258 subjacet,
681 1203 843 1259 quippe
869 1217 980 1258 quae
1012 1219 1094 1244 non
1121 1206 1239 1246 annis
1270 1207 1469 1247 omnibus
1502 1218 1673 1249 revocet
1707 1224 1897 1251 cursum.
1936 1212 2062 1253 Tunc
2091 1210 2180 1254 885

92 1285 218 1326 etiam
246 1299 385 1340 quum
411 1284 737 1339 retrograditur,
768 1283 880 1324 ultra
909 1284 1006 1324 anni
1034 1285 1243 1326 circulum
1268 1286 1427 1327 tardior
1462 1287 1679 1330 collustrat
1707 1290 1883 1342 orbem,
1916 1306 2054 1347 quum

162 1422 366 1468 Pythaqom]
393 1424 596 1467 Pythagorae
629 1422 776 1454 meritum
800 1421 940 1453 declarat
968 1421 1047 1453 Dio-

88 1498 186 1528 genes
204 1487 351 1519 Laertius
367 1487 415 1530 (8,
441 1486 516 1529 14)=
532 1484 692 1532 πρῶτον
707 1481 896 1531 Ἕσπερόν
918 1496 959 1519 τε
980 1481 1045 1519 καὶ

87 1544 307 1595 Φωσφόρον
344 1544 415 1582 τὸν
451 1544 574 1582 αὐτὸν
612 1546 750 1590 εἰπεῖν,
786 1547 841 1578 uhi
876 1547 1044 1588 Menagius

85 1610 194 1643 laudat
220 1610 397 1643 Stobaeum
421 1611 492 1654 (ecl.
512 1611 601 1653 phys.
626 1612 661 1650 1,
691 1610 757 1648 233
784 1622 815 1652 p.
834 1610 907 1641 520
931 1608 1044 1653 Heer'.)

86 1678 118 1704 et
131 1672 273 1704 Plinium
294 1673 342 1716 (2,
365 1672 414 1714 8):
435 1672 540 1703 »Infra
561 1671 672 1703 Solem
691 1671 788 1702 ambit
806 1671 919 1712 ingens
941 1671 1041 1710 sidus,

86 1734 280 1778 appellatum
301 1735 458 1772 Veneris,
483 1733 607 1764 alterno
628 1739 735 1764 meatu
761 1744 874 1774 vagum
898 1732 1041 1776 ipsisque

85 1798 328 1840 cognominibus
343 1797 502 1829 aemulum
522 1797 612 1829 Solis
626 1809 663 1829 ac
679 1797 802 1829 Lunae:
821 1797 1040 1828 Praeveniens

84 1862 204 1906 quippe
228 1868 260 1893 et
283 1868 356 1893 ante
378 1861 566 1893 matutinum
591 1860 739 1892 exoriens
757 1860 1041 1902 Luciferi-nomen

83 1925 213 1969 accipit,
239 1931 274 1956 nt
298 1924 358 1957 Sol
385 1925 465 1956 alter
482 1923 565 1955 diem
587 1929 764 1963 maturans,
793 1928 903 1955 eontra
924 1923 963 1954 ab
988 1935 1040 1956 oc-

82 1999 158 2020 casu
188 1987 351 2029 refulgens
387 1991 590 2029 nuncupatur
624 1985 765 2028 Vesper,
794 1990 831 2015 ut
862 1996 1039 2029 prorogans

80 2049 186 2083 lucem
204 2048 368 2092 vicemque
386 2048 497 2079 Lunae
517 2046 673 2086 reddens,
696 2058 790 2089 quam
807 2052 950 2078 naturam
967 2047 1038 2088 ejus

80 2111 285 2154 Pytltaqoras
318 2109 448 2142 Samius
477 2108 599 2154 primns
634 2108 872 2151 deprehendit«
923 2108 1038 2141 Codex

80 2174 355 2208 Reiclienauensis
388 2179 463 2218 post
493 2175 562 2204 suis
593 2171 706 2204 inserit
736 2172 899 2214 discipulis
906 2195 919 2211 ,
948 2172 1036 2216 quod

80 2242 187 2269 tamen
211 2241 247 2267 ut
268 2236 427 2277 glossema
448 2235 577 2277 neglexi
605 2246 643 2266 eo
668 2233 768 2276 magis
774 2261 785 2278 ,
813 2233 888 2278 quia
908 2235 976 2266 suis
995 2235 1035 2267 ad

80 2298 261 2332 rationibus
285 2297 486 2329 referendum
509 2297 686 2329 videbatur.

155 2358 293 2405 ambire]
328 2358 385 2392 Sic
417 2360 518 2392 codex
546 2359 975 2393 Ettenheimmiinsteriensis
1001 2366 1035 2393 et

80 2422 241 2458 Bondami
264 2422 350 2467 (var.
373 2421 446 2454 leet.
472 2433 502 2465 p.
518 2421 601 2465 65),
628 2434 689 2455 nec
717 2423 896 2465 refragatur
919 2422 1032 2456 Mona·

79 2487 185 2522 censis
203 2485 276 2531 (C),
310 2485 365 2530 qni
390 2485 519 2518 exhibet
543 2486 677 2526 ambiri,-
702 2486 798 2529 vulgo
816 2487 921 2518 minus
947 2498 1031 2519 eom-

78 2552 174 2584 mode
189 2552 315 2583 habere.
339 2551 390 2582 De
406 2561 441 2582 re
456 2549 566 2582 confer
582 2549 772 2583 Ciceronem
784 2550 837 2595 (N.
850 2551 890 2582 D.
907 2551 942 2591 2,
958 2550 1034 2595 2o)=

1097 1423 1239 1464 signiferi
1269 1425 1355 1457 orbis
1379 1431 1411 1457 et
1427 1425 1659 1468 longitudinem
1674 1448 1718 1455 —
1732 1441 1836 1473 neque
1854 1443 1991 1474 unquam
2014 1432 2054 1463 al»

1097 1485 1177 1519 Sole
1204 1487 1339 1519 duorum
1365 1489 1528 1531 signorum
1558 1491 1727 1523 intervallo
1755 1493 1882 1535 longius
1907 1495 2053 1535 discedit,

1096 1553 1163 1579 tum
1187 1550 1380 1580 antecedens
1405 1557 1471 1582 tum
1494 1552 1723 1596 subsequens«

1171 1611 1388 1656 qnadraginta
1404 1623 1463 1643 sex
1478 1612 1637 1657 partibus]
1665 1614 1780 1645 Deleri
1797 1616 1883 1658 quod
1902 1616 1934 1647 in
1957 1617 2052 1649 editis

1093 1671 1304 1714 praemissum
1330 1678 1398 1702 erat
1424 1685 1444 1703 a
1474 1673 1592 1705 codicis
1622 1674 2051 1710 Ettenheinnni'instcriensis

1092 1733 1292 1765 auctoritate.
1338 1734 1420 1765 Rern
1450 1734 1551 1778 ipsam
1574 1736 1739 1767 confirmat
1763 1737 1889 1768 Plinius
1916 1740 1970 1781 (⁶2,
1997 1739 2054 1783 8):

1100 1793 1272 1835 »Signiferi
1293 1800 1398 1826 autem
1423 1796 1573 1827 ambitum
1596 1797 1720 1840 peragit
1745 1802 1896 1831 trecentis
1922 1807 1952 1832 ee
1973 1801 2049 1833 ‹luo-

1092 1857 1372 1904 deqninquaqem's
1391 1859 1520 1899 diebus,
1549 1860 1588 1890 al)
1611 1859 1690 1891 Sole
1708 1873 1871 1905 nunquam
1891 1864 2049 1897 absistens

1089 1922 1235 1964 partibus
1251 1933 1311 1953 sex
1335 1927 1433 1968 atque
1448 1923 1666 1969 quadrayinta
1686 1924 1831 1967 longius,
1855 1932 1891 1958 ut
1914 1927 2046 1961 Timaeo

1090 1983 1223 2027 placet«

1165 2048 1243 2093 quia
1260 2045 1448 2094 aliquando]
1472 2047 1610 2080 Codices
1624 2049 1829 2082 Monacensis
1848 2051 1905 2095 (C)
1923 2058 1954 2083 et
1970 2053 2047 2084 Rei·

1087 2110 1299 2141 chenauensis
1317 2110 1523 2154 interponunt
1545 2113 1691 2151 XLIma,
1719 2113 1828 2145 neseio
1851 2127 1915 2157 qno
1935 2127 2044 2147 sensu.

1162 2184 1227 2203 non
1259 2174 1355 2204 αηηὶε
1387 2172 1552 2218 omnibus]
1586 2174 1735 2217 Hyginus
1773 2176 1826 2218 (4,
1856 2178 1932 2219 15)=
1958 2177 2045 2210 »Sed

1086 2237 1173 2264 totus
1198 2233 1367 2277 Hesperus
1397 2234 1538 2266 incertos
1564 2236 1658 2267 efficit
1684 2249 1813 2278 cursuS,
1836 2249 1901 2270 non
1930 2239 2044 2271 eodem

1084 2302 1228 2340 tempore
1251 2297 1290 2328 ad
1311 2297 1518 2340 praeteritum
1539 2299 1698 2330 transiens
1722 2300 1875 2341 signunm

1160 2371 1259 2405 quum
1275 2357 1526 2404 retrograditur]
1553 2361 1749 2392 Particulam
1773 2361 1868 2403 vulgo
1891 2362 2042 2394 omissam

1081 2420 1230 2464 supplevi
1255 2432 1295 2452 ex
1321 2421 1430 2453 codice
1462 2421 1891 2464 Ettenlicinnnt‘instei-iensi3
1924 2424 2040 2456 vellem

1082 2484 1177 2518 etiam
1202 2486 1286 2516 enim
1307 2495 1366 2528 pro
1386 2486 1484 2516 etiam
1506 2485 1700 2516 substituere
1717 2485 1873 2519 licuisset.

1153 2549 1242 2580 ultra
1265 2547 1366 2594 αηηί]
1398 2548 1471 2583 MS.
1499 2556 1611 2582 contra
1631 2552 1713 2581 αηηί
1737 2552 1902 2585 circulum.
1937 2554 2037 2586 Forte

84 2613 153 2650 »Ea
178 2624 305 2647 cursum
329 2624 411 2646 anno
438 2611 581 2654 conticit,
610 2616 643 2645 et
662 2611 864 2646 latitudinem
885 2612 1025 2645 lustrans
1077 2623 1150 2644 eum
1168 2613 1265 2646 intra.
1278 2612 1440 2646 Gn01.——
1457 2612 1511 2648 Ex
1527 2618 1639 2647 nostra
1658 2613 1796 2646 lectione
1820 2627 1897 2648 sana
1921 2618 2036 2651 omnia,
