2310 2860
643 124 843 167 Martiani
874 123 1074 181 Capellae
1104 124 1177 166 lib.
1202 124 1319 167 VIII.
1359 128 1390 179 ᾗ.
1412 125 1511 169 810.
1958 129 2049 171 659

86 233 191 275 luris
229 233 448 288 operiunt,
501 232 812 287 Astraeamque
848 232 1037 273 Uranien
1069 242 1180 273 certe
1210 233 1435 288 Libyssam
1476 235 1723 291 apparuisse
1754 236 1854 288 rati,
1900 236 2043 277 locum

88 312 358 353 consessionis
384 312 705 354 honoratissime
732 313 981 368 praebuere.
1028 313 1082 354 Et
1105 329 1200 355 ecee
1224 316 1363 357 subito
1391 317 1551 372 prosilit
1574 319 1789 373 quaedam
1816 329 2043 375 gemmata,
2073 318 2156 359 811

85 408 163 434 nec
193 394 335 435 minus
376 396 467 435 totis
499 395 676 435 artubus
708 394 905 435 decenter
936 394 1097 435 oculea.
1160 396 1271 436 Huic
1302 396 1491 438 sidereus
1523 408 1696 450 vertex,
1740 400 2047 455 vibrantesque

86 475 244 528 crines3
290 491 442 517 verum
485 477 576 517 alae
613 492 712 518 cum
759 477 904 532 pennis
951 476 1134 531 hyalinis
1176 487 1215 517 et
1255 478 1455 519 volitandi
1496 495 1572 535 per
1617 480 1830 522 mundum
1871 483 2048 538 remigia

86 555 276 598 crebrius
314 567 462 599 aurata
501 559 751 614 crispantur.
819 559 1019 600 Gestabat
1058 558 1099 598 in
1136 572 1269 599 manu
1308 559 1533 606 cubitalem
1573 560 1893 618 fulgentemque
1925 579 2046 605 men-

84 651 256 688 suram,
289 639 329 679 in
360 640 439 680 alia
465 640 646 690 librum,
677 640 718 680 in
744 653 831 693 quo
859 650 1117 695 praemetata
1143 640 1294 681 divum
1329 641 1476 682 itinera
1507 652 1545 683 et
1584 658 1733 685 cursus
1758 660 2046 701 recursusque

84 717 235 759 siderei
273 734 373 760 cum
413 720 510 775 ipsis
549 721 747 776 polorum
788 721 1030 762 cardinibus
1071 723 1305 778 praenotati
1345 738 1397 763 ex
1447 724 1624 764 metallis
1670 724 2042 767 diversicoloribus

84 802 357 857 apparebant.
417 803 542 852 Quae
580 803 654 844 ubi
684 804 726 844 in
759 803 950 844 medium
984 818 1117 858 quam
1151 803 1346 859 pluribus
1377 803 1455 844 sibi
1486 803 1563 845 diis
1597 804 1878 846 arridentibus
1915 807 2043 857 venit,

83 882 228 922 ceteris
271 882 631 937 pulchritudinem
677 884 1036 939 splendoremque
1076 885 1169 938 ejus
1214 884 1546 937 admirantibus,
1596 886 1652 927 ita
1698 887 1851 941 eoepit:
1885 887 2045 929 Multae

82 961 316 1003 admodum
363 964 535 1004 rationis
578 979 655 1005 nee
700 964 892 1018 ejusdem
936 965 1201 1021 despicabilis
1248 967 1592 1022 temnendaeque
1631 969 1822 1009 contuitu
1872 985 1961 1020 me,
2007 973 2038 1012 si

1601 1048 1718 1088 Haec
1757 1049 1868 1089 enim
1914 1065 2038 1091 vere—

81 1056 168 1097 qua
203 1053 301 1084 sunt
344 1043 575 1085 industriae
620 1055 785 1086 nostrae
824 1060 976 1100 opera,
1037 1056 1294 1088 convenerat
1341 1047 1531 1088 reticere.

79 1125 244 1165 eundae
277 1125 458 1165 arbitror
497 1126 734 1180 probitatis,
781 1136 920 1167 motus
952 1143 1192 1182 cursusque
1222 1129 1416 1184 proprios
1449 1129 1548 1184 ipsis
1580 1129 1808 1170 edisserere
1841 1131 1916 1185 qui
1948 1147 2042 1172 mo-

78 1215 255 1257 ventur,
297 1205 538 1260 docereque
575 1206 674 1247 deos
710 1208 818 1248 velle
860 1208 975 1262 quod
1017 1208 1196 1261 l'aciunt3
1240 1219 1332 1250 tum
1367 1210 1514 1261 etiam,
1565 1211 1681 1265 quod
1715 1226 1790 1266 per
1834 1212 2043 1255 immensa

76 1287 210 1342 spatia
263 1288 531 1338 seculorum,
599 1303 650 1328 ne
705 1289 881 1343 profana
934 1289 1189 1343 loquacitate
1247 1290 1471 1345 vulgarer,
1534 1291 1844 1346 Aegyptiorum
1900 1293 2041 1335 clausa

78 1367 214 1422 adytis
254 1367 492 1407 oceulebar.
555 1367 728 1422 Quippe
764 1367 1075 1422 quadringenta
1118 1368 1255 1409 sermo
1287 1385 1502 1411 annorum
1544 1372 1675 1412 millia
1710 1373 1794 1413 illie
1830 1377 2040 1416 reverenti

77 1449 374 1491 observatione
409 1448 577 1500 delitui3
627 1458 755 1503 atque
795 1449 956 1489 utinam
998 1456 1090 1504 post
1141 1447 1355 1490 diluvialis
1398 1451 1745 1491 consternationis
1791 1467 2041 1505 excursum,

149 1556 398 1605 Astraeamqne]
415 1558 515 1589 Forte
528 1557 556 1588 si
572 1556 704 1598 vestigia
718 1557 917 1589 Basileensis
937 1557 1032 1589 liceat

75 1622 182 1666 sequi:
214 1621 482 1665 »Astraeamqne‚
517 1627 571 1652 aut
598 1621 738 1652 Uranien
757 1627 841 1653 certe
863 1622 1032 1664 Libyssain

74 1684 258 1729 apparuisse
282 1685 369 1715 rati«
409 1683 547 1715 Astraea
573 1683 657 1715 enim
684 1683 777 1714 astris
803 1696 820 1715 a
841 1684 1032 1727 quibusdam

74 1760 226 1792 praeesse
253 1754 400 1793 putatur,
438 1753 472 1779 nt
505 1748 623 1779 Uranie
656 1747 765 1791 (quam
794 1747 834 1779 oh
865 1747 1030 1779 Atlantem

72 1809 241 1853 Libyssam
265 1810 371 1854 vocat)
396 1810 506 1841 coelo:
526 1810 621 1853 idque
643 1809 771 1840 nomina
790 1808 1033 1844 doemLGnoT,

75 1889 122 1894 -—
141 1871 209 1903 Sed
227 1884 284 1903 cnr
301 1872 382 1902 male
406 1871 505 1902 edidit
526 1871 810 1917 astreantemqne‘?
837 1870 1029 1902 Antei-iores

74 1933 158 1964 enim
189 1933 346 1964 editiones
375 1932 441 1973 jam
467 1934 706 1978 Astraeamque
730 1932 904 1971 habebant,
942 1933 1029 1976 quod

32 2006 33 2009 ¹
72 2006 137 2025 non
176 1994 237 2025 nisi
273 1994 437 2037 epitheton
474 1993 611 2024 Praniae
646 1992 719 2023 esse
757 1993 902 2036 superior
937 1994 1028 2025 loeus

72 2057 121 2102 (§.
142 2058 212 2100 28)
243 2058 353 2099 docet,
386 2056 442 2088 nbi
474 2056 609 2098 legimns
639 2056 790 2088 Uraniam
814 2068 889 2100 prae
914 2058 1029 2089 ceteris

72 2121 175 2154 Musis
208 2121 269 2153 sibi
303 2120 487 2152 attribuisse
510 2121 688 2152 »stellantis
718 2120 828 2151 mundi
861 2122 1028 2165 sphaeram

71 2184 248 2217 extimam«

146 2246 268 2292 oculea]
294 2248 381 2280 Vide
401 2248 597 2292 superiorem
622 2253 729 2280 notam
749 2247 802 2292 (ad
824 2246 942 2292 §.66)‚
971 2248 1025 2279 ubi

72 2310 166 2342 etiam
187 2309 226 2340 de
243 2309 372 2352 hyalino
391 2310 514 2350 colore,
540 2322 634 2354 quem
653 2310 820 2354 sequentia
837 2315 1024 2350 memorant,

71 2374 189 2406 dietum
214 2378 272 2404 est.

146 2436 292 2467 contuitu
309 2431 371 2478 me]
394 2433 491 2465 Forte
515 2445 554 2466 ex
572 2434 677 2466 lituris
698 2433 789 2469 MS:
812 2435 952 2468 »Multae
969 2434 1023 2466 ad-

69 2498 199 2532 modum
228 2497 361 2530 rationis
397 2509 457 2529 nee
478 2496 621 2539 ejusdem
651 2499 854 2543 despicabilis
882 2505 1024 2531 temnen-

70 2562 194 2607 daeque
226 2561 437 2599 contuimine,
478 2559 505 2592 si
536 2571 634 2604 quaen
661 2565 724 2595 cet.
748 2561 910 2595 Gnor.-—
947 2561 1024 2607 Ipse

1083 1556 1167 1587 enim
1207 1559 1369 1589 contuitus
1401 1558 1560 1599 ediderat3
1599 1559 1738 1591 ablativo
1776 1561 1925 1592 restituto
1961 1562 2040 1593 nihil

1083 1619 1292 1661 difficultatis,
1325 1621 1455 1665 opinor,
1481 1622 1630 1654 manebit.

1157 1685 1215 1730 qui
1238 1684 1427 1731 moventur]
1453 1685 1550 1718 Alios
1577 1693 1745 1719 moverunt
1774 1687 1881 1729 legere
1907 1690 2041 1732 margini

1083 1745 1217 1778 Grotius
1238 1748 1424 1792 adseripsit5
1452 1755 1482 1780 at
1504 1751 1580 1782 haee
1605 1750 1760 1782 correctio
1780 1757 1830 1782 est
1849 1753 1954 1794 scioli,
1983 1755 2037 1797 qni

1081 1809 1241 1851 ignoraret
1272 1812 1430 1844 Martiano
1465 1813 1543 1844 deos
1573 1813 1661 1857 ipsos
1692 1826 1750 1857 pro
1782 1814 1939 1847 sideribus
1973 1817 2041 1849 sive·

1080 1873 1174 1904 astris
1197 1885 1269 1905 esse
1290 1874 1379 1918 (vide
1402 1874 1430 1920 ξ.
1448 1877 1505 1908 95.
1530 1877 1591 1908 97.
1620 1876 1717 1920 125).

1153 1938 1398 1984 Aeyyptiorzcm]
1425 1940 1476 1971 De
1494 1939 1666 1984 Aegyptiis
1692 1943 1905 1975 astronomiae
1929 1944 2039 1976 invon-

1080 1998 1202 2030 toribus
1230 2000 1301 2031 vide
1332 2013 1412 2044 quae
1441 2002 1503 2033 alio
1531 2002 1603 2034 loeo
1627 2002 1675 2046 (in
1703 2003 1865 2046 palaeogr.
1888 2006 1954 2037 crit.
1976 2007 2038 2045 m,

1078 2060 1106 2105 ξ.
1128 2062 1210 2105 154)
1236 2063 1413 2107 disputavi3
1449 2065 1565 2110 quibus
1589 2066 1669 2098 adde
1687 2066 1859 2099 Platonem
1884 2069 2037 2113 (epinom.

1078 2135 1106 2167 p.
1125 2124 1197 2156 986
1216 2124 1352 2169 steph).

1153 2185 1411 2232 quadrinqeuta]
1442 2185 1526 2229 Alii,
1563 2193 1647 2220 teste
1676 2188 1792 2222 Grotio
1817 2190 1850 2222 in
1876 2192 2036 2233 margine,

1078 2250 1307 2295 quadi-assium,

1151 2310 1326 2357 diluvialis]
1353 2312 1499 2345 Imitatus
1521 2319 1665 2346 nostrum
1688 2313 1776 2345 Saxo
1799 2314 2035 2348 Grammaticus

1074 2373 1119 2416 (in
1151 2374 1246 2417 praef.
1279 2386 1312 2417 p.
1332 2374 1355 2406 4
1384 2375 1405 2409 f,
1430 2374 1565 2420 Steph.)
1591 2380 1683 2418 »post
1710 2375 1869 2407 diluvialis
1898 2377 2033 2410 inunda-

1075 2435 1169 2467 tionis
1193 2447 1380 2468 exeursum«
1402 2437 1541 2481 scripsit.
1568 2437 1719 2469 Ceterum
1745 2443 1875 2480 apparet
1898 2439 2032 2471 Martia-

1072 2509 1148 2528 num
1171 2497 1221 2530 hie
1237 2498 1275 2529 ad
1299 2498 1445 2530 Platonis
1465 2499 1630 2530 Timaeum
1647 2497 1759 2541 (p.22.
1782 2499 1843 2542 25)
1860 2501 2034 2544 respicere„

1074 2559 1128 2592 ubi
1158 2571 1223 2592 non
1251 2561 1347 2594 modo
1375 2561 1414 2594 de
1444 2560 1571 2594 diluviis
1595 2558 1750 2605 antiquis»,
1786 2561 1843 2593 sed
1870 2561 1966 2595 etiam
1989 2565 2032 2596 de

2079 891 2167 929 8³2
