2310 2860
143 299 225 341 157

260 194 342 236 188

262 301 348 343 rari
386 314 489 341 vero
527 299 570 339 in
608 298 805 354 philyrae
846 296 1000 338 cortice
1044 295 1269 336 subnotati,

835 189 1034 233 Martiani
1071 187 1273 245 Capellae
1306 188 1378 231 lib.
1407 187 1461 230 II.
1498 191 1530 241 §.
1558 189 1663 232 157.

1344 294 1565 351 Erantque
1612 297 1791 353 quidam
1844 313 1964 342 saera
2011 298 2229 355 nigredine

267 381 459 430 colorati,
505 392 696 434 quorum
734 378 879 419 literae
920 375 1204 419 animantium
1233 373 1516 417 credebantur
1555 377 1730 433 effigies,
1787 394 1983 435 quasque
2013 380 2228 422 librorum

266 470 385 503 notas
417 459 649 502 Athanasia
681 459 938 515 conspiciens
976 456 1239 513 quibusdam
1271 456 1554 499 eminentibus
1584 459 1695 500 saxis
1728 459 1848 514 jussit
1878 460 2055 513 ascribi,
2097 470 2227 516 atque

265 544 375 584 intra
399 556 578 598 specum
601 557 677 597 per
700 541 1010 597 Aegyptiorum
1044 539 1172 594 adyta
1201 537 1421 591 collocari,
1453 539 1693 596 eademque
1720 555 1822 582 saxa
1856 541 1978 582 stelas
2011 540 2228 596 appellans

266 624 448 666 deorum
469 632 693 665 stemmata
717 623 931 680 praecepit
961 621 1189 663 continere.
1247 619 1331 662 Sed
1352 620 1460 663 dum
1487 621 1587 663 talia
1618 621 1736 676 virgo
1764 620 1972 664 undanter
1999 629 2232 671 evomeret,

345 743 542 790 complicati]
577 744 755 787 vulgarem
784 746 866 776 hanc
900 744 1070 776 lectionem
1091 742 1230 787 praetuli

269 807 360 839 alteri
383 808 529 850 impliciti
547 806 583 839 in
608 806 772 839 vossiano
795 805 906 838 codice
929 804 1107 849 (Arntzen.
1142 804 1230 836 mise.

269 881 300 914 p.
319 869 420 912 209),
439 868 506 900 sive
528 868 694 911 implicati,
720 866 806 911 qnod
823 866 909 898 idem
930 872 990 906 est,
1014 867 1049 897 in
1065 866 1230 907 Hugiano,

269 931 545 971 Reiehcnaucnsi‚
580 930 780 970 Basileensi‚
808 928 1074 969 Darmstattensi,
1103 929 1231 961 Britan·

267 994 341 1027 nico
352 1017 364 1033 ‚
404 992 681 1034 Cantabrigicnsi‚
719 991 928 1036 plurimisque
971 991 1231 1024 Monacensibus.

267 1057 344 1091 Non
377 1057 461 1088 enim
489 1068 594 1088 sermo
625 1055 676 1087 hic
706 1056 746 1087 de
774 1055 930 1087 librorum
957 1060 1143 1098 tegumento
1171 1060 1231 1096 est,

269 1121 326 1154 sed
343 1121 384 1154 de
407 1122 535 1164 plicatis
558 1120 665 1160 libris,
692 1118 747 1163 qui
773 1120 988 1152 voluminibus
1014 1124 1232 1164 opponuntur.

342 1183 450 1229 multi]
477 1184 564 1217 Male
590 1183 865 1226 Guelferbytanus
891 1185 1021 1222 mullis,
1047 1188 1082 1214 ut
1106 1182 1146 1213 ad
1170 1188 1231 1214 ter·-

268 1249 400 1294 9om'bus
424 1248 588 1279 referatur.
616 1248 740 1279 „Multos
764 1247 865 1279 libros
890 1247 941 1279 hie
968 1246 1136 1291 oppositos
1160 1257 1232 1277 csse

269 1311 357 1344 raris
380 1309 473 1342 facilc
495 1309 697 1353 perspicitur.

344 1369 427 1415 rari]
455 1369 510 1402 Ad
532 1369 699 1402 artificium
716 1370 796 1400 forte
818 1369 1038 1409 resereudum3
1066 1382 1130 1400 nou
1149 1369 1233 1400 cuim

272 1432 313 1465 ad
341 1431 524 1463 novitatem.
549 1432 676 1462 Blnm.
704 1430 841 1474 (advers.
868 1443 899 1473 p.
921 1430 1039 1473 1625).
1065 1449 1103 1453 —
1131 1431 1233 1462 Recte

269 1494 449 1528 Martianus
479 1506 570 1526 raros
601 1494 681 1526 dixit
715 1493 816 1525 libros
849 1506 868 1525 e
894 1494 1019 1537 philyra
1052 1495 1234 1535 confectos,

271 1557 346 1602 quia
376 1557 493 1600 injuria
528 1556 682 1600 temporis
717 1555 809 1588 facile
846 1561 1096 1598 consumuntur,
1134 1567 1233 1600 quum

271 1626 354 1653 teste
383 1620 491 1652 Plinio
520 1620 595 1664 (16,
625 1620 683 1659 14,
712 1618 774 1662 25)
796 1618 939 1662 philyrae
965 1619 1085 1651 suerint
1112 1621 1234 1652 tenuis·

272 1687 393 1724 simae,
419 1684 454 1715 id
473 1683 560 1726 quod
583 1681 848 1726 palaeographiae
873 1680 1009 1712 studiosi
1030 1681 1115 1713 haud
1134 1682 1235 1714 semel

275 1747 502 1780 observabunt.
527 1744 681 1777 Absurda
703 1744 788 1788 apud
808 1744 957 1777 Grotium
979 1751 1047 1777 erat
1061 1745 1141 1777 ratio
1158 1745 1235 1778 scri-

275 1811 374 1844 bendi
398 1810 546 1854 playllira.

351 1871 580 1918 animantium]
600 1872 807 1904 Britannicus
829 1877 861 1904 et
875 1871 1148 1914 cantabrigiensis
1167 1874 1236 1905 am·-

275 1945 441 1977 manlum,
476 1936 564 1981 quod
598 1936 741 1980 quamuis
769 1935 809 1966 ad
839 1935 924 1967 idem
954 1936 1083 1977 redeat,
1119 1937 1235 1969 Cicero

276 2008 383 2033 tamen
401 2000 454 2045 (de
472 2003 550 2031 ora’t.
561 1999 596 2039 5,
617 1998 680 2041 45)
695 1999 910 2028 animantium
927 1998 1065 2042 scripsit.
1081 1997 1237 2030 Nostrum

276 2063 534 2107 hieroglyphicas
556 2061 666 2093 literas
692 2061 836 2092 innuisse
861 2061 952 2093 facilc
972 2061 1181 2106 perspicitur3
1204 2062 1238 2095 in

277 2128 387 2173 primis
414 2131 520 2158 autem
545 2125 575 2157 ei
602 2125 636 2156 in
662 2130 767 2156 mente
792 2124 891 2155 fuisse
918 2125 1023 2157 Taciti
1047 2126 1125 2158 haee
1152 2126 1237 2170 (ann.

280 2193 338 2231 ss,
356 2190 414 2233 14)
427 2190 524 2222 verba
537 2189 701 2221 videntur:
716 2188 832 2219 »Primi
847 2200 905 2232 per
918 2189 1037 2231 figuras
1050 2192 1239 2222 animalium

279 2254 434 2297 Aeyyptii
459 2264 574 2286 sensus
591 2252 707 2284 mentis
731 2251 936 2293 effingebant:
959 2258 992 2284 ct
1019 2253 1239 2298 antiquissima

278 2322 484 2350 monumenta
507 2315 677 2348 memoriae
703 2316 858 2347 humanae
878 2316 1033 2360 impressa
1056 2319 1147 2350 saxis
1171 2330 1238 2350 cer-

279 2384 425 2411 nuntur.«
481 2378 532 2409 De
565 2377 681 2421 quibus
711 2377 812 2408 literis
837 2377 1022 2421 Appulcjus
1055 2380 1149 2424 (met.
1184 2381 1239 2412 11·

279 2453 311 2486 p.
335 2440 405 2472 801
436 2437 554 2481 Oud.)=
585 2437 766 2470 »Sacerdos
794 2438 833 2469 de
857 2440 976 2483 opertis
1007 2441 1094 2484 adyti
1119 2442 1241 2485 profert

281 2501 438 2547 quosdam
466 2499 584 2540 libroS‚
623 2498 724 2530 literis
757 2499 988 2541 ignorabilibus
1013 2509 1239 2546 praenotatos,

281 2565 396 2610 partim
415 2563 526 2606 figuris
551 2562 768 2605 cujuscemodi
791 2565 978 2596 mu’malium
1005 2567 1151 2611 concepti
1175 2579 1239 2598 ser-

283 2629 385 2661 monis
408 2626 635 2672 compendiosa
658 2626 754 2659 verba
780 2634 1006 2670 suggerentes,
1040 2630 1155 2675 partim
1180 2641 1237 2663 uo·

1280 744 1368 777 dosis
1403 750 1436 778 et
1468 745 1502 778 in
1532 745 1662 778 modum
1697 750 1787 777 rotae
1817 746 1972 777 tortuosis
2014 743 2233 790 capreolatim-

1280 819 1345 850 que
1380 807 1551 840 condensis
1586 808 1730 852 apicibus
1767 819 1784 839 a
1813 807 1996 840 curiositate
2028 808 2235 851 profanorum

1280 867 1419 900 lectione
1443 869 1591 901 munita«
1623 869 1706 901 Item
1729 868 1919 901 Ammianus
1943 868 2150 901 Marcellinus
2173 868 2234 912 (17

1281 942 1313 975 p.
1339 931 1408 971 983
1451 931 1509 962 22.
1540 944 1572 975 p.
1597 931 1671 963 250
1698 930 1885 975 Lindenbr.)
1927 929 2107 974 Aegyptios
2133 930 2178 962 ait
2202 930 2238 963 ‘m

1283 991 1463 1035 syringibus
1482 993 1667 1025 »volucrum
1683 994 1884 1037 ferarumque.
1902 1005 2018 1034 genera
2034 992 2133 1024 multa
2153 992 2237 1024 scul-

1281 1054 1385 1097 psisse
1409 1059 1441 1087 et
1461 1056 1650 1086 animalium
1664 1055 1788 1099 specics
1805 1055 1988 1087 innumeras
2008 1055 2136 1096 multas,
2157 1065 2237 1098 quas

1282 1116 1538 1160 hieroglyphicas
1561 1117 1670 1148 literas
1703 1117 1899 1161 appellasse,
1929 1117 2054 1148 Latinis
2080 1115 2238 1158 ignorabi-
2276 1138 2279 1141 -

1283 1178 1362 1209 lcs.«
1397 1178 1525 1220 Quibus
1553 1178 1580 1209 si
1601 1178 1760 1210 addideris
1785 1179 1983 1210 Macrobium
2007 1178 2090 1223 (Sat.
2116 1179 2153 1218 1,
2175 1177 2238 1221 21)

1283 1247 1317 1273 et
1344 1253 1361 1273 e
1389 1242 1524 1274 Graecis
1554 1241 1725 1274 Philonem
1753 1242 1916 1273 Judaeum
1942 1242 2000 1286 (de
2023 1242 2078 1273 rit.
2099 1242 2181 1274 Mos.
2207 1253 2237 1285 p.

1284 1306 1357 1337 606
1382 1305 1482 1348 oper.)
1509 1311 1540 1336 et
1558 1305 1733 1337 Maximum
1756 1305 1888 1348 Tyrium
1909 1306 1948 1349 (1.
1966 1318 1998 1348 p.
2013 1306 2083 1337 251
2102 1305 2238 1348 Reisk.)‚

1283 1369 1406 1400 videbis
1424 1369 1560 1412 primum
1581 1370 1701 1400 fontem
1719 1381 1759 1400 cx
1776 1381 1839 1412 quo
1860 1368 2024 1400 hauserint
2045 1368 2144 1399 fuisse
2161 1368 2238 1400 Dio-

1284 1431 1398 1463 dorum
1425 1430 1479 1474 (5,
1506 1430 1560 1473 4),
1589 1430 1644 1474 qui
1669 1442 1746 1475 prae
1776 1430 1922 1461 omnibus
1940 1436 1990 1462 est
2011 1430 2240 1463 consulendus.

1358 1491 1470 1537 adyta]
1496 1492 1712 1534 Bongarsius:
1736 1493 1866 1532 abdita,
1894 1492 1992 1524 male!
2018 1493 2108 1534 Lege
2132 1491 2239 1525 Arno·

1283 1557 1371 1589 bium
1387 1556 1434 1600 (1.
1448 1569 1478 1600 p.
1495 1555 1556 1599 25)
1572 1561 1792 1588 recensentem
1810 1555 2060 1599 »Acgyptiorum
2076 1568 2116 1587 ex
2135 1556 2240 1599 adytis

1284 1624 1423 1651 remotas
1453 1617 1676 1661 disciplinas-3
1711 1622 1744 1648 ct
1761 1616 1977 1661 Appulejum,
2013 1617 2069 1661 qui
2099 1617 2240 1661 (metam.

1287 1670 1345 1714 11.
1364 1692 1395 1724 p.
1412 1680 1482 1712 801
1508 1678 1732 1724 Oudendorp.)
1758 1685 1887 1724 noperta
1907 1680 1996 1723 adyti
2014 1680 2049 1711 iu
2064 1679 2232 1726 Aegypto·

1284 1749 1447 1777 memorat.

1361 1809 1492 1841 deomtm
1514 1807 1701 1854 stermnata]
1728 1809 1868 1851 Legerat
1889 1814 2000 1841 noster
2023 1808 2108 1853 apud
2133 1808 2239 1842 Hero-

1287 1871 1397 1903 dotum
1423 1871 1477 1914 (2,
1500 1871 1544 1916 4)
1578 1870 1764 1903 »duodecim
1793 1872 1925 1903 deorum
1954 1873 2086 1903 nomina
2109 1872 2149 1903 ab
2176 1872 2240 1903 Ae·

1286 1935 1403 1977 yyplt't's
1424 1932 1560 1976 primum
1587 1932 1733 1965 instituta
1758 1939 1791 1965 ct
1809 1934 1926 1975 figuras
1945 1934 2102 1977 lapidibus
2122 1933 2239 1966 inscul-

1287 2001 1360 2040 ptas
1382 2006 1481 2026 cssc.«
1518 1995 1641 2027 Contra
1665 1995 1728 2027 Isis
1759 1996 1844 2039 apud
1865 1996 2052 2028 Hermetem
2076 1996 2122 2041 (in
2148 1995 2240 2028 Stoh.

1288 2058 1390 2099 eclog.
1412 2058 1449 2097 1,
1474 2058 1539 2097 52,
1564 2058 1633 2098 403
1659 2070 1690 2102 p.
1709 2058 1796 2102 977)
1821 2059 1930 2099 Horo,
1965 2059 2006 2090 de
2033 2058 2085 2091 dei
2112 2057 2241 2089 defluxu

1289 2121 1472 2166 quaerenti,
1500 2122 1689 2166 respondet:
1714 2123 1817 2155 »hune
1838 2128 1941 2155 ortum
1964 2123 2062 2154 nolim
2082 2133 2240 2163 enarrare,

1289 2183 1548 2228 quandoquidem
1579 2184 1626 2215 sas
1662 2197 1729 2216 non
1759 2190 1824 2225 est,
1860 2185 1951 2216 Horo
1978 2184 2161 2226 magnifiee,
2191 2197 2239 2217 sc-

1289 2248 1382 2280 minis
1410 2247 1457 2279 tui
1477 2247 1602 2281 initium
1632 2249 1767 2290 referre,
1795 2260 1836 2280 ne
1865 2248 1996 2280 deorum
2015 2251 2240 2293 generationes

1288 2317 1398 2357 postca
1420 2312 1600 2344 hominibus
1625 2314 1856 2344 innotescant«
1887 2311 1943 2344 Ad
1964 2313 2025 2344 hoc
2050 2325 2241 2358 responsum

1290 2379 1402 2406 noster
1422 2373 1597 2418 respiciens
1612 2374 1710 2406 verbo
1732 2374 1826 2406 etiam
1847 2375 1986 2420 defluere
2004 2375 2085 2408 infra
2099 2375 2140 2422 (ἓ.
2156 2377 2241 2420 752)

1290 2437 1397 2468 utitur.

1363 2496 1542 2543 praecepit]
1572 2497 1709 2540 Vulgari
1740 2510 1838 2531 sensu
1872 2511 1930 2542 pro
1952 2500 2053 2545 jussit
2081 2501 2143 2533 hoc
2170 2511 2238 2532 ver-

1289 2561 1366 2595 bum
1387 2560 1487 2605 accipi
1506 2560 1557 2593 hic
1576 2572 1642 2592 non
1659 2572 1757 2605 posse
1776 2573 1817 2592 ex
1835 2561 1942 2593 addito
1963 2565 2126 2595 continere
2141 2568 2246 2613 patet..

1288 2625 1454 2667 Intelligez
1480 2625 1604 2666 docuit,
1635 2637 1699 2670 quo
1731 2638 1828 2658 sensu
1856 2632 1888 2659 et
1912 2626 2028 2660 Cicero
2057 2627 2166 2670 (Tuse.
2196 2629 2238 2662 5,
2292 2657 2296 2661 .
