2310 2860
751 125 952 168 Martiani
983 124 1181 182 Capellae
1210 126 1283 167 lib.
1304 125 1401 169 VII.
1431 128 1464 180 §.
1484 127 1582 170 756.
2054 131 2141 173 589

187 243 227 275 et
257 234 445 286 tertiam,
477 232 592 287 quod
630 232 736 286 duo;
786 243 825 274 et
855 233 1144 284 medietatem,
1192 232 1308 287 quod
1338 234 1429 275 tria.
1487 234 1593 276 Item
1625 235 1833 277 naturalia
1863 236 2022 288 officia,
2052 238 2140 279 sine

185 314 344 368 quibus
392 329 479 354 csse
520 314 625 355 nihil
668 320 823 369 potest,
870 324 968 355 sunt
1003 329 1096 355 sex:
1132 313 1403 368 magnime,
1451 315 1587 366 color,
1634 315 1790 370 figura,
1843 317 2139 371 intervallum,

185 405 336 446 status,
376 405 528 436 motus.
585 396 690 436 Item
723 405 862 436 motus
894 396 1067 436 totidem
1095 394 1356 437 differentiae
1387 404 1506 447 sunt3
1544 410 1641 436 nam
1675 412 1905 439 movemur
1936 379 2139 454 prorsum

184 485 496 526 retrorsumve,
541 476 690 518 dextra
724 477 958 531 laevaque,
1008 490 1178 517 sursum
1218 474 1532 530 deorsumque;
1582 492 1682 518 nam
1715 478 1782 518 ille
1814 489 2008 520 aeternus
2042 481 2139 535 qui-

182 557 285 598 dam
321 568 460 598 motus
499 568 559 598 est
597 557 755 598 circuli.
823 557 903 597 Hic
934 567 1075 597 autem
1118 570 1326 597 numerus
1357 555 1516 596 Veneri
1548 565 1608 596 est
1643 557 1888 609 attributus,
1938 559 2054 612 quod
2086 575 2137 600 cx

182 637 406 691 utriusque
446 653 572 678 sexus
615 638 917 678 commixtione
969 635 1215 686 conficitur,
1262 635 1306 675 id
1346 645 1405 675 est
1450 651 1503 676 ex
1542 636 1695 687 triade,
1751 638 1824 690 qui
1863 653 1977 689 mas,
2022 638 2138 693 quod

183 718 324 772 impar
356 728 415 758 cst
446 733 675 770 numerus,
706 719 911 768 habetur,
961 727 1000 757 ct
1033 716 1193 771 dyade,
1236 730 1346 770 quae
1376 716 1534 755 femina
1564 718 1762 770 paritat03
1811 734 1911 759 nam
1942 719 2004 759 his
2031 719 2139 760 terni

182 797 314 838 hexas
346 798 401 839 fit.
442 799 581 840 Solida
611 799 733 839 etiam
768 798 903 853 figura
935 797 1130 852 quadrati
1156 812 1228 838 sex
1253 795 1498 852 superficies
1521 795 1660 837 habet.
1707 798 1857 839 Totius
1888 799 2137 840 harmoniae

179 879 267 918 toni
309 889 406 920 sunt
443 895 537 930 sex,
589 879 631 920 id
666 889 725 920 est
770 880 960 933 quinque
1006 878 1092 918 toni
1139 887 1178 918 ct
1222 877 1308 919 duo
1346 878 1590 919 hemitonia.
1661 877 1780 918 Idem
1824 894 1900 933 per
1944 880 2137 934 primum

179 968 367 1010 motum,
412 961 493 1001 hoc
524 970 583 1001 est
614 960 820 1015 dyadem,
869 960 1045 1001 collatus
1084 959 1312 1000 duodecim
1342 960 1462 1012 facit;
1505 960 1612 1000 inter
1647 974 1753 1014 quos
1794 960 1900 1001 duos
1936 976 2139 1003 numeros

177 1039 264 1080 duo
297 1041 425 1080 medii
460 1042 759 1092 inveniuntur,
799 1041 841 1081 id
870 1051 929 1081 cst
963 1050 1054 1080 octo
1090 1049 1129 1080 et
1161 1055 1331 1082 novem.
1380 1041 1580 1090 Quorum
1612 1055 1724 1081 unus
1755 1057 1806 1081 ex
1840 1057 1937 1082 meo
1967 1044 2141 1084 nomine

175 1121 411 1174 regulaque
449 1131 661 1172 censetur,
709 1137 811 1162 nam
843 1122 1132 1162 arithmeticus
1166 1130 1454 1172 memoratur,
1491 1120 1533 1161 id
1574 1130 1634 1161 est
1666 1122 1946 1174 novenarius;
1987 1124 2139 1165 codem

175 1201 289 1241 enim
321 1215 503 1241 numero
535 1210 762 1257 superatur
794 1216 817 1241 a
847 1200 1098 1250 duodecim,
1138 1209 1243 1254 quot
1273 1202 1464 1241 numeris
1503 1210 1676 1255 superat
1715 1202 1959 1254 senarium,
2002 1204 2046 1244 id
2081 1215 2141 1246 est

1936 1284 2000 1325 Ea
2024 1286 2138 1325 enim

174 1279 322 1319 tribus.
383 1279 503 1319 Alius
532 1289 676 1320 autem
702 1295 929 1329 numerus,
961 1279 1002 1319 id
1031 1289 1090 1320 cst
1115 1289 1229 1331 octo,
1268 1281 1432 1322 musica
1460 1281 1621 1322 ratione
1647 1282 1877 1324 confertur.

175 1369 294 1415 parte
338 1370 566 1415 superatur
614 1375 638 1401 a
674 1360 924 1410 duodecim,
968 1375 1054 1414 qua
1093 1364 1181 1416 ipse
1217 1370 1391 1415 superat
1427 1370 1620 1412 sextum,
1666 1362 1708 1403 id
1752 1373 1810 1403 est
1844 1365 1985 1417 tertia3
2036 1381 2135 1406 nam

175 1439 280 1479 sexti
323 1439 441 1480 tertia
491 1439 578 1480 duo
617 1449 735 1490 sunt,
787 1438 1030 1480 duodecimi
1072 1442 1193 1483 tertia
1233 1451 1432 1496 quatuor.

172 1619 260 1650 solus
286 1618 419 1660 legitur,
455 1631 521 1651 non
553 1621 665 1652 solum.
708 1618 786 1650 Alio
815 1620 908 1650 ctiam
941 1620 1013 1651 loco
1047 1619 1131 1650 idem

172 1681 356 1714 Macrobius
371 1682 499 1725 (Sah7,
528 1684 585 1725 15)
611 1695 651 1714 cx
668 1682 818 1726 Aegypto
835 1683 932 1714 refert
955 1683 1130 1714 »senarium

172 1755 339 1774 numerum
359 1744 554 1775 omnifariam
573 1745 717 1786 plenum,
747 1745 939 1787 perfectum,
963 1750 1058 1787 atquc
1085 1744 1130 1775 di-

174 1807 281 1837 vinum
305 1819 404 1838 essem
437 1807 532 1838 Adde
555 1807 736 1839 Vitruvium
764 1808 817 1851 (5,
846 1808 895 1851 Ι),
923 1808 1048 1850 Lydum
1066 1807 1129 1850 (die

173 1869 257 1901 Vcn.
273 1871 333 1909 10,
363 1882 394 1913 p.
410 1872 458 1901 (5ss
474 1870 623 1913 izoem),
649 1871 864 1902 Censorinum
884 1870 939 1913 (dc
958 1871 1008 1901 dic
1033 1870 1130 1901 natali

177 1931 239 1970 11,
267 1930 314 1972 4).

247 1999 352 2025 motus
370 1992 512 2038 tolidem]
541 1993 608 2026 Sex
629 1999 735 2025 motus
759 2006 875 2035 genera
897 1999 1023 2037 practer
1047 1994 1128 2025 orbi-

173 2057 312 2088 cularem
334 2057 428 2088 etiam
448 2058 543 2088 Plato
568 2063 732 2088 enumerat
754 2057 855 2101 (Tim.
876 2070 906 2100 p.
921 2057 969 2088 54
987 2056 1128 2101 steph).

171 2119 266 2152 Adde
287 2121 485 2153 macrobium
509 2122 555 2164 (in
577 2133 677 2152 somn.
696 2120 783 2164 Scip.
808 2122 844 2159 Ι,
869 2122 891 2152 6
906 2121 928 2152 s.
945 2120 1074 2152 Saturn.
1095 2122 1127 2161 7,

173 2183 219 2226 9).
258 2183 326 2216 Sed
357 2183 418 2215 alia
450 2190 525 2215 sunt
559 2196 641 2227 quae
672 2183 866 2215 Aristoteles
899 2184 1024 2221 statuit,
1054 2184 1128 2215 licet

173 2245 305 2276 totidem
337 2257 470 2278 numero
499 2245 628 2289 (Catcg.
656 2247 719 2286 113
752 2246 861 2277 confer
890 2245 980 2278 Sext.
1007 2246 1127 2289 Empir.

173 2309 242 2340 adv.
265 2309 410 2339 mathem.
434 2311 494 2349 10,
519 2311 585 2349 573
613 2322 642 2352 p.
661 2310 758 2353 640).

249 2368 390 2413 V'eneri]
431 2369 643 2402 Nicomachus
680 2371 783 2414 (apud
816 2370 968 2401 Photinm
1001 2383 1032 2413 p.
1053 2370 1126 2401 240

170 2431 373 2475 Hoeschel.):
388 2429 452 2465 καὶ
475 2431 620 2478 κυρίως
640 2430 739 2478 αὔξη
761 2430 1125 2478 μᾶλλονᾏῳςιοὸἱτη

173 2492 290 2538 ζυγὶα
315 2505 356 2527 τε
374 2491 438 2527 καὶ
457 2493 628 2538 γαμηλία
652 2492 715 2527 καὶ
736 2492 973 2540 ἀνὸρογυνιῖα
994 2495 1124 2528 θεολο-

169 2559 305 2600 ’)ἐῖτ(τι,
334 2555 420 2588 Hinc
443 2555 538 2586 ctiam
553 2555 754 2598 Pythagoras
776 2556 897 2588 Veneri
925 2562 1015 2587 sexto
1038 2568 1123 2587 mcu-

1501 1442 1632 1492 Quod
1675 1445 1931 1499 geometrica
1975 1446 2138 1487 ratione

1184 1622 1227 1651 sis
1255 1621 1410 1664 cujusque
1432 1620 1482 1652 die
1506 1632 1595 1653 sacra
1621 1621 1690 1653 fieri
1705 1622 1819 1663 jussit,
1849 1628 1930 1654 teste
1954 1622 2135 1656 Jamblicho

1183 1685 1235 1728 (de
1258 1685 1322 1716 vita
1346 1685 1481 1728 Pythag.
1500 1685 1565 1725 28,
1595 1686 1694 1727 152),
1725 1686 1778 1716 ubi
1802 1686 1961 1718 Rustcrus
1986 1688 2031 1730 (p.
2050 1688 2135 1730 128)

1182 1748 1320 1780 lectores
1345 1748 1384 1779 ad
1403 1748 1596 1779 Tennulium
1620 1748 1671 1792 (ad
1689 1749 1808 1781 Janibl.
1824 1750 1855 1780 in
1871 1750 1994 1782 Nicon-¹.
2012 1751 2134 1782 arithm.

1181 1825 1213 1855 p.
1236 1811 1320 1854 151)
1345 1811 1478 1843 remisit.
1521 1811 1621 1844 Plura
1655 1812 1743 1845 dabit
1773 1811 1889 1845 Astius
1920 1814 1973 1857 (ad
1998 1815 2137 1846 Theolo-

1182 1885 1265 1914 gum.
1286 1886 1316 1917 p.
1337 1873 1432 1916 177).

1256 1971 1358 2002 hexas
1385 1968 1440 2014 fit]
1470 1969 1603 2002 Grotius
1636 1971 1769 2012 margini
1796 1971 1965 2016 adscripsit
1991 1972 2070 2004 alios
2091 1973 2135 2004 lc·

1181 2044 1254 2073 gere
1274 2034 1361 2063 sexis
1380 2032 1525 2075 faciunt,
1550 2032 1642 2064 male.

1256 2119 1290 2149 id
1309 2125 1356 2150 est
1380 2117 1593 2163 novenarius]
1621 2118 1676 2150 Sic
1697 2119 1809 2162 scripsi
1833 2132 1850 2150 c
1870 2120 2033 2152 codicibus
2052 2121 2135 2153 Gro-

1180 2180 1265 2211 tiano
1299 2185 1331 2211 et
1367 2180 1642 2219 Rcicheuaucnsi3
1682 2180 1779 2222 vulgo
1813 2182 1895 2212 idem
1930 2185 2134 2214 novenarius.

1179 2244 1230 2274 Dc
1250 2249 1383 2286 utraque
1407 2244 1529 2275 ratione
1549 2244 1745 2276 arithmetica
1765 2250 1798 2275 ct
1824 2245 1943 2275 musica
1970 2245 2036 2276 sive
2062 2247 2134 2276 liar-

1179 2305 1302 2336 monica
1333 2305 1406 2336 vide
1439 2318 1521 2349 quae
1560 2306 1600 2337 ad
1629 2306 1777 2337 Platonis
1812 2305 1976 2337 Timaeum
2010 2307 2062 2350 (p,
2083 2309 2133 2340 58

1178 2366 1306 2409 steph.)
1331 2367 1511 2398 observavit
1538 2368 1723 2399 Boeckhins
1750 2366 1802 2409 (in
1829 2367 1946 2397 Danhii
1973 2373 2004 2398 ct
2031 2368 2132 2401 Creu-

1179 2428 1244 2459 zcri
1269 2428 1383 2466 studiis
1407 2429 1445 2460 T.
1462 2429 1527 2469 111,
1553 2442 1583 2473 p.
1603 2428 1680 2472 36),
1709 2428 1903 2471 Astiumquc
1930 2429 1969 2460 ad
1993 2430 2131 2463 Theolo-

1177 2502 1312 2532 gnmcna
1330 2490 1378 2533 (6,
1401 2503 1431 2534 p.
1453 2492 1553 2535 178),
1577 2502 1658 2536 quae
1675 2491 1787 2522 eodem
1810 2491 1870 2522 hoe
1890 2490 2018 2524 nomine
2036 2494 2130 2525 hexa—

1177 2554 1247 2586 dem
1270 2553 1464 2599 praedicant.
