2310 2860
2045 157 2132 169 υι-ιν

2043 171 2134 198 dot)

716 155 917 198 Martiani
957 154 1156 211 Capellae
1195 153 1267 195 lib.
1293 153 1368 195 VI.
1408 154 1441 205 ᾗ.
1477 154 1576 195 6:51.

175 263 459 321 populorum,
501 273 542 305 et
581 262 754 317 oblique
797 262 913 318 apud
953 276 1077 317 quos·
1105 260 1212 301 inter
1252 270 1409 301 ceteras
1453 259 1581 300 urbes
1624 261 1832 317 oppidum
1866 262 1908 303 in
1955 262 2136 305 confinio

173 345 304 387 maris
335 345 508 386 nomine
536 343 730 399 Calydon
756 341 976 384 Diomedis
1007 341 1236 397 Tydeiqne
1268 341 1617 397 progeneratione
1648 343 1930 386 notissimum.
1965 345 2136 387 Dehinc

174 426 356 469 influens
377 427 492 468 sinus
516 426 726 467 Aetoliam
751 440 800 466 ac
819 424 1161 480 Peloponnesum
1183 423 1344 466 dividit.
1375 424 1478 466 Mox
1507 425 1551 466 in
1575 424 1814 468 Acarnania
1838 428 2137 482 Aracynthus3

173 508 215 549 in
252 508 415 550 Aetolia
457 508 624 558 Ozolei,
677 506 792 562 apud
831 520 939 562 quos
988 505 1194 562 oppidum
1238 506 1457 556 Oeanthe,
1512 506 1554 547 in
1595 520 1680 560 quo
1724 516 1869 561 portus
1914 505 2132 560 Apollinis.

174 589 302 631 Tunc
337 589 489 631 deinde
522 590 565 630 in
604 589 801 630 Phocidis
836 589 997 644 campis
1028 588 1235 645 oppidum
1279 587 1456 638 Cirrha,
1501 597 1647 643 portus
1682 587 1863 639 Caleon,
1913 604 1935 630 a
1969 603 2056 643 quo
2088 587 2133 626 in

172 680 335 726 septem
380 671 571 712 millibus
616 685 823 727 passuum
870 670 1076 711 introrsus
1126 668 1336 724 oppidum
1375 666 1575 721 Delphos
1624 666 1879 707 submonte
1911 669 2132 717 Parnasso,

173 752 340 793 clarum
381 753 564 794 oraculis
600 753 830 808 Apollinis;
874 752 966 793 sons
997 752 1055 793 ibi
1086 752 1118 793 C
1124 753 1307 794 astalius.
1371 749 1538 790 Deinde
1569 749 1610 789 in
1641 749 1790 790 intimo
1825 750 1920 791 sinu
1951 748 2132 803 angulus

171 833 368 875 Boeotiae
407 845 596 876 montem
634 834 883 875 Heliconem
915 834 1048 887 juxta.
1107 817 1449 889 Peloponnesum
1482 830 1704 885 peninsula
1735 832 1841 871 inter
1877 831 1962 871 duo
1996 830 2132 871 maria
2159 826 2253 870 652

170 915 392 971 Aegaeum
424 926 463 957 et
491 916 661 957 Ionium
693 915 916 970 angulosos
944 929 1134 955 recessus
1165 913 1404 965 obducens,
1434 912 1476 952 in
1503 912 1682 953 circuitu
1713 913 1875 954 habens
1901 915 2132 967 quingenta

170 997 385 1051 sexaginta
411 996 488 1036 tria
513 995 644 1035 millia
676 1009 907 1050 passuum,
939 1004 979 1035 ct
1008 1009 1083 1049 per
1115 996 1229 1036 sinus
1262 1010 1397 1051 paene
1421 995 1684 1037 tantundem.
1743 996 1987 1050 Angustiae,
2018 995 2133 1036 unde

171 1076 382 1131 procedit,
434 1076 616 1116 Isthmos
662 1075 912 1130 appellatur.
982 1075 1030 1115 In
1075 1076 1270 1130 quinque
1309 1076 1498 1116 millibus
1543 1090 1747 1131 passuum
1789 1077 1957 1118 diversa
1998 1077 2132 1117 maria

169 1156 374 1211 utrinque
405 1156 628 1206 collidunt,
661 1170 708 1196 ac
732 1156 863 1197 latera
884 1165 1050 1196 meatus
1082 1155 1309 1196 abradunt.
1370 1156 1417 1196 In
1450 1156 1590 1197 medio
1623 1157 1704 1197 hoc
1735 1158 1980 1209 intervallo,
2015 1158 2134 1214 quod

167 1235 361 1277 Isthmon
392 1236 627 1291 appellavi,
662 1236 826 1277 colonia
858 1245 918 1276 est
949 1234 1202 1285 Corinthus,
1242 1237 1460 1291 sexagenis
1500 1236 1552 1277 ab
1592 1246 1776 1292 utroque
1808 1238 1945 1279 littore
1976 1239 2134 1290 stadiis,

169 1329 193 1356 a
224 1329 397 1357 summa
435 1330 551 1368 arce,
583 1330 696 1370 quae
725 1315 880 1356 dicitur
910 1314 1259 1366 Acrocorinthos,
1297 1324 1534 1370 utrumque
1566 1331 1686 1357 mare
1717 1327 2004 1373 prospectans.

243 1469 274 1496 et
297 1462 435 1511 oblique]
467 1463 581 1506 Inepta
604 1462 717 1503 lectio,
741 1474 837 1505 qnam
859 1467 979 1492 certum
1006 1465 1056 1492 est
1078 1471 1127 1492 or-

168 1533 232 1560 tam
260 1539 332 1559 esse
359 1539 400 1559 ex
422 1528 614 1574 Aetolique,-
649 1526 683 1558 in
715 1525 879 1559 codicibus
911 1530 1016 1556 tamen
1048 1523 1127 1555 nihil

167 1589 304 1621 subsidii
327 1589 444 1620 inveni.

239 1648 524 1695 progeneratione]
556 1649 605 1681 Ita
635 1648 762 1680 codices
787 1646 1064 1679 Reichenauensis
1093 1652 1126 1679 et

166 1714 451 1755 Darmstattensis3
478 1714 554 1746 editi
576 1714 797 1756 ρνοφιαίἱοηθ.

241 1777 469 1823 Aracynthus]
497 1778 609 1817 Mons,
637 1788 731 1820 quem
752 1775 821 1815 alii,
849 1780 885 1806 ut
909 1773 1028 1807 Strabo
1050 1774 1124 1819 (10,

167 1854 201 1886 p.
218 1843 292 1875 430
315 1844 337 1874 s.
360 1841 447 1885 460)
477 1847 510 1873 et
536 1840 713 1883 Dionysius
737 1838 907 1879 Periegeta
934 1838 1034 1881 (451)
1057 1837 1123 1869 Ae-

167 1903 265 1936 toliae
285 1908 512 1943 annumerant,
542 1906 653 1933 noster
678 1900 819 1932 Plinium
837 1899 891 1942 (4,
917 1899 953 1941 2)
979 1904 1011 1930 et
1037 1899 1123 1931 Soli·-

166 1977 243 1998 num
264 1964 419 2009 sequitur.
444 1963 590 1995 Posteris
616 1961 760 2005 inprimis
786 1960 1002 1992 memorabilis
1022 1961 1124 1993 fuisse

165 2028 293 2062 videtur
312 2033 445 2072 propter
467 2026 595 2068 Virgilii
619 2037 745 2056 versum
771 2024 842 2067 (ecl.
860 2025 899 2064 2,
926 2023 1004 2067 24):

224 2091 404 2133 »Amphion
426 2090 587 2120 Dircaeus
613 2089 649 2118 in
668 2087 792 2119 Actaeo
812 2087 1039 2129 Aracyntho«,

166 2166 349 2200 quanquam
371 2154 516 2191 fuerunt,
549 2151 604 2195 qui
630 2163 702 2182 eum
731 2156 865 2194 propter
895 2150 985 2181 illum
1013 2150 1119 2181 locum

167 2216 207 2249 ad
229 2216 358 2247 Thebas
383 2215 435 2246 vel
461 2214 540 2245 adeo
569 2213 710 2244 Atticam
733 2215 898 2245 referrent.

242 2274 365 2320 Ozolei]
391 2276 517 2307 Plinius
544 2274 848 2307 Ozolae.Gnor.—-
879 2273 1018 2305 Codices
1044 2272 1119 2303 Rei-

166 2337 379 2372 chenauensis
402 2337 531 2377 Azoeli,
557 2335 823 2368 Dal-mstatlensis
852 2336 983 2374 Azolei,
1012 2346 1120 2376 margo

165 2400 446 2442 Norimbergensis
466 2399 540 2430 libri
564 2401 690 2440 Azolli7·
713 2399 893 2431 Pausanias
921 2400 998 2442 (10,
1021 2400 1055 2439 8,
1083 2398 1120 2441 5)

164 2458 325 2502 Ὀζόλαι.
354 2458 422 2494 Sed
446 2461 547 2502 major
566 2472 655 2492 error
678 2461 779 2493 nostri
800 2467 864 2502 est,
889 2461 975 2506 quod
995 2461 1035 2492 ad
1056 2460 1119 2493 Ae-

166 2528 248 2561 tolos
269 2525 394 2566 retulit,
421 2525 476 2569 qui
500 2526 676 2556 Locrenses
698 2531 807 2558 essent
829 2525 927 2570 (Plin.
948 2526 989 2564 4,
1015 2524 1064 2568 4).

239 2585 399 2633 Oeanthe]
426 2587 547 2621 Confer
570 2587 683 2620 doctos
701 2587 892 2634 interpretes
922 2585 1119 2631 Thucydidis

2066 1317 2134 1358 Ab

1178 1462 1232 1505 (5,
1267 1461 1355 1501 1013
1383 1461 1420 1492 T.
1446 1461 1494 1499 Π,
1518 1474 1548 1504 p.
1569 1462 1641 1492 570
1665 1461 1769 1505 Bip.),
1799 1461 1854 1492 ubi
1878 1461 2005 1493 W'asse
2032 1463 2135 1494 nostri

1177 1535 1306 1568 quoque
1321 1523 1506 1555 testimonio
1524 1523 1639 1564 utitur,
1664 1524 1810 1568 duosque
1831 1523 1958 1555 codices
1980 1526 2133 1557 mendose

1180 1587 1323 1618 Teantlae
1352 1586 1459 1627 legere
1484 1591 1600 1616 narrat.

1250 1646 1391 1691 Caleon]
1425 1646 1553 1677 Plinius
1596 1646 1776 1684 Chalaeon,
1809 1646 2014 1678 Ptolemaeus
2051 1648 2130 1682 Χα-

1175 1707 1291 1752 λεώς,
1323 1710 1426 1743 codex
1450 1709 1725 1741 Reiehenauensis
1747 1709 1829 1740 male
1858 1710 1984 1742 Celemae.

1251 1775 1424 1816 sexa-qiam
1453 1770 1536 1816 tria]
1565 1771 1680 1804 Codex
1706 1771 1981 1803 Reichenauensis
2017 1772 2134 1804 omittit

1175 1836 1247 1867 tria.
1275 1834 1427 1867 Ceterum
1445 1839 1480 1864 nt
1497 1838 1643 1864 nostrum
1660 1832 1839 1874 intelligas,
1861 1834 1970 1865 eonser
1990 1834 2135 1865 Plinium

1174 1898 1227 1942 (4,
1250 1898 1301 1941 5)=
1324 1898 1424 1929 „inter
1446 1898 1509 1929 duo
1529 1897 1642 1937 maria,
1665 1896 1832 1938 Aegaeum
1851 1903 1882 1928 et
1898 1898 2041 1938 Ionium,
2066 1899 2131 1941 pla—

1172 1962 1239 1994 tani
1264 1963 1341 1993 solio
1375 1962 1503 2001 similis,
1536 1966 1668 2005 propter
1699 1961 1873 2002 angulosos
1897 1973 2044 1993 recessus
2074 1962 2131 1993 eir-

1172 2024 1261 2055 cuitu
1290 2023 1434 2055 DLXIII
1460 2023 1505 2055 M.
1538 2034 1623 2066 pass.
1650 2022 1788 2063 colligit,
1828 2028 1956 2054 auctore
1987 2023 2131 2064 Isidoro5

1172 2086 1283 2118 cadem
1305 2097 1364 2129 per
1388 2084 1476 2116 sinus
1502 2096 1603 2128 paene
1628 2084 1815 2115 tantundem
1841 2084 1975 2125 adjicit«

1246 2145 1420 2191 abradunt]
1440 2146 1537 2177 Haud
1552 2146 1618 2178 seio
1634 2158 1674 2177 an
1692 2151 1833 2190 praestet
1849 2147 2021 2184 airadum,
2044 2146 2129 2189 quod

1172 2208 1251 2240 alios
1269 2209 1387 2250 legisse
1412 2207 1545 2240 Grotius
1562 2208 1595 2239 in
1615 2208 1756 2249 margine
1774 2207 1904 2238 notavit.
1930 2207 2046 2239 Melius
2071 2206 2128 2236 uli-

1171 2282 1234 2314 que
1256 2271 1340 2301 foret
1366 2276 1474 2301 meatu
1499 2271 1696 2310 subrmhmt,
1722 2269 1808 2313 quod
1833 2267 2031 2300 commendat
2056 2266 2128 2298 Sa}-

1170 2333 1289 2364 masius
1316 2333 1368 2376 (ad
1396 2333 1498 2366 Solin.
1523 2346 1555 2378 p.
1574 2333 1674 2376 141),
1708 2332 1764 2363 scd
1789 2330 1934 2363 codicum
1959 2329 2127 2362 auctorita-

1171 2403 1235 2429 tem
1262 2396 1420 2430 desidero.

1245 2470 1266 2490 a
1281 2470 1405 2491 summa
1423 2456 1509 2503 aree]
1537 2457 1593 2490 Sic
1619 2456 1733 2501 scripsi
1756 2468 1773 2488 e
1798 2455 1905 2487 codice
1924 2455 2125 2488 Reiehenau-

1172 2522 1242 2555 ensi
1265 2528 1297 2555 et
1321 2535 1403 2567 quos
1428 2522 1605 2555 Salmasius
1631 2521 1684 2565 (ad
1705 2520 1808 2552 Solin.
1832 2531 1861 2562 p.
1882 2519 1968 2566 141)
1990 2531 2125 2554 comme-

1170 2592 1291 2630 morat,
1317 2587 1414 2630 vulgo
1436 2587 1544 2634 inepte
1564 2599 1584 2619 a
1604 2586 1684 2620 Pisa
1707 2594 1830 2617 summa
1854 2595 1937 2616 arce·
