2310 2860
214 215 296 257 180

782 209 982 253 Martiani
1016 205 1217 264 Capellae
1253 204 1326 246 lib.
1351 203 1406 248 11.
1449 206 1479 257 §.
1505 204 1602 248 126.

869 317 1049 372 Separat
1080 311 1216 354 libens
1250 312 1383 354 Osiris
1395 343 1407 364 ,

875 394 1116 438 Sationibus
1150 394 1322 451 gravari

867 477 1133 520 Genitalibus
1166 476 1344 531 repertis

870 558 1014 610 Quem
1048 559 1124 600 scit
1157 566 1276 613 pater
1310 555 1516 609 deorum3

212 684 245 716 in
257 682 343 715 hisce
359 679 625 726 acquiescendum
637 690 717 713 esse.
731 679 960 714 Demonstrarc
971 686 1044 713 ante
1059 680 1165 714 omnia

213 746 297 779 docti
315 746 503 790 interpretes
519 745 698 786 debebant,
727 745 803 789 quid
822 745 982 778 Mercurio
1003 758 1076 778 cum
1088 744 1163 777 Osi-

211 810 278 843 ride
300 822 466 843 commune
490 809 598 844 fucrit.
624 808 784 853 Equidem
808 822 906 854 quum
931 809 1063 841 viderim
1079 810 1164 841 Mar-

211 872 333 904 tianum
363 870 404 915 (ξ.
426 872 486 904 93.
513 872 596 905 102.
627 872 711 906 157.
742 872 823 904 192.
856 872 936 905 193.
967 872 1053 904 274.
1079 872 1163 904 550.

212 935 294 967 812.
310 934 398 978 924)
411 946 518 967 rerum
528 933 798 979 Aegyptiacarum
810 945 878 966 non
891 934 1036 977 ignarum
1053 934 1165 977 fuisse,

210 998 307 1031 hasce
330 996 536 1041 antiquitates
561 997 624 1028 hoe
650 997 724 1029 loco
754 996 940 1041 neutiquam
966 997 1164 1042 praetermit-

210 1059 325 1093 tendas
347 1070 419 1091 esse
441 1070 570 1094 censeo.
595 1057 647 1090 Ex
665 1058 704 1090 iis
726 1058 824 1101 igitur
837 1064 960 1104 repeto,
979 1058 1166 1093 Anubidem

210 1121 443 1166 Aegyptiorum
459 1121 558 1153 fuisse
575 1121 770 1153 Mercurium
789 1122 874 1166 (Pal.
888 1123 955 1154 crit.
971 1122 1023 1156 IV
1038 1121 1066 1167 ξ.
1079 1122 1164 1168 764)

211 1191 244 1216 et
277 1184 374 1216 Isidis
408 1182 612 1228 Osiridisquc
646 1182 795 1216 comitem
833 1183 985 1228 (Diodor.
1020 1185 1062 1225 1,
1092 1185 1164 1228 87).

210 1245 338 1278 Deinde
361 1244 501 1278 Osiridis
525 1245 684 1285 membra,
718 1256 799 1288 quac
823 1257 841 1276 a
866 1245 1022 1289 Typhone
1047 1246 1166 1279 suerint

211 1307 375 1352 dispersa,
411 1305 574 1338 Anubidis
600 1306 719 1339 auxilio
743 1307 782 1339 ab
810 1306 896 1339 Iside
918 1312 1044 1351 reperta
1064 1308 1165 1342 fuisso

210 1369 306 1413 (conf.
332 1368 362 1413 §.
378 1368 416 1412 4)
441 1368 520 1401 solis
547 1370 690 1414 exceptis
711 1370 905 1414 genitalibus
924 1370 1032 1413 (Diod.
1056 1372 1087 1411 1,
1104 1371 1165 1412 21,

209 1433 276 1473 22,
307 1433 368 1465 25.
392 1431 585 1464 Plutarchus
615 1432 654 1465 de
680 1432 723 1465 Is.
742 1446 772 1477 p.
793 1433 889 1477 558).
925 1433 1074 1477 Denique
1098 1433 1165 1467 Ae-

210 1495 390 1540 gyptiorum
419 1494 581 1527 osiridem
611 1494 930 1527 G1·aecorum·etiam
958 1495 1058 1527 fuisse
1083 1496 1166 1530 Bac-

210 1558 304 1591 chum
326 1557 367 1602 (v.
390 1556 472 1589 infra
497 1562 564 1589 not.
583 1557 623 1589 ad
651 1556 679 1602 ἓ.
700 1556 796 1602 158).
845 1557 974 1601 Quibus
1003 1557 1033 1590 Si
1062 1557 1163 1592 Grae-

210 1633 278 1654 cam
301 1621 460 1652 addideris
487 1621 665 1662 fictionem,
703 1633 766 1665 qua
790 1620 956 1654 Bacchum
981 1633 1118 1666 puerum
1145 1635 1163 1655 a

209 1684 368 1717 Mercurio
401 1684 436 1715 in
462 1684 589 1717 coelum
611 1684 710 1715 fuisse
736 1684 939 1729 deportatum
967 1685 1165 1719 tradiderunt

210 1747 321 1788 (Faus.
343 1746 383 1784 5,
410 1745 473 1784 18,
494 1746 515 1775 7
541 1751 573 1776 et
593 1746 632 1784 3,
664 1746 721 1785 17,
746 1746 780 1779 1.
800 1744 991 1790 Apollodor.
1008 1747 1048 1787 5,
1071 1747 1106 1788 4,
1125 1746 1163 1791 5)

212 1810 301 1852 eujus
332 1808 379 1841 rei
404 1807 509 1851 imago
532 1807 565 1841 in
588 1808 720 1852 gemmis
750 1820 845 1855 saepe
878 1809 971 1842 obvia
996 1811 1075 1843 hacc
1097 1816 1161 1843 cst:

1216 675 1354 721 aliquam
1377 680 1463 708 certe
1488 675 1572 706 inter
1589 684 1646 707 eos
1665 673 1894 710 animadvertes
1911 676 2099 710 relationem
2117 677 2168 722 (cf.

1214 739 1383 782 Palaeogr.
1407 740 1475 772 erit.
1497 738 1556 771 111.
1577 737 1605 783 ἓ.
1623 739 1720 783 218).
1753 739 1830 772 Jam
1849 752 1925 773 vero
1950 741 2091 786 quinque
2112 743 2168 774 ho-

1215 813 1286 834 rum
1308 813 1460 834 versuum
1483 801 1580 833 verba
1599 800 1643 833 ita
1664 807 1830 834 construo:
1856 803 1943 846 »Qui
1965 803 2169 848 (Mercurius)

1215 864 1319 897 libens
1347 869 1474 910 separat
1499 865 1563 897 fata
1594 864 1786 898 succidentis
1816 864 1941 906 Osiris,
1965 878 2060 910 quem
2080 872 2171 912 pater

1216 929 1349 961 deorum
1369 929 1430 961 seit
1449 928 1627 960 sationibus
1649 929 1771 971 gravari
1788 930 1978 972 genitalibus
2001 931 2163 975 repertis«

1215 993 1296 1026 Fata
1324 992 1431 1026 Osiris
1461 993 1528 1025 sive
1557 991 1697 1026 Osiridis
1724 994 1819 1026 modo
1846 994 2030 1028 memoravi.
2065 994 2173 1028 Succi-

1216 1058 1296 1090 dens
1325 1057 1457 1097 dicitur,
1492 1063 1528 1088 ut
1550 1069 1620 1088 mea
1645 1057 1706 1088 sert
1730 1057 1859 1102 opinio,
1891 1069 1957 1090 non
1984 1070 2002 1090 a
2028 1058 2173 1098 caedere,

1217 1126 1252 1151 ut
1275 1120 1391 1164 reliqui
1412 1119 1524 1152 volunt
1546 1117 1756 1162 interpretes,
1783 1119 1840 1150 scd
1860 1130 1878 1151 a
1895 1119 2017 1152 cadere.
2046 1120 2173 1152 Cecidit

1217 1184 1301 1215 enim
1326 1183 1393 1215 sive
1414 1181 1582 1214 succubuit
1605 1181 1711 1214 Osiris
1739 1181 1774 1214 in
1797 1181 1884 1214 bello
1910 1189 2020 1215 contra
2042 1183 2170 1228 Typho-

1216 1257 1300 1277 ncm.
1335 1244 1427 1277 llaec
1459 1250 1565 1276 autem
1583 1244 1648 1275 fata
1671 1255 1821 1288 separare
1843 1243 1958 1275 dicitur
1981 1245 2171 1286 Mercurius,

1215 1309 1249 1343 id
1265 1314 1325 1350 est,
1348 1314 1385 1341 nt
1416 1320 1486 1340 mea
1511 1308 1574 1341 fert
1601 1307 1726 1352 opinio,
1749 1318 1821 1339 cum
1848 1308 1975 1339 nemine
1999 1310 2172 1341 communi-

1217 1382 1306 1411 care,
1344 1370 1496 1411 reticere,
1537 1369 1640 1402 donec
1668 1362 1859 1411 genitalibus
1886 1381 2016 1413 quoque
2044 1370 2174 1404 tandem

1217 1434 1389 1478 aliquando
1410 1433 1545 1478 repertis
1564 1433 1598 1465 in
1620 1433 1780 1475 integrum
1806 1432 1974 1465 restitutus
1997 1433 2054 1466 ille
2078 1434 2173 1467 satio-

1217 1498 1313 1531 nibus
1342 1509 1454 1530 rursus
1490 1497 1660 1540 adjuvante
1691 1496 1853 1531 Mercurio
1885 1509 2036 1542 praeesse
2059 1483 2173 1543 possit.

1212 1560 1345 1593 Minime
1361 1560 1446 1592 enim
1464 1559 1541 1592 mihi
1561 1559 1726 1601 ignorasse
1744 1559 1871 1592 videtur
1890 1559 2078 1602 Martianus,
2100 1572 2173 1593 csse

1216 1622 1273 1666 qui
1294 1622 1465 1654 »Liberum
1486 1626 1609 1666 patrem
1634 1622 1668 1654 in
1689 1621 1830 1654 membra
1848 1621 2042 1666 discerptum
2058 1627 2091 1653 et
2109 1622 2173 1654 sru-

1216 1685 1274 1717 stis
1301 1685 1436 1729 sepultis
1462 1697 1574 1717 rursus
1604 1698 1707 1717 unum
1732 1690 1765 1717 et
1789 1686 1952 1730 intem-um
1977 1686 2164 1718 emersisse·

1214 1749 1367 1782 docerent
1395 1749 1553 1794 (Macrob.
1578 1760 1680 1782 somn.
1716 1748 1803 1794 Scip.
1831 1750 1861 1781 1.
1889 1748 1959 1792 12).

1287 1821 1483 1869 sationibus]
1517 1823 1669 1857 Sationes
1695 1834 1761 1856 non
1781 1822 1890 1855 vitium
1914 1828 2038 1855 tantum
2061 1834 2171 1855 verum

1214 1887 1308 1920 etiam
1329 1888 1456 1929 frugum
1477 1887 1613 1930 intelligi
1632 1892 1787 1932 possunt5
1814 1887 1853 1919 ef.
1867 1886 1986 1919 Tibull.
2003 1887 2035 1927 1,
2055 1887 2088 1928 7,
2105 1886 2170 1920 29:

1269 1963 1422 1993 „Prfnms
1450 1968 1562 1995 aratra
1581 1974 1683 1994 mmm
1705 1963 1829 1994 sollerti
1848 1961 1929 2006 fecit
1956 1961 2063 1994 Osiris

1261 2024 1307 2056 Et
1329 2029 1472 2054 teneram
1494 2024 1585 2066 fem-o
1609 2024 1793 2055 sollicitauit
1813 2024 1972 2055 humum..

1211 2086 1307 2118 Adde
1331 2086 1512 2118 Diodorum
1535 2086 1583 2130 (l,
1611 2086 1657 2118 14
1678 2091 1711 2117 et
1735 2087 1781 2118 18
1807 2085 1851 2130 fi).

1287 2158 1432 2206 gravari]
1459 2160 1534 2192 Non
1559 2172 1597 2192 ca
1619 2160 1776 2192 sententia
1795 2161 1847 2193 hic
1871 2158 2088 2204 accipiendum
2108 2169 2167 2203 cst,

1213 2235 1277 2268 qua
1302 2222 1491 2267 deponentis
1518 2222 1625 2254 locum
1653 2224 1719 2253 scre
1744 2222 1865 2254 obtinet
1887 2232 2021 2265 cumque
2043 2234 2169 2256 aecusa-

1213 2287 1278 2319 tivo
1306 2298 1382 2319 casu
1402 2286 1551 2328 junctum
1583 2285 1740 2327 significat
1768 2296 1938 2325 recusare,
1967 2285 2169 2329 detrectare,-

1213 2351 1271 2383 scd
1289 2350 1416 2395 passive
1439 2361 1497 2394 pro
1530 2350 1659 2383 onerari
1679 2348 1785 2393 aliqua
1810 2360 1862 2390 re,
1893 2355 1928 2381 ut
1955 2350 2038 2395 apud
2065 2351 2168 2385 Luca-

1213 2425 1291 2446 num
1315 2413 1361 2456 (6.
1384 2411 1485 2455 517)=

1293 2502 1304 2516 ι
1317 2487 1480 2519 Tem-ibilis
1499 2484 1610 2530 Slyqio
1628 2483 1730 2529 facies
1755 2484 1877 2529 pallore
1895 2491 2081 2528 gravatura,

1212 2562 1309 2606 igitur
1338 2562 1400 2595 hoc
1426 2561 1499 2594 loeo
1530 2561 1682 2593 translate
1708 2560 1747 2593 (le
1773 2573 1903 2595 munere
1928 2561 1978 2594 vel
2003 2561 2166 2608 provincia

1213 2626 1373 2660 Mercurio
1399 2638 1470 2659 eum
1494 2624 1624 2659 osiride
1644 2625 1796 2669 injuncta.
