2310 2860
704 204 903 247 Martiani
935 204 1134 260 Capellae
1164 204 1235 246 lib.
1265 205 1339 248 IV.
1379 207 1410 257 §.
1433 205 1534 248 586.
2019 206 2105 250 561

158 321 196 351 et
233 311 344 352 oculi
376 311 554 366 alicujus
585 312 809 353 animantis
840 311 1032 354 nondum
1075 311 1325 355 adveniente
1365 321 1578 368 tempore,
1618 325 1705 367 quo
1742 311 1887 355 videre
1918 323 2106 369 possent,

155 406 297 447 neque
338 393 449 433 caeci
490 407 631 448 neque
663 392 851 434 videntes
893 391 1115 444 dicuntur,
1158 404 1199 434 et
1225 403 1368 436 tamen
1407 393 1569 450 aliquid
1598 393 1791 435 medium
1820 410 1905 437 non
1934 394 2105 437 habent.

153 473 287 530 Igitur
305 474 620 530 oppositorum,
662 489 774 530 quae
798 472 938 514 medio
964 484 1128 526 carent,
1167 475 1279 517 duae
1312 477 1471 532 species
1498 486 1615 527 sunt,
1645 476 1689 517 id
1721 486 1781 517 est
1817 492 1968 519 eorum
1996 493 2109 534 quae

154 556 357 597 alterutra
383 556 474 597 vice
502 555 698 597 accidunt
730 555 814 606 rei,
844 555 887 596 in
917 568 1005 610 qua
1039 571 1126 596 esse
1159 566 1356 612 possunt,
1396 557 1514 598 nullo
1548 556 1689 598 medio
1721 558 2027 611 intercedente,
2061 567 2112 601 ut

154 638 308 679 sanitas
340 647 379 678 et
403 637 687 689 imbecillitas;
726 646 767 678 et
791 650 958 687 eorum,
990 651 1101 691 quae
1125 638 1253 678 simul
1276 638 1420 679 deesse
1440 648 1615 695 possunt
1640 639 1918 690 substantiae,
1955 639 1999 680 in
2023 652 2111 694 qua

154 734 240 760 non
271 718 399 759 simul
424 733 512 759 esse
535 727 725 774 possunt,
756 726 794 758 et
823 726 978 766 tamen,
1010 731 1149 772 quum
1177 718 1306 760 simul
1330 719 1500 770 desunt,
1531 720 1635 760 nihil
1664 721 1856 762 medium
1879 719 2110 772 intercedit,

154 809 203 840 ut
233 799 446 841 cernentia
479 808 520 840 et
549 799 746 850 caecitas,
798 798 867 839 vel
906 797 1075 838 habitus
1107 807 1147 839 et
1176 799 1346 840 orbitas.
1409 800 1627 850 Quartum
1658 814 1790 855 genus
1825 801 2119 856 oppositorum
2146 797 2234 844 587

156 892 216 923 est
252 882 404 937 ajentia
442 891 482 922 et
518 881 734 937 negantia,
787 889 834 921 ut
864 880 1012 921 Cicero
1042 879 1247 936 disputat,
1293 878 1441 920 Cicero
1471 894 1557 921 non
1587 878 1782 935 disputat.
1842 881 1957 922 Haec
1989 895 2015 923 a
2041 895 2115 922 su·-

155 963 394 1018 perioribus
426 961 649 1015 differunt,
697 960 814 1017 quod
849 961 919 1002 illa
953 961 1195 1017 singulatim
1227 961 1309 1002 dici
1338 971 1534 1019 possunt,
1564 962 1671 1004 haec
1701 977 1787 1004 non
1815 963 1895 1004 nisi
1926 978 2116 1005 connexe

154 1042 368 1084 dicuntur.
426 1043 464 1083 A
501 1042 687 1083 relativis
726 1042 808 1082 hoc
849 1041 1072 1093 differunt,
1119 1041 1237 1097 quod
1269 1042 1342 1084 illa
1383 1046 1510 1085 etiam
1541 1044 1718 1087 relative
1747 1043 1970 1097 dicuntur3
2009 1043 2117 1085 haec

153 1132 298 1164 autem
336 1137 422 1163 non
460 1122 660 1173 relative3
725 1136 812 1163 non
854 1122 969 1163 enim
1008 1122 1227 1178 disputans
1274 1124 1328 1166 ad
1374 1140 1460 1166 non
1500 1125 1786 1181 disputantem
1829 1125 2027 1166 refertur.
2079 1122 2119 1164 A

154 1201 372 1242 contrariis
405 1201 488 1243 hoc
521 1200 745 1253 differunt,
791 1202 909 1258 quod
938 1202 1033 1254 illa,
1069 1202 1103 1243 si
1134 1218 1324 1247 connexe
1354 1205 1570 1257 dicantur,
1608 1205 1774 1246 tamdiu
1806 1214 1878 1246 aut
1908 1218 2013 1247 vera
2044 1212 2120 1244 aut

154 1281 260 1323 falsa
289 1292 408 1335 sunt,
448 1282 658 1338 quamdiu
696 1293 756 1324 est
784 1284 913 1336 illud,
951 1285 991 1326 in
1026 1300 1114 1341 quo
1143 1286 1278 1328 inesse
1316 1296 1514 1343 possunt3
1561 1300 1702 1342 quum
1745 1295 1887 1327 autem
1918 1283 2000 1325 hoc
2031 1297 2121 1324 esse

153 1363 374 1414 destiterit,
414 1378 556 1418 neque
586 1377 693 1404 vera
721 1376 865 1417 neque
895 1365 1002 1402 salsa
1031 1376 1152 1416 sunt;
1186 1376 1230 1405 ut
1261 1377 1335 1405 aut
1363 1368 1517 1406 stultus
1549 1376 1609 1408 est
1636 1366 1707 1408 ille
1738 1375 1812 1407 aut
1842 1364 2008 1420 sapiens
2040 1371 2121 1414 est;

154 1443 224 1483 ille
263 1442 476 1498 quamdiu
514 1442 640 1494 vivit,
696 1441 856 1483 horum
901 1441 1084 1483 alterum
1129 1457 1286 1484 verum
1328 1453 1409 1496 est3
1455 1457 1594 1498 quum
1634 1444 1723 1499 ipse
1766 1458 1855 1484 esse
1898 1442 2121 1486 destiterit,

152 1533 339 1579 utraque
368 1523 473 1565 falsa
505 1532 626 1573 sunt,
683 1523 810 1577 quia,
849 1523 926 1577 qui
970 1537 1056 1563 non
1104 1532 1185 1573 est,
1242 1538 1384 1579 neque
1428 1524 1579 1565 stultus
1639 1538 1783 1579 neque
1820 1523 1986 1579 sapiens
2031 1536 2122 1564 esse

155 1614 301 1661 potest.
359 1606 416 1646 At
452 1619 557 1647 vero
590 1604 739 1646 Cicero
770 1604 956 1660 disputat
1005 1612 1046 1643 et
1088 1602 1239 1644 Cicero
1280 1619 1365 1644 non
1396 1603 1583 1659 disputat
1629 1604 1686 1644 ita
1714 1604 1794 1644 sibi
1824 1612 2121 1660 opponuntur,

155 1697 203 1728 ut
234 1696 273 1728 et
302 1686 409 1728 dum
440 1686 546 1728 vivit
577 1685 726 1726 Cicero
774 1684 959 1726 alterum
1006 1697 1160 1725 eorum
1190 1683 1425 1724 necessario
1455 1683 1528 1734 sit,
1568 1692 1608 1724 et
1639 1684 1729 1739 ipso
1758 1693 1930 1725 mortuo
1965 1684 2124 1725 falsum

158 1778 220 1810 est
253 1767 430 1823 quidem
471 1766 590 1823 quod
626 1766 833 1822 disputat,
881 1780 1037 1807 verum
1068 1775 1214 1807 tamen
1247 1775 1309 1807 est
1338 1765 1457 1822 quod
1489 1781 1576 1807 non
1611 1765 1810 1822 disputat.
1870 1765 1964 1808 Hoc
1994 1766 2122 1808 modo

156 1850 455 1892 discernuntur
491 1848 599 1889 haec
637 1848 746 1889 bene
781 1847 835 1888 ab
872 1846 1024 1888 habitu
1056 1854 1185 1901 atque
1219 1846 1462 1898 orbatione;
1502 1860 1605 1887 nam
1637 1846 1714 1901 qui
1743 1861 1828 1887 non
1860 1855 1942 1898 est,
1980 1860 2124 1901 neque

159 1944 308 1971 caecus
348 1938 408 1969 est
461 1944 606 1984 neque
652 1928 814 1971 videns.
885 1928 977 1969 Nec
1018 1940 1121 1966 sane
1161 1938 1386 1976 moveare,
1438 1924 1556 1981 quod
1587 1924 1788 1967 videmur
1817 1925 1905 1980 jam
1937 1924 1990 1966 de
2021 1939 2123 1978 pro·-

158 2011 314 2067 loquiis
346 2010 510 2066 aliquid
540 2010 716 2061 dixisse,
759 2009 814 2051 de
859 2009 1017 2066 quibus
1053 2015 1198 2064 postea
1234 2004 1467 2047 dicendum
1502 2014 1584 2060 est3
1626 2004 1710 2047 hoc
1738 2020 1930 2063 namque
1960 2006 2123 2048 factum

161 2099 223 2132 est
252 2090 472 2132 occasione
502 2090 809 2147 oppositorum.

236 2264 463 2313 oppositorum]
491 2265 548 2299 Sie
574 2266 709 2300 Grotius
728 2267 837 2300 neseio
855 2267 940 2300 unde
961 2279 1020 2313 pro
1042 2281 1113 2302 con-
1243 2269 1381 2300 alterum
1405 2265 1536 2313 eorum]
1562 2267 1652 2310 Lege
1680 2268 1832 2301 »alterum
1857 2278 1994 2300 verium«
2019 2263 2124 2299 Gnor·

162 2329 352 2367 trariorum,
374 2329 462 2372 quod
483 2329 515 2360 in
534 2329 797 2361 antecedentibus
815 2330 1009 2362 editionibus
1030 2336 1116 2372 (ει-αἱς
1168 2350 1215 2357 --
1246 2331 1285 2363 In
1318 2331 1412 2362 editis
1442 2331 1591 2363 nimirum
1620 2337 1696 2376 post
1722 2333 1860 2364 alterum
1885 2331 2003 2373 legitur
2028 2340 2125 2377 vero,

162 2394 248 2422 reete
278 2389 390 2432 procul
415 2389 529 2430 dubio,
559 2403 658 2433 quum
684 2403 792 2423 earum
817 2392 995 2437 specierum
1018 2394 1117 2426 altera
1168 2393 1255 2438 quod
1279 2398 1386 2424 tamen
1403 2404 1502 2435 quum
1523 2405 1542 2424 a
1565 2393 1730 2425 codicibus
1750 2392 1999 2427 Monacensibus
2015 2389 2066 2433 (C.
2082 2387 2123 2431 F)

163 2458 286 2485 tantum
312 2452 351 2483 ad
377 2455 542 2484 contraria
564 2454 732 2497 pertineat.
1169 2464 1201 2490 et
1216 2456 1468 2489 Darmstattensi
1479 2456 1573 2497 absit,
1593 2468 1726 2501 prorsus
1742 2456 1851 2496 omisi3
1871 2454 1988 2498 pariter
2003 2456 2039 2483 ut
2050 2463 2125 2483 11¹⁰!

236 2522 294 2548 aut
310 2514 441 2561 stultus]
460 2516 488 2546 E
509 2516 673 2548 codicibus
689 2518 877 2552 monacensi
890 2519 946 2564 (C)
958 2526 991 2552 et
1005 2520 1118 2552 Darm-
1170 2526 1246 2553 aute
1272 2531 1357 2551 »non
1395 2520 1554 2564 disputat«
1587 2532 1699 2553 vocem
1730 2520 1841 2552 Cicero
1876 2528 1917 2548 ex
1940 2514 2127 2547 auctoritate

164 2578 313 2610 stattensi
335 2577 465 2622 reposui
488 2583 546 2610 aut
560 2596 607 2601 —
621 2585 696 2618 aut,
724 2592 822 2624 quum
843 2582 940 2623 vulgo
965 2595 1022 2628 per
1047 2583 1120 2616 sim-
1171 2582 1437 2617 Darmstattensis
1453 2582 1568 2625 delevi,
1590 2595 1685 2627 quam
1700 2581 1797 2614 nimio
1813 2578 2047 2625 perspicuitatis
2061 2584 2127 2610 stu·

165 2641 281 2688 plicem
308 2641 456 2687 copulam
477 2647 510 2678 et
533 2642 709 2676 sententiae
726 2643 946 2688 jungerentur.
1175 2647 1228 2681 dio
1250 2646 1373 2679 librarii
1393 2646 1554 2679 addidisse
1577 2646 1732 2679 videntur.

1682 2706 1730 2739 46
