2310 2860
729 148 928 190 Martiani
967 146 1166 204 Capellae
1204 147 1275 188 lib.
1301 147 1376 188 Vl.
1416 149 1445 199 ᾗ.
1471 147 1571 189 659.
2055 148 2147 193 559

191 257 375 302 tenditur
401 256 589 299 millibus
614 255 804 297 ducentis
827 254 1110 310 septuaginta3
1141 253 1316 295 latitudo
1349 253 1658 309 quinquaginta
1681 255 1813 297 millia
1843 270 1927 297 non
1959 257 2143 310 excedit3

189 338 390 379 circuitus
432 338 569 379 omnis
612 336 849 393 quingentis
889 335 1095 391 octoginta
1135 343 1228 376 octo
1269 334 1458 375 millibus
1496 344 1626 390 patet,
1684 338 1899 379 montibus
1938 338 2065 381 Idaeo
2105 350 2145 381 et

190 418 455 473 Dictynnaeo
492 417 759 459 sublimibus.
834 417 1012 457 Euboea
1059 431 1160 457 vero
1199 417 1393 458 Boeotiae
1446 418 1670 459 continenti
1713 419 1880 461 modico
1920 430 2048 476 atque
2086 421 2143 462 ita

190 498 345 554 exiguo
385 499 495 540 mari
533 498 800 539 interfluente
831 497 1104 548 discernitur,
1148 507 1196 538 ut
1225 499 1487 554 plerumque
1526 509 1651 555 ponte
1689 500 1901 556 jungatur.
1959 502 2142 543 Duobus

190 580 511 635 promontoriis,
543 579 594 620 ad
625 580 805 620 Atticam
837 593 989 620 versus
1021 580 1220 630 Geram,
1261 589 1300 621 et
1331 580 1384 621 ad
1416 581 1737 636 Hellespontum
1764 582 1986 637 Caphareo
2017 580 2145 621 deco-

188 671 321 704 ratur.
382 663 522 717 Hujus
562 661 739 703 latitudo
783 662 894 703 ultra
932 661 1169 702 secundum
1214 662 1462 703 milliarium
1494 662 1603 702 intra
1636 661 2012 716 quadragesimum
2043 675 2144 702 con-

189 745 391 795 trahitur,
442 743 660 799 longitudo
690 744 815 785 totius
846 744 1042 785 Boeotiae
1073 744 1124 785 ab
1156 744 1292 785 Attica
1341 759 1480 799 usque
1509 744 1776 784 Thessaliam
1807 753 1978 784 eentum
2017 742 2144 796 quin-

190 826 389 880 quaginta
420 825 610 865 millibus
644 835 920 878 numeratur3
963 825 1305 867 circumferentia
1339 840 1442 866 vero
1482 825 1675 866 trecentis
1706 827 1919 880 sexaginta
1950 824 2144 879 quinque

188 907 377 948 millibus
417 906 638 961 explicata.

190 989 442 1030 marmoreis
482 988 682 1028 [luctibus
727 986 962 1027 concolora.

711 906 852 960 Hujus
897 906 1104 962 oppidum
1148 904 1320 947 Calcida
1362 919 1415 945 ex
1454 904 1633 946 adverso
1676 905 1818 955 Aulis,
1865 914 1905 946 et
1945 904 2143 959 Carystos

1042 985 1092 1026 In
1130 986 1301 1040 Myrtoo
1345 994 1487 1025 autem
1529 985 1639 1026 mari
1677 985 1902 1040 Cyclades,
1955 1000 2143 1040 quarum
2174 984 2264 1027 660

188 1067 370 1109 notiores
410 1067 541 1107 Delos
585 1076 624 1108 et
664 1066 924 1108 Antandros:
964 1081 1076 1121 quae
1119 1067 1298 1108 nomina
1336 1080 1361 1107 a
1406 1066 1610 1108 circulata
1652 1067 1914 1109 ordinatione
1956 1067 2145 1119 sortitae,

262 1205 423 1248 octoqae‘nta
450 1202 531 1249 octo]
559 1204 697 1236 Monada
720 1205 839 1247 largior
861 1205 997 1238 Plinius.
1013 1205 1118 1238 Gnow.

262 1266 478 1312 Dictynnaeo]
506 1269 602 1299 Forte
624 1269 728 1300 Dicte.
765 1269 912 1302 Meminit
935 1270 1143 1302 Ptolemaeus

188 1336 221 1362 et
235 1331 529 1375 poetae.Gnor.—
557 1331 612 1362 Ad
630 1332 746 1363 librum
765 1332 1066 1374 Nol-imbergcnsem
1091 1333 1144 1364 ad-

189 1396 342 1440 scriptum
369 1395 433 1436 legi
459 1396 658 1435 Dictz'mne03
692 1396 749 1427 scd
778 1396 870 1427 male.
904 1396 1030 1428 Nomen
1060 1396 1144 1427 enim

187 1456 310 1487 Dianae
332 1457 416 1500 apud
444 1456 620 1488 Cretenses
643 1458 808 1499 Dictynna
837 1463 920 1497 erat,
951 1463 1145 1501 quapropter

188 1519 318 1552 omnino
352 1521 556 1562 Dictynnaeo
584 1520 771 1562 legendum,
811 1526 847 1552 ut
880 1521 964 1564 apud
995 1520 1145 1553 Solinum

187 1593 317 1626 quoque
339 1581 418 1625 (ll,
445 1580 490 1624 6).

263 1642 424 1688 Ger-asto]
462 1643 549 1685 Lege
580 1644 746 1675 Geraesto.
763 1643 861 1675 Mela.
883 1643 1049 1676 Gnor.—
1083 1643 1145 1679 Γε-

191 1705 334 1754 ραστὸς
367 1707 496 1752 quidem
528 1707 742 1750 Etymologus
773 1712 806 1738 et
825 1706 981 1738 Libanius
1013 1707 1146 1739 oration.

187 1784 218 1816 p.
229 1772 313 1804 245.
339 1771 462 1803 Neuter
477 1770 554 1802 satis
571 1771 746 1802 emendate.
775 1770 886 1802 Schol.
902 1776 933 1802 et
951 1770 1146 1814 Geograplii,

189 1832 326 1873 Suidas,
361 1832 524 1864 Aristides
553 1832 585 1872 Ι,
625 1834 691 1872 59,
730 1833 911 1871 Homerus,
942 1832 1147 1872 Herodotus,

187 1896 383 1928 Plutarchus
407 1896 536 1929 Camill.
560 1897 648 1935 158,
674 1895 744 1935 alii,
765 1891 974 1940 Γεραιότὸν
996 1895 1147 1927 scribunt.

188 1957 369 2001 Procopius
392 1957 432 1988 B.
453 1956 496 1991 G.
519 1956 585 1997 IV,
620 1957 694 1988 629
722 1956 765 1991 ἐν
787 1955 960 2002 Γερεῦτῴ
990 1963 1147 2000 corrupte-

188 2019 365 2053 Martianus
384 2019 541 2051 „Gerasto
557 2022 589 2049 et
604 2018 799 2062 Caph-area«
823 2018 870 2049 At
885 2017 1030 2059 Solinus,
1053 2031 1147 2063 quem

188 2083 233 2115 ibi
260 2082 429 2123 exscribit,
461 2083 618 2115 Geraesto
642 2087 716 2126 post
740 2082 858 2115 Melam
881 2087 913 2113 et
930 2082 1070 2113 Plinium
1094 2095 1147 2114 ex-

188 2147 286 2178 hibet.
327 2146 367 2178 ln
389 2146 548 2178 Martiano
567 2158 645 2189 *uon
668 2145 790 2177 variant
814 2152 879 2178 tres
911 2146 1022 2179 MSS.
1042 2159 1147 2190 neque

189 2206 223 2240 in
244 2207 360 2241 Selino
385 2208 701 2239 PetrensisJVAssn
727 2207 779 2252 (ad
805 2208 998 2252 Thucyd.5,
1026 2208 1072 2251 5).

265 2271 362 2301 totius
377 2268 541 2315 Boeotiae]
563 2270 717 2301 Euboeae
735 2270 818 2310 vult,
841 2270 898 2302 sed
919 2270 1064 2314 imperite
1081 2270 1147 2301 Pli-

542 2331 598 2375 qui
631 2331 677 2363 sic
707 2332 762 2375 (4,
803 2332 864 2373 12,
899 2333 978 2376 21);
1005 2332 1081 2364 used
1115 2332 1148 2364 in

190 2393 426 2436 longitudinem
453 2396 623 2427 universae
643 2397 795 2428 Boeotiae
817 2396 856 2428 ab
882 2395 993 2429 Attica
1012 2398 1149 2429 Thessa-

190 2329 278 2363 nium
308 2331 495 2375 exscripsit,

191 2455 266 2489 liam
290 2467 394 2500 usque
418 2461 587 2498 praetenta
614 2456 648 2488 in
673 2458 730 2490 CL
757 2458 856 2490 millia
881 2471 1040 2503 passuum

268 2515 419 2562 Calcida]
446 2517 534 2559 Lege
564 2517 717 2550 Chalcida
742 2532 800 2563 pro
824 2520 964 2553 Chalcis.
995 2521 1080 2554 Vide
1102 2520 1149 2552 in-

192 2582 248 2613 fra.
269 2580 374 2615 Gnor.
392 2599 439 2605 —-
473 2580 635 2626 Caryston
665 2588 698 2616 et
723 2583 878 2617 Chalcida
908 2585 994 2620 Mela
1022 2596 1150 2630 quoque

1194 1209 1247 1252 (2,
1276 1210 1310 1250 75
1335 1222 1366 1254 p.
1383 1210 1431 1242 45
1449 1210 1469 1241 s.
1487 1209 1603 1254 Voss.)
1628 1215 1778 1255 tanquam
1796 1210 2051 1253 opulentissimas
2073 1219 2145 1240 eon-

1189 1272 1307 1315 jungit.

1270 1337 1457 1367 mar-rnoreis
1473 1334 1639 1380 fluctibus]
1658 1336 1693 1368 Μ
1701 1335 1734 1368 S.
1750 1348 1916 1368 marmore.
1942 1335 2031 1378 Lege
2050 1346 2147 1367 »mar-

1194 1397 1275 1428 mori
1299 1398 1477 1429 ssuctibns.«
1495 1399 1598 1431 Gnor.
1614 1418 1660 1422 -—-
1688 1400 1792 1441 Lege:
1817 1405 1867 1430 »et
1889 1400 2044 1442 Carystos
2066 1411 2146 1430 mar-

1195 1470 1282 1490 more
1308 1459 1458 1490 fluctibus
1486 1460 1685 1500 conc-olore«,
1713 1472 1794 1504 quae
1820 1472 1957 1491 marmor
1984 1460 2080 1491 habet
2105 1460 2147 1492 vi-

1195 1521 1264 1552 ride
1297 1526 1329 1551 et
1362 1521 1511 1553 fluctibus
1552 1522 1713 1556 concolor.
1764 1521 1890 1555 Statius
1924 1522 1963 1554 dc
2002 1521 2149 1565 Carystio

1196 1595 1368 1616 marmore:

1246 1666 1294 1671 ——
1311 1665 1357 1670 ——
1376 1665 1424 1670 ——
1441 1662 1452 1676 n
1459 1653 1491 1679 et
1506 1648 1652 1680 concolor
1674 1649 1739 1680 alto

1252 1710 1348 1741 Vena
1370 1710 1480 1740 mari.«

1197 1770 1339 1804 Samus.
1362 1771 1415 1814 (ad
1439 1770 1544 1803 Solin.
1564 1783 1594 1815 p.
1616 1771 1757 1814 177)-
1780 1771 1884 1814 Magis
1908 1772 2002 1804 etiam
2020 1771 2060 1803 ad
2082 1772 2148 1804 vul-

1197 1840 1301 1877 gatam
1323 1834 1444 1866 accedit
1468 1834 1591 1866 Barthii
1615 1835 1751 1879 (advers.
1771 1849 1802 1880 p.
1819 1836 1928 1880 1498)
1954 1836 2152 1878 conjectura:

1205 1907 1378 1927 „marmora
1406 1895 1452 1927 eis
1478 1896 1628 1928 fluetibus
1658 1898 1865 1939 concolora«,
1897 1903 2092 1944 quapropter
2119 1897 2154 1929 iu

1197 1971 1231 1991 re
1251 1959 1371 1992 ineerta
1396 1971 1521 1992 servare
1544 1961 1702 2003 vulgatam
1721 1962 1865 2007 quamvis
1894 1968 2075 2006 corruptam
2103 1973 2148 1992 sa-

1198 2021 1261 2053 tius
1291 2021 1376 2052 duxi.
1410 2022 1460 2053 Dc
1489 2022 1638 2066 Carystio
1666 2035 1821 2055 marmore
1848 2024 1940 2068 plura
1963 2023 2050 2055 dabit
2074 2022 2147 2054 Cel-

1197 2083 1296 2115 larius
1320 2084 1370 2128 (T.
1396 2083 1429 2124 I,
1455 2097 1486 2128 p.
1506 2085 1632 2128 1255),
1663 2097 1748 2118 mare
1776 2092 1881 2117 autem
1904 2087 2071 2117 marmoris
2093 2096 2146 2116 no-

1197 2147 1282 2180 mine
1314 2147 1483 2189 significari
1514 2149 1641 2193 saepius
1668 2150 1776 2182 monui
1804 2149 1845 2195 (ξ.
1862 2151 1920 2182 92.
1947 2150 2030 2184 584.
2052 2148 2148 2191 908)-

1274 2210 1443 2257 circulata]
1463 2213 1549 2245 Mela
1564 2214 1612 2259 (2,
1635 2215 1673 2255 73
1697 2227 1727 2258 p.
1740 2215 1788 2247 44
1803 2214 1929 2256 Voss.):
1943 2213 2033 2256 »quia
2048 2211 2081 2243 in
2100 2223 2147 2242 or-

1199 2273 1272 2305 bem
1287 2273 1407 2315 jacent,
1427 2274 1585 2318 Cyclades
1601 2275 1703 2308 dietae
1722 2281 1804 2307 sunt.
1813 2290 1824 2303 α
1851 2274 1995 2305 Eandem
2014 2273 2150 2305 nominis

1199 2335 1353 2367 rationem
1370 2337 1492 2380 profert
1505 2337 1681 2381 Dionysius
1698 2337 1829 2381 (perieg.
1843 2336 1936 2378 526).
1952 2334 2046 2366 Adde
2060 2334 2147 2366 Stra-

1199 2396 1316 2429 bouem
1334 2398 1412 2441 (10,
1437 2411 1467 2443 p.
1483 2400 1566 2431 474.
1589 2400 1673 2431 483.
1696 2398 1784 2441 488)
1808 2403 1840 2429 et
1855 2397 2058 2428 Ammianum
2077 2396 2149 2440 (22,

1201 2460 1241 2499 73
1276 2472 1309 2503 p.
1326 2460 1399 2492 228
1424 2460 1664 2503 Lindenbrog)
1695 2460 1846 2492 Ceterum
1871 2457 2006 2501 plurima
2030 2464 2150 2497 noster,

1201 2520 1276 2553 dum
1304 2521 1446 2553 Plinium
1478 2523 1533 2567 (4,
1567 2523 1629 2563 12,
1663 2522 1710 2553 25
1737 2526 1769 2551 et
1798 2519 1859 2562 24)
1879 2519 2066 2552 festinanter
2097 2533 2148 2552 cx-

1202 2584 1343 2630 scripsit,
1369 2586 1604 2633 imperitissime
1628 2583 1776 2617 turbavit.
1800 2583 1954 2624 Primum,
1981 2584 2066 2628 quod
2082 2585 2149 2616 An-

1671 2642 1757 2678 68ss
