2310 2860
165 508 254 553 455
283 510 563 551 memorabat.

288 162 377 204 592

875 159 1073 201 Martiani
1104 158 1303 215 Capellae
1332 159 1405 202 lib.
1431 158 1484 200 V.
1516 160 1547 211 ᾗ.
1573 160 1678 202 454.

166 261 259 306 451
292 267 475 308 feminac
516 266 702 322 auspicio
743 267 1030 323 praevolabat.
1088 265 1165 307 Ille
1190 273 1334 306 autem
1359 265 1435 320 qui
1459 266 1645 321 gestabat
1668 266 1900 322 virgulam,
1930 270 2066 311 Tisias
2095 271 2243 321 dictus,

288 347 533 401 cunctisque
558 349 761 389 vetustior
787 357 914 403 atque
937 347 1083 388 elatior
1114 345 1340 388 videbatur
1350 360 1363 399 ;
1393 361 1495 388 nam
1521 356 1561 388 et
1585 361 1682 389 suos
1708 348 1894 389 minores
1924 359 2096 402 ceteros,
2127 351 2243 392 illam

286 430 421 484 ipsam
470 428 627 470 ducem
677 439 915 486 respectans
962 426 1278 485 s'nperpositum
1327 442 1508 469 corvum
1556 443 1787 469 commune
1829 429 1981 484 pignus
2027 430 2244 485 filiamque

645 510 744 559 Quo
795 520 1045 565 argumento
1094 508 1297 551 commoti
1348 508 1629 563 quamplures
1686 509 1868 550 deorum
1928 524 2023 550 eam
2069 512 2244 566 quidem

282 590 588 631 nobilissimam
628 589 856 640 feminam,
914 589 989 631 sed
1028 599 1102 631 aut
1139 588 1344 644 Apollinis
1385 588 1603 630 credidere
1643 600 1885 645 cognatam,
1936 591 1971 632 si
2011 592 2142 646 Graja
2172 603 2244 645 est,

287 678 381 720 aut,
432 669 465 708 si
506 668 720 709 Romulea
763 667 814 708 de
853 677 992 723 gente,
1048 667 1236 709 Corvini.

1306 670 1387 710 Cui
1430 671 1653 726 aenigmati
1695 672 1801 714 illud
1841 673 2077 726 adjectum,
2130 673 2242 726 quod

283 749 492 805 intrepida
524 758 563 789 et
592 748 773 790 fiduciae
815 749 1056 803 promtioris
1098 759 1182 791 tam
1231 749 1410 791 Palladis
1456 765 1588 805 quam
1630 752 1761 807 ipsius
1794 752 1976 808 Cyllenii
2007 753 2242 795 deosculata

285 841 431 887 pectus
463 830 686 885 cujusdam
732 832 999 887 propinquae
1032 832 1325 873 familiaritatis
1369 831 1521 872 indicia
1551 832 1784 887 patefecit.·
1824 833 2020 888 Denique
2053 833 2244 875 nonnulli

284 912 493 967 superum
529 925 668 966 quum
705 911 747 952 in
779 912 1052 967 trepidatione
1083 912 1289 954 buccinae
1317 913 1596 968 praecinentis
1637 923 1676 954 et
1713 912 1992 955 admiratione
2036 913 2244 955 amicitiae.

283 1006 543 1047 superorum
580 992 729 1034 incerti
765 991 922 1035 diutius
957 992 1241 1036 divinatorem
1277 992 1502 1036 Phoebum
1543 1003 1748 1052 cuperent
1785 994 2006 1048 sciscitari,
2049 994 2242 1038 nondum

284 1151 372 1183 nium
388 1151 420 1183 iu
443 1150 555 1184 Sicilia
574 1152 776 1195 eloquentiae
800 1158 898 1184 artem
916 1158 949 1185 et
968 1158 1137 1197 praecepta
1163 1164 1237 1185 con-

285 1212 404 1243 didisse
435 1214 550 1253 fertur,
580 1214 735 1246 Coracem
771 1213 1006 1258 Syracusanum
1035 1215 1142 1246 Tisiac
1173 1227 1236 1246 ma-

284 1275 436 1317 gistrum;
462 1276 516 1320 qui
542 1289 639 1319 quum
662 1277 847 1320 plerumque
872 1277 966 1308 simul
989 1288 1236 1309 commemoren-

283 1342 349 1377 tur,
375 1338 485 1369 confer
509 1338 637 1369 omuino
665 1338 854 1370 Ciceronem
879 1338 983 1382 (Brut.
1003 1339 1067 1378 123
1096 1338 1134 1369 de
1159 1343 1236 1368 orat.

285 1399 325 1437 1,
347 1398 429 1441 20),
455 1399 707 1441 Quinctilianum
727 1400 780 1442 (2,
810 1401 873 1439 17,
904 1401 943 1439 73
969 1412 1000 1443 p.
1018 1400 1102 1432 577.
1133 1401 1175 1438 5,
1199 1400 1236 1439 1,

282 1464 322 1501 83
349 1475 379 1506 p.
398 1462 506 1505 421),
536 1463 671 1495 Sextum
697 1462 894 1507 Empiricum
915 1463 1003 1507 (adv.
1028 1465 1177 1497 mathcm.
1197 1463 1236 1504 2,

280 1524 347 1563 96,
374 1537 404 1567 p.
419 1526 492 1556 506
516 1524 634 1568 Fabia),
659 1530 690 1556 et
710 1525 794 1557 inter
814 1525 1008 1557 recentiores
1025 1525 1236 1569 Spengelium

279 1588 353 1631 (art.
377 1588 482 1631 script.
509 1601 539 1632 p.
561 1589 609 1620 25
637 1588 746 1632 sequ.)
772 1594 805 1621 et
829 1588 1120 1620 W'Vestcrmannum
1144 1589 1236 1633 (loeo

282 1650 377 1682 citato
399 1664 430 1694 p.
447 1651 634 1693 55—58).

357 1714 444 1744 illam
460 1712 573 1758 ipsam]
601 1713 639 1744 In
663 1713 756 1744 editis
777 1718 846 1744 erat
867 1715 968 1757 ipsam
987 1715 1060 1753 illa,
1088 1726 1146 1758 pro
1170 1725 1234 1758 quo

277 1774 343 1814 jam
376 1774 509 1805 Grotius
536 1776 622 1806 illum
651 1775 853 1807 scribendum
876 1787 895 1806 e
921 1776 994 1808 MS.
1014 1777 1111 1816 vidit3
1148 1776 1234 1820 quod

282 1837 430 1880 equidem
458 1839 659 1881 transpositis
690 1839 795 1870 verbis
821 1839 953 1883 scripsi,
978 1840 1141 1872 codicibus
1164 1840 1234 1872 Mo-

281 1901 410 1932 nacensi
435 1901 490 1944 (C)
514 1908 545 1932 et
567 1902 813 1934 Dal-mstattcnsi
837 1903 955 1935 nititur.
981 1903 1109 1936 Vellem
1129 1910 1234 1935 autem

281 1971 312 1996 ct
329 1966 415 1996 illam
437 1965 562 1996 codices
581 1966 820 2007 exhibuissent,
841 1973 877 1998 ut
899 1973 1057 1999 structura
1080 1968 1232 1999 orationis

281 2026 393 2057 melius
420 2032 595 2065 constaret3
628 2039 742 2059 sensus
769 2028 852 2060 enim
873 2029 978 2061 clarus
999 2035 1064 2065 est,
1094 2041 1159 2061 non
1183 2041 1233 2061 so-

282 2087 347 2118 lum
368 2087 513 2127 juniores
538 2089 612 2119 illos
636 2090 794 2130 oratores,
818 2102 927 2121 verum
952 2091 1046 2122 etiam
1070 2091 1171 2134 ipsam
1197 2091 1234 2122 il-

281 2147 384 2180 lorum
409 2149 520 2179 ducem
545 2149 748 2182 sslictorieam
777 2163 943 2183 commune
967 2152 1101 2184 Coraeis
1125 2158 1157 2184 et
1180 2153 1233 2184 Ti-

282 2211 347 2241 siae
372 2212 509 2253 piquns,
536 2210 567 2241 id
599 2217 649 2242 est
675 2211 774 2253 filiam
799 2213 879 2253 diei,
916 2213 1073 2256 siquidem
1098 2216 1234 2257 ρίφιονα

275 2272 342 2313 jam
367 2273 492 2315 saepius
516 2284 572 2315 pro
595 2273 701 2304 liberis
727 2273 789 2305 diei
816 2274 1093 2308 animadvertimus
1115 2275 1157 2320 (ἓ.
1175 2277 1234 2308 25.

281 2336 338 2367 52.
364 2337 420 2367 91.
449 2336 543 2377 130).

353 2396 525 2441 feminam]
551 2396 623 2430 MS.
649 2409 759 2430 vocem
782 2401 919 2442 primam
943 2413 1008 2433 non
1036 2400 1148 2442 habet3
1175 2399 1232 2432 sed

280 2470 338 2502 pro
364 2471 400 2490 ca
422 2459 486 2490 sed.
513 2459 615 2500 Lege:
640 2471 729 2490 neam
749 2461 876 2503 quidem
894 2462 1123 2494 nobilissimam
1144 2462 1231 2494 femi-

281 2534 351 2552 nam
374 2522 525 2565 primum,
550 2522 606 2553 sed
632 2527 703 2554 aut«
733 2529 792 2556 etc.
809 2523 968 2556 Guor.—
992 2525 1140 2559 Obscura
1156 2527 1234 2557 haec

280 2586 441 2617 annotatio
470 2591 535 2626 est.
576 2598 670 2631 quam
705 2598 769 2619 non
804 2587 948 2620 intellexi
980 2589 1040 2621 nisi
1079 2588 1233 2635 inspeetis

1288 1153 1500 1185 anterioribus
1527 1153 1738 1194 editionibus,
1765 1153 1798 1185 iu
1824 1154 1940 1198 quihus
1966 1152 2158 1186 Grotianum
2187 1153 2244 1184 sed

1287 1222 1361 1259 post
1382 1216 1571 1247 vocabulum
1591 1218 1728 1258 primam
1746 1215 1930 1258 neutiquam
1950 1215 2084 1256 legitur,
2111 1214 2241 1246 collato-

1289 1291 1350 1322 que
1373 1279 1482 1311 codicc
1505 1279 1769 1318 Darmstattensi,
1800 1291 1817 1309 a
1835 1290 1898 1322 quo
1925 1290 1988 1309 vox
2010 1280 2148 1321 primam
2168 1278 2243 1308 item

1288 1343 1387 1373 abest.
1421 1342 1492 1373 Hac
1527 1342 1622 1383 igitur
1647 1342 1752 1373 deleta
1778 1342 1875 1373 verba
1901 1353 1986 1373 nunc
2006 1341 2243 1382 intelligunturz

1295 1405 1476 1437 »credidere
1499 1406 1580 1437 lianc
1598 1405 1746 1437 seminam
1764 1405 1992 1436 nobilissimam
2009 1410 2064 1436 aut
2078 1403 2243 1448 Apollinis

1288 1472 1570 1507 cognatam—aut
1587 1466 1719 1499 Corvini
1738 1467 1904 1508 gentilem«
1921 1466 2069 1498 nimirum
2085 1478 2149 1498 non
2158 1466 2242 1497 Mes·

1287 1528 1373 1560 salae
1401 1528 1503 1567 illius,
1535 1528 1573 1558 dc
1604 1539 1668 1570 quo
1702 1539 1797 1571 supra
1829 1526 1870 1571 (ἓ.
1899 1528 2003 1570 243),
2034 1527 2092 1559 sed
2123 1526 2240 1558 veteris

1286 1591 1424 1631 Valerii,
1457 1591 1511 1634 qui
1533 1602 1551 1621 a
1574 1602 1669 1621 corvo
1696 1590 1847 1622 victoriae
1879 1590 2024 1631 adjutore
2048 1590 2147 1622 Corvi
2169 1601 2241 1630 cog-

1285 1665 1402 1685 nomen
1433 1654 1597 1684 invenerat
1617 1653 1700 1697 (Liv.
1719 1654 1751 1693 7,
1773 1653 1832 1684 26.
1851 1653 1925 1684 val.
1950 1653 2037 1684 Max.
2059 1654 2099 1692 8,
2130 1654 2187 1691 15,
2210 1653 2241 1683 3.

1287 1716 1373 1749 Gell.
1388 1717 1427 1755 9,
1452 1717 1510 1750 ll.
1525 1714 1606 1746 Aur.
1629 1715 1744 1748 Victor
1764 1716 1803 1747 de
1830 1716 1884 1746 vir.
1907 1716 2022 1747 illustr.
2039 1715 2112 1758 29).
2139 1714 2241 1758 Apol-

1285 1780 1342 1811 lini
1360 1785 1464 1810 autcm
1483 1791 1611 1810 corvum
1631 1791 1767 1819 sacrum,
1787 1779 1941 1822 quidquid
1955 1779 2147 1823 obloquatur
2161 1779 2241 1810 Cor-

1284 1849 1382 1874 nutus
1401 1842 1481 1886 (52,
1508 1855 1539 1886 p.
1559 1843 1629 1873 221
1655 1842 1754 1885 Gal.)‚
1780 1848 1916 1874 testatur
1941 1841 2079 1874 Ovidius
2099 1842 2187 1886 (met.
2207 1843 2240 1881 5,

1283 1904 1388 1947 529),
1415 1904 1470 1947 qui
1493 1903 1543 1934 vel
1565 1909 1720 1934 mutatum
1745 1903 1777 1935 in
1801 1904 1887 1936 eorvi
1906 1904 2039 1946 figuram
2066 1903 2162 1935 deum
2186 1915 2239 1934 au-

1284 1972 1354 1998 ctor
1385 1970 1454 2004 est,
1490 1965 1576 1996 unde
1607 1970 1639 1996 et
1667 1965 1862 2008 »Delphicus
1895 1965 1980 1996 ales«
2013 1964 2192 2009 appellatur
2221 1975 2239 1994 a

1283 2027 1439 2060 Petronio
1462 2026 1515 2069 (de
1537 2026 1623 2057 bello
1642 2026 1727 2058 civili
1753 2027 1853 2068 177),
1880 2027 1998 2070 quippe
2018 2026 2074 2069 qui
2100 2024 2238 2065 auguriis

1284 2089 1446 2134 capiendis
1474 2089 1609 2120 maxime
1641 2089 1778 2121 idoneus
1809 2090 1978 2120 haberetur
2002 2087 2085 2130 (Cic.
2114 2086 2178 2121 div.
2206 2089 2237 2128 1,

1284 2152 1343 2185 59.
1369 2151 1483 2181 Horat.
1503 2150 1553 2181 od.
1571 2151 1611 2189 5,
1639 2150 1699 2190 27,
1728 2149 1797 2192 11).

1361 2209 1510 2255 Cyllenii]
1538 2210 1690 2243 Mercurii
1715 2221 1787 2241 cum
1811 2207 1994 2251 eloquentia
2017 2209 2238 2250 cognationem

1284 2286 1367 2307 unus
1393 2273 1521 2304 Horatii
1544 2285 1655 2305 versus
1681 2273 1746 2316 (od.
1769 2273 1806 2312 1,
1836 2273 1899 2311 10,
1926 2272 1960 2315 1)
1983 2272 2062 2303 saris
2084 2273 2199 2317 aperit=

1342 2338 1506 2370 »Illercuri’
1529 2336 1665 2368 facunde
1690 2347 1787 2378 nepos
1808 2336 1981 2367 Atlantia«

1356 2396 1492 2442 diutius]
1518 2397 1606 2439 Lege
1622 2398 1721 2431 ocius.
1730 2397 1857 2428 Voxcu.
1874 2396 1976 2440 (spec.
1993 2396 2061 2428 crit.
2074 2408 2105 2440 p.
2119 2396 2235 2439 85)-

1281 2459 1369 2493 Nihil
1391 2460 1592 2492 mutandumz
1618 2460 1735 2492 etenim
1766 2460 1808 2492 ob
1840 2471 1952 2492 causas
1977 2459 2155 2503 praedictas
2181 2460 2235 2490 diu

1283 2523 1396 2556 incerti
1425 2529 1517 2556 erant
1540 2523 1583 2555 dii
1609 2523 1757 2556 minores.
1794 2523 1863 2556 Sed
1887 2535 1946 2568 pro
1977 2523 2028 2555 nin
2055 2523 2234 2567 trepidatio·

1284 2601 1356 2621 nem
1373 2593 1405 2621 ct
1424 2589 1682 2621 adunit-ationem«
1699 2588 1784 2634 apud
1801 2587 1951 2621 Grotium
1968 2598 2007 2619 ex
2024 2584 2233 2618 anterioribus
