2310 2860
58 682 140 723 291

172 172 260 215 298
745 165 944 209 Martiani
974 164 1174 222 Capellae
1203 164 1276 207 lib.
1295 162 1371 206 III.
1400 166 1432 217 ᾗ.
1453 163 1555 207 290.

181 292 370 335 quoque,
399 286 445 317 ut
466 275 609 326 altera,
639 274 740 326 sola,
770 275 853 315 illa.
888 274 1056 324 Quibus
1081 273 1113 313 si
1133 271 1330 314 detrahas
1349 272 1387 314 A
1405 281 1444 313 et
1461 273 1527 313 ius
1554 271 1699 325 addas,
1719 273 1951 329 genitivum
1981 274 2125 330 singu—

180 362 314 402 larem
336 357 496 409 feceris,
517 366 565 398 ut
587 356 767 398 dicimus
792 356 974 407 alterius,
1004 355 1146 406 solius,
1180 354 1313 408 illius;
1342 354 1376 395 si
1397 369 1499 396 vero
1524 355 1556 406 Ι,
1585 354 1793 407 dativum,
1814 365 1862 397 ut
1885 356 2015 408 alteri,
2037 357 2125 398 soli.

181 442 258 482 Illa
283 454 384 480 vcro
409 452 521 494 quae
541 447 638 479 sunt
658 438 822 480 Graeca
848 447 1010 488 neutra,
1039 447 1086 478 ut
1104 441 1271 492 poema,
1294 445 1504 488 toreuma,
1530 446 1610 478 tres
1633 452 1754 479 casus
1777 438 1820 479 in
1839 447 2024 492 utroque
2045 452 2127 478 nu-

180 534 298 561 mero
317 519 472 560 similes
496 519 654 561 habent
663 534 674 573 3
704 520 746 560 in
769 518 951 574 genitivo
969 518 1171 574 singulari
1192 520 1239 561 tis
1260 526 1493 569 assumunt,
1517 518 1558 559 in
1578 517 1720 560 dativo
1740 519 1767 560 S
1789 519 1996 572 amittunt,
2025 528 2064 560 et
2085 519 2125 561 in

179 600 213 641 E
228 610 466 656 correptam
485 601 716 642 ablativum
735 599 897 653 finiunt,
919 609 1046 655 atque
1062 599 1103 641 in
1124 599 1280 656 plurali
1297 599 1439 640 dative
1459 608 1498 640 et
1516 599 1700 641 ablativo
1715 599 1887 655 genitivi
1907 599 2127 655 singularis

174 680 356 722 sormam
379 691 562 733 servant,
581 682 677 723 licet
700 691 737 722 et
760 682 839 722 bus
859 669 1014 737 possint
1033 696 1261 723 assumere.
1293 680 1329 721 E
1348 690 1541 736 correpta
1560 681 1735 722 nomina
1756 683 1994 731 terminata,
2018 694 2128 735 quae

178 762 325 803 Latina
350 772 460 814 sunt,
489 773 642 804 neutra
664 772 773 814 sunt,
804 772 850 803 ut
871 763 1041 814 monile,
1071 762 1211 803 sedile.
1243 762 1359 804 Haec
1383 774 1550 819 praeter
1574 779 1708 816 casus,
1741 779 1848 820 quos
1867 763 2023 804 similes
2050 762 2127 802 ha-

177 837 288 892 beut,
312 842 507 883 dativum
526 852 566 883 et
586 843 820 884 ablativum
838 842 1116 893 confundunt,
1148 851 1193 882 ut
1214 842 1314 884 huie
1338 853 1376 884 et
1394 844 1446 885 ab
1470 845 1552 885 hoe
1569 845 1730 895 monili,
1751 843 1892 895 sedili,
1924 843 2125 897 quoniam

176 924 400 975 ablativus,
424 925 455 965 si
477 925 519 966 in
537 925 572 966 E
597 924 756 975 exierit,
789 933 976 978 quatuor
996 937 1116 964 casus
1140 922 1295 964 similes
1319 924 1455 976 faciet,
1488 924 1602 980 quod
1627 935 1880 965 neutrorum
1903 921 2127 963 nominum

176 1003 395 1045 declinatio
426 1019 511 1044 non
547 1004 735 1045 admittit.
775 1005 886 1044 Nam
917 1003 1080 1058 quaeE
1099 1002 1307 1058 producta
1338 1004 1381 1044 in
1411 1003 1674 1045 nominativo
1704 1002 1932 1053 finiuntur,
1964 1002 2130 1043 Graeca

176 1095 271 1124 sunt
304 1085 465 1138 generis
497 1084 712 1134 feminini,
758 1093 804 1124 ut
834 1085 997 1138 Agave,
1038 1084 1254 1134 Autonoe,
1287 1085 1554 1125 Graecorum
1587 1098 1708 1124 more
1738 1093 1835 1124 sunt
1866 1081 2126 1132 declinanda,

176 1172 222 1203 ut
258 1164 568 1214 nominativus,
622 1163 810 1213 dativus,
854 1163 1075 1203 vocativus
1116 1173 1155 1204 et
1196 1164 1405 1206 ablativus
1436 1180 1560 1221 pares
1589 1166 1689 1217 sint,
1734 1165 1944 1220 genitivus
1975 1166 2020 1214 S,
2057 1178 2126 1204 ae-

175 1243 388 1285 cusativus
414 1244 454 1284 N
479 1243 692 1284 finiantur.
734 1243 858 1292 Quae
889 1243 1062 1284 nomina
1088 1253 1229 1286 autem
1253 1247 1289 1287 E
1314 1248 1352 1288 in
1379 1248 1416 1289 A
1440 1257 1711 1298 convertunt,
1749 1256 1796 1286 ut
1826 1245 2127 1286 Andromache

174 1324 499 1375 Andromacha,
545 1325 603 1364 sie
646 1323 932 1375 declinantur,
976 1334 1021 1365 ut
1060 1327 1211 1367 Latina
1248 1328 1291 1367 in
1330 1329 1367 1368 A
1409 1329 1621 1370 exeuntia.
1690 1328 1709 1367 I
1748 1328 1868 1368 litera
1904 1327 2126 1367 terminata

174 1406 323 1447 Latina
362 1405 536 1446 nomina
572 1405 696 1445 totius
738 1405 900 1460 generis
943 1416 1040 1447 sunt
1078 1421 1125 1447 ae
1167 1417 1433 1464 monoptota,
1474 1418 1521 1449 ut
1565 1409 1697 1462 frugi,
1751 1408 1882 1448 nihili.
1944 1408 2124 1448 Gummi

174 1494 314 1526 autem
349 1494 387 1525 et
427 1484 561 1539 sinapi
602 1484 824 1539 peregrina
863 1495 960 1525 sunt
1003 1487 1142 1527 neutri
1187 1490 1370 1542 genc1¹i5‚
1417 1499 1455 1529 et
1485 1499 1650 1530 tantum
1681 1489 1853 1530 numeri
1889 1489 2125 1544 singularis,

170 1566 241 1607 scd
273 1582 348 1622 per
380 1580 500 1607 casus
533 1565 683 1605 eodem
727 1565 855 1605 modo
897 1565 1153 1618 decurrunt,
1207 1579 1382 1624 excepto
1424 1570 1626 1624 genitivo,
1679 1570 1754 1623 qui
1796 1570 1823 1609 S
1867 1569 2035 1623 recipit,
2081 1578 2125 1608 ut

170 1647 345 1701 sinapis,
389 1645 596 1701 gummisg
660 1645 859 1699 quamvis
904 1655 1015 1686 recte
1056 1647 1243 1698 dicatur,
1288 1648 1393 1689 haec
1439 1650 1640 1704 gummis.
1718 1650 1756 1690 O
1796 1649 1915 1690 litera
1953 1648 2121 1689 nullum

170 1743 329 1769 nomen
359 1727 401 1767 in
432 1736 584 1767 neutro
615 1725 724 1779 finit,
774 1742 873 1767 nam
918 1737 989 1768 aut
1025 1728 1258 1768 masculina
1289 1739 1405 1781 sunt,
1437 1739 1484 1770 ut
1514 1729 1686 1781 Cicero3
1719 1739 1791 1769 aut
1820 1729 2046 1779 feminina,
2078 1738 2125 1768 ut

169 1809 299 1859 Juno,
344 1807 552 1859 hirundo,
605 1816 677 1847 aut
713 1807 885 1861 utrique
927 1809 1068 1862 generi
1112 1810 1380 1861 eommunia,
1424 1819 1472 1850 ut
1501 1810 1643 1850 homo.
1704 1809 1905 1859 Quorum
1938 1809 2124 1850 declina—

171 1890 300 1929 tiones
331 1889 374 1928 in
405 1887 510 1928 duas
542 1888 700 1942 species
733 1898 908 1929 exeunt:
941 1904 1040 1930 nam
1074 1900 1146 1931 aut
1176 1891 1213 1931 O
1246 1891 1411 1932 literam
1442 1892 1485 1931 in
1516 1891 1700 1946 obliquis
1736 1891 1902 1931 casibus
1933 1890 2124 1940 retinent,

171 1981 217 2012 ut
264 1972 365 2012 unio
418 1971 585 2011 unionis
599 1986 610 2023 3
667 1980 738 2012 aut
776 1971 794 2011 I
836 1981 1020 2023 mutant,
1074 1982 1120 2014 ut
1166 1972 1321 2028 cupido
1369 1971 1600 2027 cupidinis,
1655 1971 1824 2028 cre-pido
1876 1971 2121 2026 crepidini53

245 2097 419 2144 sinyulari]
465 2099 629 2131 Omissum
665 2101 726 2132 hec
757 2112 773 2131 e
801 2100 1058 2132 Reichcnaucnsi
1093 2106 1126 2132 et

172 2162 419 2195 Damnstattensi
451 2163 611 2206 supplevi,
651 2168 683 2194 et
715 2164 810 2206 paulo
841 2170 915 2207 post
944 2176 983 2195 ex
1012 2164 1125 2195 iisdem

172 2226 302 2271 reposui
322 2228 445 2270 possint
465 2238 521 2269 pro
539 2233 672 2269 possunt
691 2226 722 2257 in
741 2227 846 2258 editis.

241 2288 438 2321 Graecorum
450 2285 548 2331 more]
558 2286 794 2329 Quinctilianus
809 2288 856 2331 (l,
876 2290 909 2329 5,
928 2290 992 2329 593
1010 2302 1040 2332 p.
1054 2290 1124 2321 127

173 2350 309 2395 Spald.):
322 2350 376 2383 »Si
388 2350 527 2394 reperias
542 2350 777 2391 grammaticum
788 2356 928 2382 veterum
942 2358 1124 2392 amatorem,

173 2420 267 2456 neget
291 2413 464 2457 quidquam
489 2424 528 2444 ex
551 2412 665 2444 Latina
684 2412 804 2444 ratione
824 2414 1024 2456 mutandum,
1051 2415 1124 2459 quia

173 2488 268 2519 quum
285 2475 326 2506 sit
345 2474 429 2518 apud
446 2485 505 2505 nos
522 2485 614 2505 casus
630 2474 799 2512 ablativus,
822 2487 915 2517 quem
928 2476 974 2507 illi
989 2488 1053 2508 nou
1069 2478 1122 2508 ha-

173 2537 263 2576 bent,
285 2548 395 2579 parum
423 2534 604 2574 conveniat,
635 2546 700 2566 uno
731 2546 805 2566 casu
830 2542 956 2576 nostro,
982 2538 1122 2582 quinque

174 2599 304 2632 Graecis
318 2599 389 2629 urim
410 2597 551 2630 Omnino
565 2599 603 2631 cf.
613 2597 842 2631 Sclmcidernm
855 2599 957 2642 (surm.
967 2599 994 2640 Ι,
1010 2613 1039 2644 p.
1050 2601 1122 2644 51).

1250 2099 1392 2145 nomina]
1416 2099 1571 2143 Supplevi
1585 2102 1645 2132 hoc
1659 2112 1675 2131 c
1693 2099 1854 2132 codicibus
1868 2098 2122 2130 Reichenauensi

1177 2167 1208 2194 et
1228 2163 1485 2202 Darmstattensi,
1509 2174 1526 2193 a
1548 2162 1663 2205 quibus
1685 2161 1777 2192 etiam
1798 2159 1893 2204 paulo
1909 2164 1985 2204 post
2008 2159 2121 2203 copula

1176 2232 1206 2258 el
1228 2231 1301 2257 aule
1326 2237 1437 2257 vocem
1463 2227 1571 2256 neutri
1591 2225 1704 2256 melius
1727 2224 1826 2254 abest.

1250 2287 1426 2332 Imutant]
1454 2288 1686 2332 Exspectasscs
1710 2288 1743 2317 in
1765 2287 1802 2326 I,-
1833 2285 1890 2317 sed
1911 2286 2018 2317 Latini
2042 2297 2120 2329 quo-

1177 2364 1238 2396 que
1261 2357 1415 2395 usurpant
1438 2353 1519 2384 lianc
1547 2349 1708 2393 prolepsin
1734 2349 1865 2382 Graecis
1887 2349 2055 2380 admodum
2077 2349 2120 2380 sa-

1174 2413 1343 2453 miliarem,
1371 2418 1404 2443 ut
1429 2418 1552 2444 mutare
1572 2416 1757 2443 construant
1778 2411 1869 2455 qnasi
1893 2411 2046 2443 mutando
2071 2422 2120 2443 as-

1173 2487 1314 2515 sumere5
1346 2474 1391 2505 sie
1415 2474 1537 2506 Statius
1561 2473 1674 2516 (Theb.
1698 2473 1758 2513 10,
1781 2473 1883 2516 259)=
1898 2493 1946 2498 —
1961 2493 2009 2498 —
2032 2483 2119 2516 »per-

1173 2545 1275 2571 mutat
1305 2537 1463 2580 Agylleus
1495 2549 1584 2568 amna
1615 2536 1713 2568 trucis
1745 2536 1888 2577 Nomii«,
1927 2541 1961 2568 et
1994 2535 2117 2568 Seneca

1172 2602 1291 2644 (tranq.
1315 2598 1407 2631 animi
1431 2598 1487 2640 2):
1523 2604 1665 2630 »mutare
1687 2597 1827 2629 nondum
1855 2598 1972 2628 scssmn
2000 2597 2109 2627 latres.-
