2310 2860
155 213 240 256 196

152 323 214 356 rari
235 323 339 355 fontes
363 321 441 362 sint,
474 332 492 353 0
520 320 636 366 quibus
664 317 701 354 ea
730 321 856 366 possint
880 320 998 353 hauriri
1021 320 1108 365 iique

155 398 193 418 nc
222 384 414 418 doctissimis
444 383 573 428 quidem
605 383 680 415 viris
711 384 788 416 noti.
829 383 878 416 Ita
902 383 1108 424 Salmasium,

152 450 207 493 qui
236 449 270 480 in
302 453 445 479 monstro
479 447 671 480 eruditionis
702 447 755 492 (ad
784 447 889 482 Soliu.
912 461 943 492 p.
962 448 1036 479 840
1058 446 1108 479 ed.

150 510 211 556 pr.)
228 509 327 542 multa
350 510 389 541 de
412 509 598 553 Pherecyde
622 509 720 542 verba
740 510 831 550 feeit⁷
856 510 982 551 fugerat
1002 515 1109 541 tamen

150 574 283 616 insignis
305 574 389 618 apud
406 573 582 607 Maximum
598 573 730 617 Tyrium
749 575 821 618 (10,
840 574 870 605 4.
890 574 927 605 Τ.
944 573 972 606 I.
989 586 1020 617 p.
1037 573 1107 605 174

149 636 271 679 Reisk.)
289 636 396 669 locus:
419 636 463 668 ita
489 636 673 668 Bruckcrus
698 636 784 680 (hist.
808 635 922 679 philos.
946 635 972 667 I.
991 648 1022 679 p.
1033 636 1107 667 986

149 700 253 745 sequ.)
274 701 329 744 qui
348 702 433 732 hunc
452 700 580 744 quidem
595 706 738 741 noverat,
768 700 902 733 Celsum
921 705 1029 731 tamen
1044 699 1107 744 (ap,

148 763 239 804 Orig.
262 764 295 795 6.
328 775 359 806 p.
385 764 469 795 505.
499 763 573 794 504
605 762 742 807 Spene.)
772 762 859 794 illius
890 762 1108 806 interpretem,

148 826 204 871 qni
226 826 289 870 ipsi
317 826 446 858 omnino
467 826 633 858 adeundus
661 832 746 867 erat,
779 835 910 870 prorsus
938 826 1107 868 ignoravit.

146 888 201 920 Ab
226 890 288 921 hoc
312 893 418 921 autem
442 888 512 921 solo
545 888 714 929 discimus⁷
743 889 964 933 Pherecydem
986 888 1108 921 dixisse

155 952 252 984 ainsi-a
287 958 402 985 terram
433 953 612 998 portionem
645 965 716 985 esse
751 959 937 995 tartaream,
972 965 1106 998 eamque

147 1016 301 1048 custodiri
322 1029 339 1047 a
362 1017 487 1048 Boreae
510 1017 612 1061 prole,
634 1018 789 1062 Harpyiis
813 1023 845 1049 et
861 1017 1012 1062 Thyclla,
1042 1029 1106 1062 quo

146 1080 276 1124 Jupiter
296 1080 422 1122 ableget
445 1093 501 1112 cos
520 1081 575 1125 qui
599 1082 828 1125 peccaverint«
861 1081 900 1114 Si
921 1082 992 1126 quis
1010 1082 1108 1124 igitur

147 1144 242 1174 verba
272 1144 414 1175 »animae
449 1144 652 1176 simulacrum
681 1146 857 1177 secundum
883 1144 999 1186 dogma
1030 1144 1108 1187 Syri

97 1224 101 1228 ·
146 1205 326 1247 eujusdam«
346 1206 384 1236 dc
400 1206 587 1248 Pherecyde
605 1206 783 1246 intelligere
802 1206 951 1245 voluerit,
977 1206 1109 1237 habebit

144 1268 179 1301 in
209 1268 391 1300 novissimis
424 1269 487 1299 illis
522 1269 612 1300 Celsi
645 1269 769 1308 serbis,
808 1280 870 1310 quo
905 1281 940 1298 se
970 1272 1106 1298 tueatur.

146 1330 310 1374 Quoniam
333 1336 437 1361 autem
457 1342 582 1373 semper
599 1330 694 1360 dubia
717 1342 752 1361 ac
775 1330 896 1360 incerta
916 1328 977 1359 ista
1000 1333 1108 1360 manet

145 1393 376 1438 interpretatio,
398 1393 490 1424 aliam
505 1392 613 1424 licebit
631 1392 846 1433 conjecturam
864 1392 1017 1437 proferre.
1040 1391 1106 1423 Ne-

145 1469 208 1500 que
233 1456 316 1487 enim
343 1466 475 1487 neeesse
506 1459 572 1494 est,
612 1458 647 1484 ut
679 1453 819 1485 omnium
846 1453 1104 1496 antiquissimum

144 1518 371 1562 philosophum
402 1516 532 1559 Syrium
562 1528 579 1547 a
612 1515 770 1547 Martiano
800 1515 999 1546 intellectum
1034 1526 1106 1547 esse

144 1582 319 1613 credamus.
347 1581 448 1611 Erant
472 1592 491 1611 e
515 1579 780 1610 Neo-Platonicis
801 1579 928 1623 plureS,
955 1579 1106 1610 nimirum

144 1649 177 1675 et
209 1643 427 1686 Porphyrius,
457 1646 489 1671 ct
517 1640 737 1679 Janlblichus,
779 1651 819 1670 ex
850 1639 1018 1671 haereticis
1045 1639 1105 1673 Sa-

142 1704 292 1737 turninus
325 1703 462 1746 (Epiph.
489 1702 527 1740 1,
556 1701 595 1740 2,
627 1701 685 1732 25.
717 1712 750 1744 p.
775 1701 824 1732 62
848 1712 937 1744 sequ.
966 1701 1104 1735 Pctavii.

143 1767 304 1802 Diosheim
333 1766 408 1796 hist.
450 1763 632 1796 Christiana
667 1769 738 1795 aute
773 1764 943 1797 Constant.
968 1764 1044 1799 Sec.
1070 1765 1105 1798 2.

144 1830 173 1876 ξ.
194 1830 274 1874 45),
304 1829 377 1874 qui,
407 1840 505 1872 quum
528 1833 679 1872 putarent
704 1827 838 1859 animam
869 1828 1005 1860 terrenis
1035 1840 1105 1861 cor-

144 1895 234 1940 poris
257 1893 406 1925 sordibus
430 1891 594 1936 impediri,
623 1904 687 1935 quo
709 1891 814 1922 minus
838 1892 932 1923 altius
958 1893 1107 1924 evehere-

144 1963 197 1988 tur
218 1955 302 1999 (Cic.
327 1954 421 1986 dixin.
443 1955 474 1994 l,
501 1954 559 1986 5¹2.
583 1954 644 1987 49.
671 1954 727 1985 50.
752 1955 810 1985 57.
837 1954 929 1986 Stob.
952 1955 1055 1996 eclog.
1073 1955 1105 1996 1,

145 2021 181 2059 5,
206 2019 265 2051 58.
294 2030 325 2061 p.
348 2018 395 2049 98
420 2017 519 2048 Ileer.
545 2017 612 2048 Jul.
638 2016 734 2048 Firm.
759 2018 855 2048 math.
882 2019 898 2049 1
915 2041 924 2057 ,
949 2018 983 2050 2.
1010 2031 1042 2062 p.
1065 2030 1106 2049 m.

147 2082 181 2114 5.
202 2080 354 2111 Philostr.
383 2079 500 2110 heroic.
525 2091 556 2122 p.
576 2079 649 2110 658
682 2078 822 2122 Μοι·011.)
847 2079 968 2111 scilieet
992 2092 1008 2111 0
1031 2080 1106 2111 Pla-

145 2142 233 2175 tonis
254 2141 386 2186 (Phaed.
408 2154 438 2184 p.
455 2141 502 2172 (35
528 2146 560 2170 et
582 2141 628 2171 67
655 2139 783 2183 Sit—ph.)
807 2140 887 2172 locis
912 2141 994 2172 male
1012 2141 1105 2173 intel-

145 2206 254 2245 lectis,
289 2204 488 2243 statuebant,
513 2204 718 2235 cruciandum
751 2216 822 2235 esse
851 2216 986 2248 corpus,
1012 2211 1044 2237 et
1066 2205 1106 2237 ab

147 2269 312 2309 omnihuS,
342 2279 423 2311 quae
451 2267 615 2298 materiem
649 2267 733 2298 alere
762 2274 916 2312 possent,
944 2269 1104 2301 abstinen-

147 2333 238 2372 dum,
269 2343 333 2376 quo
359 2330 486 2363 tenuior
511 2335 543 2362 et
571 2330 681 2372 agilior
706 2332 809 2363 anima
838 2332 1027 2364 redderetur
1051 2332 1105 2365 ad·

148 2407 210 2438 quc
234 2393 424 2425 adscensum
447 2391 480 2422 in
506 2391 631 2423 coelum
658 2392 769 2434 aptior.
795 2392 997 2426 Jamhlichus
1028 2407 1104 2427 sane

149 2469 166 2489 e
194 2454 409 2498 Coele-Syria
444 2453 598 2484 oriundus
625 2459 709 2492 erat5
736 2460 767 2485 et
786 2455 1003 2499 Porphyrius⁷
1038 2457 1104 2488 sive

150 2531 222 2552 eum
242 2519 455 2551 Bataueotem
477 2516 638 2548 Judaeum
657 2516 722 2548 sire
743 2518 874 2560 Tyrium
896 2520 1104 2561 Phoenicem,

150 2582 236 2628 quod
262 2594 338 2614 vero
366 2581 499 2613 similius
524 2585 589 2620 est,
619 2579 753 2620 dixeris,
784 2582 901 2624 pariter
924 2582 1026 2626 Syrus
1050 2596 1104 2628 ap·

150 2643 262 2689 pellax-i
282 2643 385 2688 potuit
407 2642 586 2687 (Palaeogr.
611 2641 709 2675 critic.
740 2641 798 2674 III.
830 2641 858 2687 §.
887 2643 967 2677 111.
999 2644 1103 2690 470);

711 210 911 254 Martiani
949 208 1148 267 Capellae
1185 208 1257 251 lib.
1281 208 1335 252 II.
1373 208 1528 262 §.142

1161 324 1357 365 quapropter
1389 331 1456 353 non
1485 326 1569 361 crat,
1597 320 1685 366 quod
1709 317 1874 353 Bruckero
1896 320 1950 365 (11.
1977 333 2008 366 p.
2025 319 2113 364 257)

1159 381 1215 414 illa
1237 382 1403 424 regionum
1429 383 1556 414 nomina
1583 383 1768 428 scrupulum
1791 382 1967 424 injicerent.
2001 381 2114 415 Satur-

1161 446 1257 478 ninus
1277 446 1415 489 deniquc
1438 446 1524 478 haud
1545 446 1640 478 dubie
1665 447 1895 479 Antiochensis
1912 446 1983 478 ruit.
2015 446 2115 490 Quod

1159 508 1289 552 quidem
1311 507 1575 552 philosophorum
1599 507 1750 552 placitum
1774 520 1872 552 quum
1898 507 1939 540 ad
1962 507 2114 552 antiquis·

1160 572 1274 603 simum
1303 574 1524 616 expiationum
1544 577 1576 604 et
1605 572 1831 604 lustrationum
1854 584 1947 604 usum
1970 571 2115 616 proxime

1160 633 1343 675 accederet,
1368 634 1461 678 plura
1488 646 1599 666 eorum
1618 646 1734 675 genera
1749 634 1803 666 hie
1827 633 1962 666 inseruit
1984 633 2115 667 Martia·

1159 685 1263 738 ιιιιε,Δ
1285 710 1349 743 quo
1382 698 1597 743 pulchriorem
1633 698 1755 731 fictioni
1786 709 1863 730 suae
1896 697 2036 731 colorem
2069 696 2114 728 in·

1159 762 1301 795 duceret.

1231 824 1354 872 Phasi]
1392 826 1460 871 Qui
1489 826 1625 859 docebat
1649 825 1918 859 immortalitatem
1943 824 2022 857 adiri
2049 837 2115 857 non

1159 901 1257 935 posse
1280 890 1344 923 nisi
1363 896 1439 935 post
1460 896 1605 923 mortem.
1618 891 1766 924 vach-c.
1781 910 1829 916 -—
1846 891 1944 922 Patet
1965 889 2047 920 hanc
2067 888 2115 921 in·

1159 953 1418 998 terpretationem
1435 965 1502 985 non
1518 953 1582 986 nisi
1600 965 1640 985 cx
1653 953 1732 998 ipsis
1747 951 1897 985 Martiani
1909 951 2015 984 verbis
2032 962 2115 982 sum-

1160 1022 1225 1049 tam
1251 1029 1338 1049 esse:
1364 1029 1474 1049 senem
1506 1017 1614 1058 illum,
1644 1017 1736 1059 cujus
1765 1017 1798 1048 id
1827 1016 1981 1061 placitum
2007 1013 2115 1052 fuerit,

1159 1086 1246 1113 certe
1271 1081 1451 1114 Vulcanius
1470 1093 1572 1124 aeque.
1590 1093 1626 1113 ac
1647 1092 1707 1112 nos
1730 1080 1904 1121 ignoravit,
1932 1091 1992 1111 nec
2010 1078 2117 1116 video,

1160 1154 1224 1185 quo
1257 1147 1350 1185 pacto
1378 1142 1475 1174 verba
1500 1143 1604 1174 Phasi
1631 1147 1663 1173 et
1687 1143 1773 1173 senis
1791 1141 1928 1182 jungere
1955 1139 2114 1184 potuerit,

1159 1205 1221 1236 nisi
1251 1206 1387 1237 sortasse
1412 1217 1471 1249 per
1502 1205 1752 1237 contractionem
1782 1205 1886 1235 Phasi
1912 1215 1970 1247 pro
2001 1204 2118 1236 Phasin·

1159 1263 1278 1295 dietum
1303 1277 1374 1294 esse
1400 1265 1566 1307 acceperit.
1599 1265 1710 1296 Manet
1739 1270 1843 1295 tamen
1866 1264 2036 1296 admodum
2057 1263 2115 1296 ob-

1159 1336 1272 1356 scurus
1293 1324 1344 1356 hic
1369 1325 1519 1356 Marti-mi
1541 1325 1648 1366 locus,
1680 1325 1733 1356 cui
1753 1325 1869 1356 frustra
1887 1325 1982 1356 etiam
2006 1325 2040 1356 in
2063 1337 2115 1358 eo-

1159 1385 1283 1417 dieihus
1311 1385 1465 1417 auxilium
1490 1385 1649 1429 quaesivi,
1689 1386 1807 1429 quippe
1837 1386 1892 1430 qui
1924 1399 1997 1418 cum
2020 1386 2116 1419 editis

1157 1449 1368 1489 conveniant,
1395 1448 1459 1480 nisi
1482 1448 1570 1492 quod
1588 1448 1759 1491 Hugianus
1783 1449 1885 1482 codex
1908 1456 1983 1494 post
2003 1462 2116 1482 vocem

1158 1514 1246 1545 senis
1285 1513 1381 1544 addat
1410 1513 1596 1557 cujusdam,
1637 1518 1670 1544 et
1701 1513 1990 1556 Guelferbytanus,
2031 1519 2114 1546 teste

1160 1576 1290 1616 Curtio,
1314 1588 1373 1620 pro
1396 1576 1570 1608 Charoniis
1595 1576 1743 1607 exhibeat
1766 1577 1970 1609 Acherontis.
2003 1576 2115 1611 Senex

1158 1645 1263 1670 autem
1280 1639 1334 1670 ille
1356 1651 1454 1683 quum
1475 1639 1604 1670 nominc
1621 1651 1687 1671 non
1704 1639 1893 1683 appelletur,
1919 1640 2114 1673 divinatione

1155 1702 1355 1744 indagandus
1378 1708 1438 1737 est.
1467 1703 1586 1735 Phasis
1612 1702 1709 1745 igitur
1737 1716 1836 1747 quum
1860 1704 2009 1737 Medeam
2036 1703 2113 1737 Col-

1157 1767 1278 1799 chicam
1301 1766 1395 1798 nobis
1418 1766 1452 1798 iu
1476 1766 1660 1799 memoriam
1677 1772 1822 1809 revocet,
1852 1768 1924 1800 vide
1945 1780 1987 1800 ne
2003 1767 2113 1800 Pelias

1156 1831 1385 1873 intelligendus
1416 1830 1473 1872 sit,
1504 1843 1600 1875 quem
1628 1843 1646 1863 a
1672 1832 1799 1864 filiabus
1829 1831 1966 1865 Medeae
1990 1832 2112 1865 artibus

1157 1894 1300 1938 deceptis
1330 1906 1388 1938 per
1413 1906 1502 1937 spem
1530 1894 1744 1927 reviviscendi
1767 1896 1970 1928 interfectum
1993 1902 2026 1929 ct
2049 1896 2113 1929 dis-

1157 1963 1300 2001 cerptum
1318 1969 1391 1988 esse
1414 1962 1551 1998 constat,
1577 1969 1640 2000 quo
1662 1958 1747 1989 sacto
1769 1957 1844 1990 illae
1867 1958 1967 2003 patris
1984 1958 2112 1991 immor-

1157 2020 1313 2051 talitatem
1338 2019 1512 2051 Charontis
1542 2019 1689 2051 manibus
1717 2019 1893 2052 involutam
1920 2021 2032 2053 mortis
2054 2034 2111 2054 au-

1156 2084 1254 2126 spicio
1277 2087 1516 2113 consecrarunt.
1552 2081 1726 2125 Quumque
1755 2082 1993 2123 immortalitas,
2028 2094 2109 2126 quae

1157 2143 1330 2177 Charoutis
1348 2143 1494 2174 manibus
1511 2143 1614 2175 adhuc
1632 2143 1776 2175 involuta
1795 2149 1855 2184 cst,
1879 2143 2022 2175 nondum
2038 2155 2108 2188 pcr-

1155 2209 1238 2240 secta
1267 2207 1327 2247 sit,
1366 2212 1398 2238 et
1428 2219 1445 2238 a
1476 2207 1589 2238 mortis
1628 2207 1770 2250 auspicio
1804 2206 1931 2238 demum
1960 2207 2108 2251 incipiat.)

1156 2270 1273 2312 gaudet
1301 2268 1500 2310 Philologia,
1529 2281 1564 2300 se
1589 2268 1717 2301 certiori
1745 2273 1777 2299 et
1803 2268 1942 2300 breviori
1963 2269 2015 2301 via
2038 2281 2109 2301 eam

1156 2333 1302 2376 adeptam
1327 2342 1410 2362 csse.
1440 2331 1563 2362 Verum
1591 2329 1676 2361 enim
1699 2341 1775 2361 vero
1803 2331 1908 2362 omnia
1930 2332 2009 2363 haec
2030 2344 2107 2364 neu-

1155 2396 1276 2440 tiquam
1306 2406 1345 2426 eo
1371 2394 1506 2426 consilio
1529 2393 1665 2437 protuli,
1699 2399 1736 2425 ut
1763 2393 1797 2426 in
1827 2394 1874 2426 eis
1905 2396 2109 2440 acquiescere

1155 2459 1293 2490 debeant
1310 2457 1368 2489 viri
1386 2457 1488 2497 docti,
1517 2456 1574 2488 sed
1600 2461 1635 2487 ut
1654 2456 1818 2488 meliorem
1837 2458 1963 2502 potius,
1993 2459 2020 2491 si
2045 2472 2107 2504 qua

1154 2526 1221 2561 est,
1247 2518 1465 2551 obscurissimi
1488 2518 1552 2550 loci
1573 2517 1867 2562 interpretationem
1893 2520 2105 2564 suppeditent-

1228 2578 1415 2627 Chaa-ontis]
1440 2579 1541 2615 Ridet
1561 2580 1640 2613 haec
1666 2580 1834 2614 Juvenalis
1856 2581 1904 2626 (2,
1931 2581 2016 2626 130)
2037 2594 2105 2614 ver-

1152 2647 1240 2681 sibus
1251 2659 1260 2677 z
