2310 2860
252 156 306 196 1ss

848 152 1049 192 Martiani
1090 150 1289 205 Capellae
1326 150 1396 190 lib.
1413 150 1445 191 I.
1482 153 1513 202 ᾗ.
1541 151 1582 191 5.

245 260 412 302 dulcius
451 260 546 301 Jovi
590 259 698 299 inter
738 258 954 299 aethereas
996 258 1233 312 voluptates
1275 269 1364 295 una
1403 255 1581 311 conjuge
1610 256 1912 312 loquerentur:
1945 256 2099 313 hisque
2132 271 2202 297 ac-

246 339 412 381 cederet
442 337 649 394 promtior
679 335 803 388 lides,
853 352 964 392 quae
996 336 1199 378 suadente
1232 335 1444 389 aruspicio
1476 335 1740 391 grandaevos
1770 336 1986 393 pontifices
2016 337 2059 377 in
2088 336 2203 377 testi-

246 420 443 461 monium
467 427 695 467 convocat,
726 432 867 473 quum
899 418 1003 473 quid
1023 418 1187 474 Jupiter
1218 415 1448 457 hominum
1472 415 1578 457 votis
1602 417 1764 472 trepida
1787 432 1992 459 curarum
2026 418 2206 472 ambage

242 499 453 555 suspensis
484 498 620 539 multa
649 498 928 554 implacabilis
967 499 1103 540 hostia
1127 500 1373 555 denegaret,
1405 507 1578 539 exorata
1609 498 1699 552 ejus
1729 509 1925 542 matrona
1949 500 2201 556 provenire,

247 589 294 621 et'
317 579 524 635 quicquid
561 579 631 620 ille
671 595 726 620 ex
769 589 939 636 promta
978 580 1179 622 sententia
1217 581 1453 621 Parcarum
1491 579 1652 635 pugillo
1694 591 1934 623 asservante
1964 581 2206 632 dictaverit,

245 688 343 736 φεύς
363 686 555 735 μυὸτήρια
578 689 688 724 θεῶν
710 688 996 736 παραδέδωκεν,
1024 685 1201 724 ὅθενκαὶ

243 749 432 797 θρησκεία
469 747 514 784 τὸ
538 747 753 798 μυστήριον
781 752 972 796 καλεῖται,
1021 748 1099 785 ἀπὸ
1129 748 1200 784 τοῦ

246 809 395 858 Θρᾳκὸς
413 808 599 859 Ὀρφέως,
628 810 692 846 καὶ
714 810 845 852 ἄλλως
868 811 933 848 καὶ
955 810 1124 859 ποιητής
1141 806 1202 845 καὶ

241 870 380 918 μάντις
399 867 451 920 ἦν
471 872 492 908 0‘
508 871 682 922 Ὀρφεύς.
727 876 771 907 Et
797 877 988 918 Fuigentius
1014 876 1092 920 (fab.
1121 875 1201 919 14),

244 935 300 981 qui
317 936 442 968 fabulas
460 948 533 967 suas
554 937 720 967 maximam
736 943 892 981 pai-tenue
912 938 1045 971 Graecis
1061 936 1201 970 Latinis-

244 1011 307 1043 que
329 999 508 1031 scholiastis
536 1000 726 1043 compilasse
746 1001 887 1033 videtur:
919 1002 1109 1046 ›101¹pheus,
1134 1000 1201 1033 Oe-

244 1062 311 1104 agri
334 1068 367 1093 et
393 1062 557 1106 Calliopes
580 1063 692 1095 Musae
715 1064 818 1106 filius,
848 1066 956 1097 Thrax
976 1066 1054 1097 urbe
1078 1064 1200 1104 Flevia,

244 1138 325 1169 quae
349 1131 398 1157 est
426 1126 459 1156 in
482 1126 623 1170 Oiympo
651 1133 777 1168 monte,
816 1129 855 1159 ad
878 1129 997 1160 flumen
1027 1129 1201 1173 Enipeum,

242 1189 360 1219 mantis
392 1189 582 1221 citharistas«
619 1190 785 1222 GoEz.-—
826 1191 882 1224 Ad
910 1193 972 1224 ista
1003 1193 1108 1225 onmia
1136 1204 1203 1224 non

246 1264 381 1296 possum
398 1264 463 1283 non
480 1252 740 1294 animadvertere,
755 1254 852 1286 mixta
871 1268 941 1287 esse
956 1268 974 1288 a
992 1257 1085 1288 docto
1102 1255 1200 1287 inter-

244 1321 335 1359 prete
368 1316 604 1356 antecedentia,
643 1322 675 1348 et
701 1318 948 1362 subsequentia,
987 1325 1035 1361 et,
1077 1325 1113 1350 ut
1147 1319 1202 1350 ille

245 1376 347 1407 exiret
373 1388 504 1417 sensus,
538 1383 640 1409 tetum
675 1379 826 1411 orationis
862 1381 1005 1412 ordinem
1036 1386 1201 1412 mutatum.

243 1439 417 1471 Praeterea
444 1452 509 1471 non
539 1447 623 1481 crat,
651 1442 738 1485 quod
760 1443 992 1484 Bongarsium,
1029 1445 1084 1487 qui
1112 1444 1201 1476 solus

252 1502 431 1543 »Euagrius
448 1503 626 1534 citharista«
656 1505 759 1548 primo
781 1518 857 1538 casu
872 1507 968 1549 legit,
1001 1512 1202 1551 sequeretur,

245 1578 342 1609 quum
362 1565 477 1609 reliqui
494 1578 604 1599 omnes
621 1574 769 1611 qum-tum
785 1582 894 1601 casum
909 1571 1057 1609 habeant,
1085 1571 1202 1601 verior-

246 1638 309 1671 que
328 1627 486 1658 sententia
505 1628 563 1665 sit,
602 1629 808 1672 »praecipuos
834 1636 947 1673 poetas
978 1636 1105 1663 secutos
1131 1641 1202 1661 esse

245 1690 429 1733 exemplum
452 1690 577 1734 Orphei
597 1697 628 1721 ct
651 1691 814 1724 Homeri«
848 1693 917 1725 Sed
944 1705 1040 1737 quam
1065 1693 1208 1726 Goezius

245 1754 316 1786 vult
334 1754 446 1784 dictio:
478 1759 610 1797 »poetae
634 1761 813 1798 sequuntur
838 1757 924 1799 quod
941 1757 1121 1788 humanitas
1145 1757 1208 1787 dis-

247 1815 382 1855 sultat»,
402 1826 419 1846 a
440 1814 566 1846 nemine
585 1815 1004 1859 intelligeretur.*Majorem
1020 1830 1096 1849 vero
1115 1818 1207 1850 video

247 1877 476 1916 difficultatem,
503 1888 598 1919 quam
616 1889 656 1908 nc
672 1878 769 1909 verbo
788 1879 917 1922 quidem
934 1879 1107 1922 attigerunt
1123 1880 1210 1917 docti

246 1939 296 1971 illi
317 1938 384 1969 viri.
420 1938 485 1969 Tot
503 1938 588 1969 enim
604 1950 621 1969 a
638 1939 797 1971 Martiano
818 1941 992 1984 praemissa
1011 1941 1099 1973 nulla
1116 1942 1209 1985 sequi

248 2002 375 2035 videtur
406 2002 579 2034 conclusio.
622 2002 738 2047 Incipit
765 2016 880 2049 nempe
907 2018 925 2036 a
965 2006 1131 2048 »Quum«,
1157 2004 1210 2037 cui

247 2064 369 2096 addidit
389 2063 609 2105 subjunctivos
627 2065 740 2096 modos
761 2066 892 2098 »fierent
905 2085 954 2091 —
970 2067 1150 2111 potirentur
1163 2085 1208 2092 —

248 2126 440 2157 dissultaret
457 2142 506 2152 ·-
526 2132 743 2157 consonarent
760 2145 810 2152 —
827 2127 1037 2171 loquerentur
1055 2148 1101 2154 ρ-
1121 2136 1215 2160 acce-¹

250 2188 359 2220 deret«
375 2208 424 2214 --
442 2194 536 2231 atque
554 2201 593 2219 cx
613 2189 699 2221 hisee
718 2191 864 2222 omnihus
879 2191 958 2222 nihil
975 2191 1124 2233 assumit,
1152 2193 1210 2224 sed

252 2249 386 2292 abrupta
414 2261 485 2279 csse
516 2249 641 2281 videtur
671 2251 780 2282 oratio.
832 2252 1040 2296 Quapropter
1065 2253 1117 2284 vix
1147 2254 1208 2285 alio

251 2313 347 2345 modo
372 2312 501 2343 «tetendi
524 2318 631 2355 potest
651 2314 821 2345 verborum
847 2321 1022 2355 structura,
1053 2329 1147 2359 quam
1171 2318 1209 2358 si,

250 2379 371 2406 mutata
390 2374 665 2417 interpunctione,
692 2375 737 2405 uti
758 2382 930 2408 cerret-tam
957 2390 1025 2409 eam
1051 2391 1146 2422 supra
1163 2380 1208 2411 vi-

251 2439 318 2478 des,
346 2437 494 2468 statueris
510 2437 648 2480 incipere
668 2439 823 2481 apodosin
839 2452 855 2470 a
874 2441 978 2472 verbis
1000 2440 1111 2485 (§.5):
1132 2445 1208 2476 »hae

252 2499 346 2539 igitur
373 2500 491 2537 famam,
522 2498 637 2540 ‹piibus
661 2501 846 2532 rcsinnserit
873 2502 1065 2543 orationem,
1099 2504 1207 2536 multis

253 2562 381 2593 insertis
406 2562 624 2606 interruptam.

1327 700 1386 719 nec
1407 687 1533 734 aliquid
1553 686 1692 733 dulcius]
1720 687 1875 732 Spectare
1899 689 2025 721 videtur
2047 689 2087 721 ad
2109 690 2207 720 famo-

1254 762 1325 781 sum
1348 750 1438 781 illum
1463 749 1557 781 «Iovis
1582 762 1654 782 cum
1679 750 1812 782 Junone
1839 762 2046 791 congressum
2074 752 2128 796 (ll.
2151 751 2209 791 14,

1253 812 1328 843 292
1345 811 1468 858 sequ),
1493 811 1527 842 in
1550 823 1614 854 quo
1635 812 1787 853 figmento
1804 812 1982 844 Homerum
1999 824 2069 844 non.
2089 818 2209 845 temere

1255 875 1461 919 reprehendit
1480 875 1576 906 Plato
1594 875 1650 919 (de
1667 876 1708 907 R.
1726 876 1764 907 P.
1783 877 1824 916 5,
1858 889 1888 921 p.
1906 877 1981 909 590
2003 876 2144 920 Steph.).

1329 950 1397 970 una
1422 936 1569 983 cottjzaqe]
1592 938 1662 969 Alii
1682 951 1749 970 una
1769 951 1842 971 cum
1857 941 2011 984 conjuge,
2040 939 2098 971 sed
2119 938 2210 970 male.

1253 1000 1388 1035 Intrusit
1408 1001 1531 1034 scilicet
1557 1002 1673 1046 aliquis
1700 1002 1781 1034 illud
1803 1015 1875 1035 cum
1884 1027 1896 1042 ,
1922 1003 1978 1047 qui
1998 1014 2128 1036 sensum
2145 1013 2213 1034 non

1255 1071 1401 1110 ceperat,
1438 1077 1545 1110 neque
1571 1066 1712 1107 viderat,
1747 1067 2007 1109 conjungendum
2038 1078 2111 1099 esse
2139 1077 2214 1099 cum

1257 1145 1268 1159 »
1280 1134 1473 1177 pactaeque«
1517 1130 1649 1161 verbum
1684 1131 1939 1177 »loquerentur-u
1991 1129 2118 1162 Sensus
2147 1133 2213 1161 esta

1259 1208 1270 1221 n
1282 1191 1337 1224 Nil
1347 1191 1424 1223 Jovi
1442 1192 1567 1223 dulcius
1581 1205 1648 1224 una
1661 1192 1797 1234 conjuge
1805 1206 1834 1229 α,
1852 1192 1935 1225 sive:
1951 1191 2047 1224 »Jovi
2059 1202 2123 1223 una
2140 1202 2214 1223 con-

1249 1254 1310 1296 jux
1334 1254 1545 1285 dulcissima«
1585 1254 1634 1286 Ita
1660 1254 1775 1286 Cicero
1791 1255 1900 1298 (Brut.
1921 1253 1981 1298 (ἢκ
2011 1265 2097 1285 »rem
2118 1263 2215 1285 unam

1255 1327 1327 1347 esse
1349 1315 1490 1347 omnium
1509 1315 1746 1347 difficillimam«
1760 1339 1769 1356 ,
1798 1321 1829 1347 et
1847 1316 1898 1359 (in
1911 1316 2005 1347 Verr.
2026 1317 2044 1346 1
2067 1315 2107 1346 ab
2130 1313 2216 1357 init.)

1261 1378 1367 1422 »quod
1385 1390 1483 1410 unum
1501 1378 1540 1408 ad
1565 1377 1716 1409 invidiam
1739 1377 1838 1409 vestri
1865 1376 1985 1408 ordinis
2010 1376 2215 1408 minuendam

1255 1441 1391 1473 maxime
1413 1441 1623 1484 pcrtinebat.«

1330 1515 1431 1549 quum
1448 1501 1540 1549 quid]
1559 1502 1647 1542 Lege
1662 1513 1753 1533 »eum
1772 1501 1887 1544 quoda
1911 1501 2051 1533 Sensum
2068 1501 2215 1548 perspice

1253 1571 1286 1596 ct
1300 1565 1456 1596 laudabis.
1473 1565 1577 1596 Gno‘r.
1597 1564 1668 1604 Ego
1686 1576 1762 1596 vero
1783 1563 1969 1607 neutiquam
1987 1565 2118 1595 laudare
2140 1575 2214 1608 pos-

1254 1639 1341 1667 sum,
1384 1627 1643 1670 quandoquidem
1667 1625 1750 1658 Aser
1775 1633 1887 1658 noster
1917 1628 2018 1669 magis
2043 1628 2141 1660 latine
2167 1627 2214 1660 lo-

2128 1691 2218 1734 Quid

1258 1754 1344 1786 enim
1357 1754 1498 1797 positum
1516 1754 1566 1785 hic
1584 1759 1634 1785 est
1650 1765 1709 1797 pro
1735 1755 1876 1801 aliquid,
1903 1759 1937 1785 ut
1958 1755 2042 1798 apud
2057 1754 2215 1787 Senecam

1259 1696 1352 1723 cutus
1375 1695 1444 1730 est,
1484 1702 1579 1733 quam
1602 1695 1803 1722 correcturus
1834 1702 1905 1721 eum
1936 1690 2080 1723 Grotius.

1258 1816 1315 1859 (de
1333 1815 1379 1846 ira
1400 1816 1434 1854 2,
1459 1815 1515 1858 9);
1537 1827 1631 1846 »num
1647 1815 1717 1858 quis
1745 1816 1909 1847 irascitur«
1931 1822 1990 1847 cet.
2014 1821 2109 1859 atque
2130 1817 2215 1860 apud

1259 1877 1365 1921 ipsum
1387 1876 1576 1908 Ciceronem
1597 1876 1714 1918 legeris
1739 1889 1821 1920 »quo
1841 1877 1913 1921 quis
1939 1877 2117 1909 versutior«
2155 1882 2215 1909 eet.

1260 1939 1358 1984 (offic.
1384 1938 1425 1979 2,
1449 1937 1489 1981 9)
1507 1943 1538 1969 et
1563 1938 1654 1981 (ibid.
1677 1939 1719 1978 5,
1748 1938 1811 1982 19)
1834 1938 1980 1970 »Dixerit
2002 1939 2111 1983 quis«,
2139 1950 2214 1982 qua-

1260 2008 1392 2048 propter
1414 2001 1486 2033 salsi
1512 2007 1587 2033 sunt
1608 2002 1817 2043 grammatici,
1854 2002 1911 2046 qui
1929 2003 2128 2035 contendunt
2150 2013 2215 2034 non

1258 2066 1323 2099 nisi
1347 2065 1610 2098 antecedentibus
1636 2066 1801 2110 particulis
1827 2078 1867 2098 ne
1889 2066 1941 2099 vel
1964 2068 1994 2098 si
2019 2065 2098 2110 poni
2116 2077 2215 2109 posse

1261 2132 1334 2179 quis
1361 2142 1420 2173 pro
1447 2131 1575 2176 aliquis.
1625 2130 1761 2162 Meliora
1790 2130 1857 2171 jam
1891 2129 2001 2164 statuit
2031 2129 2215 2161 Ramshorn

1260 2191 1421 2237 (§.160).
1452 2191 1573 2223 Noster
1594 2197 1680 2224 certe
1707 2191 1801 2232 hujus
1825 2191 1871 2222 rei
1897 2203 1963 2222 non
1989 2191 2119 2232 ignarus
2145 2191 2213 2222 finit.

1260 2252 1380 2287 Scribit
1406 2253 1490 2284 enim
1515 2252 1560 2297 (ξ.
1578 2251 1668 2295 559)
1701 2251 1780 2284 »Sat
1802 2251 1864 2282 erit
1889 2254 1960 2284 cui«
1985 2264 2045 2296 pro
2070 2253 2176 2285 alicui.

1331 2314 1515 2360 provenire]
1541 2315 1704 2347 Infinitum
1718 2315 1848 2345 modum
1861 2316 1956 2357 hunc,
1980 2315 2100 2359 pariter
2118 2321 2212 2359 atque

1258 2378 1367 2417 ilium,
1403 2377 1459 2420 qui
1490 2376 1653 2419 sequium,
1689 2388 1872 2415 remouere,
1911 2375 2051 2420 pendere
2079 2376 2214 2408 arbitror

1259 2442 1298 2473 ab
1323 2441 1530 2472 antecedente
1552 2451 1630 2471 voce
1667 2439 1929 2470 »testimonium«

1334 2506 1514 2535 Parcarum
1525 2501 1658 2547 pugillo]
1670 2502 1804 2535 Servius
1819 2502 1876 2546 (ad
1883 2502 1972 2543 Virg.
1981 2501 2065 2535 Aen.
2079 2505 2111 2544 1,
2130 2503 2211 2547 22)=

1265 2578 1345 2598 »una
1389 2565 1549 2610 loquitur,
1597 2564 1718 2607 inquit,
1769 2564 1867 2596 altera
1898 2563 2023 2606 scribit,
2063 2564 2124 2596 alia
2149 2564 2213 2596 fllia
