2310 2860
674 114 873 158 Martiani
904 115 1105 172 Capellae
1133 115 1206 158 lib.
1233 116 1312 158 IX.
1351 119 1383 170 §.
1405 117 1507 160 964.

1982 123 2065 166 751

112 222 387 280 principalem
420 231 492 264 aut
521 222 562 263 in
594 222 708 264 aliud
741 223 848 264 forte
878 233 1180 278 systematum,
1217 233 1289 265 aut
1320 239 1457 279 quum
1490 224 1542 266 de
1574 226 1803 280 conjunctis
1835 227 1885 270 ad
1911 228 2066 272 divisas

111 303 332 344 transitum
373 303 576 356 facinms3
628 303 695 345 vel
732 319 808 360 per
848 314 1018 358 tonum,
1065 321 1202 361 quum
1245 319 1268 346 a
1307 305 1446 360 Lydio
1482 306 1550 348 vel
1580 307 1622 348 in
1657 307 1890 364 Phrygium
1926 311 1993 352 vel
2023 312 2066 353 in

113 383 243 425 alium
283 394 455 440 tropum
496 385 701 426 cantilena
741 385 1050 437 transducitur3
1103 385 1169 427 vel
1211 399 1287 439 per
1317 385 1677 439 modulationem,
1717 403 1855 444 quum
1898 405 1950 431 ex
1981 391 2064 433 alia

111 464 248 520 specie
280 464 528 505 modulandi
559 464 600 504 in
634 464 759 505 aliam
791 463 1033 516 desilimus‚
1077 466 1143 507 vel
1176 481 1313 521 quum
1357 482 1380 508 a
1410 468 1520 509 virili
1552 469 1757 511 cantilena
1788 471 1984 513 transitus
2020 473 2064 514 in

112 545 316 587 femineos
348 545 495 586 modos
524 544 582 590 fit.
641 545 706 586 De
735 560 887 600 genere
918 545 1168 588 modulandi
1198 558 1506 604 consequenter
1536 548 1779 592 edisseram.

800 702 879 744 DE
917 701 1372 746 MODULATIONE.

277 797 518 853 Melopoe'ia
547 806 605 838 est
634 794 804 838 habitus
836 794 1135 837 modulationis
1160 795 1345 839 effectae.
1391 799 1526 840 Melos
1553 809 1696 841 autem
1727 811 1787 843 est
1815 812 1931 845 actus
1958 807 2066 847 acuti
2095 803 2185 844 965·

110 887 183 919 aut
211 878 414 933 gravioris
444 879 545 919 soni.
604 877 838 919 Modulatio
877 886 938 918 est
967 877 1057 917 soni
1088 877 1332 934 multiplicis
1362 880 1475 920 melo
1507 881 1733 936 expressio.
1792 882 2061 940 Melopoei'ae

109 960 266 1015 species
295 969 393 1000 sunt
423 969 525 1001 tres:
556 957 830 1015 hypatoides,
875 958 1107 1010 mesoides,
1149 959 1352 1001 netoides.
1411 961 1676 1017 Hypato'ides
1708 971 1788 1014 est,
1840 979 1952 1019 quae
1982 981 2060 1022 ap-

109 1040 291 1096 pellatur
317 1041 484 1096 tragica,
520 1054 630 1095 quae
656 1055 729 1095 per
755 1038 969 1095 graviores
992 1055 1114 1081 sonos
1145 1050 1323 1094 constat3
1354 1042 1576 1093 mesoides,
1608 1058 1719 1099 quae
1745 1043 2059 1100 dithyrambica

107 1121 374 1171 nominatur,
405 1135 516 1175 quae
547 1130 664 1161 tonos
697 1121 896 1175 aequales
926 1121 1174 1176 mediosque
1206 1121 1407 1173 custodit3
1457 1123 1667 1175 netoides,
1701 1140 1814 1179 quae
1838 1135 1876 1166 et
1904 1130 2062 1175 νομικὸς

182 1227 325 1274 tropum]
364 1227 420 1261 Sic
450 1240 579 1272 quoque
617 1233 702 1261 recte
741 1233 877 1272 uterque
913 1228 1061 1272 scriptus.

108 1291 242 1325 Grotius
270 1304 435 1336 perperam
461 1292 532 1325 MS.
555 1292 725 1324 lectionem
751 1292 860 1323 laudat
885 1292 936 1324 »in
964 1292 1060 1323 alium

107 1355 239 1387 locumu«
272 1355 428 1399 Quamvis
448 1355 532 1387 enim
550 1360 645 1387 tonus
663 1355 751 1387 vocis
767 1355 859 1387 locus
881 1355 1059 1395 deliniatur,

107 1419 187 1452 illud
199 1424 304 1450 tamen
315 1419 505 1451 vocabulum
520 1419 572 1452 hic
587 1419 680 1464 plane
701 1425 750 1451 est
761 1419 1061 1452 alienumdilfflnmr.

179 1481 438 1528 modulationem]
461 1482 517 1515 Sic
535 1483 651 1525 insigni
669 1495 775 1515 errore
793 1494 903 1514 omnes
922 1482 1059 1522 codices,

108 1557 203 1589 quem
220 1550 325 1577 tamen
342 1557 406 1576 non
428 1545 510 1577 male
535 1544 596 1588 ipsi
614 1545 772 1576 Martiano
794 1544 980 1585 tribuimus,
1005 1548 1061 1588 qui

108 1608 268 1641 Graccum
296 1609 500 1652 μελοποιϊα
526 1608 581 1639 illo
604 1608 721 1640 Latino
749 1609 859 1650 vertit,
888 1614 925 1640 ut
950 1620 1058 1652 supra·

106 1672 295 1714 Legendum
325 1685 383 1716 per
414 1672 636 1715 melopoeiam,
669 1672 756 1716 quod
784 1684 824 1704 ex
850 1672 1059 1716 sequentibus

106 1739 157 1766 est
175 1739 305 1767 certum.
331 1733 417 1767 Vide
434 1733 605 1766 Euclidem
623 1746 655 1778 p.
670 1734 715 1765 21
735 1747 762 1765 v.
777 1734 834 1766 16.
859 1733 1058 1777 Βι·)·οῃιιῐιιῐιι

106 1795 163 1829 lib.
185 1795 217 1837 Ῑ,
245 1807 312 1841 cap.
336 1795 458 1828 ultimo.
477 1796 620 1830 Mmon.
636 1814 685 1820 —
719 1796 804 1830 Vide
833 1796 979 1841 superius
1005 1796 1059 1841 (ad

107 1856 136 1902 ξ.
154 1856 250 1900 958).

182 1920 220 1952 de
231 1919 458 1966 modulatione]
468 1920 611 1952 Partium
623 1921 833 1961 harmonices‚
851 1932 931 1964 quas
944 1933 975 1965 p.
986 1921 1057 1953 182

105 1980 147 2026 (§.
169 1981 257 2025 958)
281 1982 464 2026 proposuit,
498 1982 576 2014 ordo
603 1982 751 2026 requirit,
781 1988 817 2014 ut
840 1988 911 2024 agat
932 1982 972 2014 de
994 1995 1057 2014 me-

105 2044 245 2088 lopoeia,
272 2044 359 2088 quod
379 2044 567 2076 vocabulum
591 2044 684 2075 etiam
702 2050 789 2076 recte
809 2045 961 2088 sequitur.
989 2044 1058 2077 Sed

105 2104 289 2138 modulandi
307 2117 407 2148 genus
425 2105 476 2139 hie
495 2111 589 2138 vocat
611 2106 698 2150 quod
722 2105 838 2138 Graeci
863 2104 979 2152 γένος
998 2118 1058 2150 με·

107 2165 297 2207 λοποιΐας.
332 2166 389 2200 Sic
413 2166 574 2200 Aristides
600 2180 631 2211 p.
649 2168 698 2200 29
724 2180 752 2200 v.
775 2168 830 2199 ult.
856 2168 973 2200 Modos
991 2180 1055 2199 me-

104 2227 251 2273 lopoeiae
269 2240 385 2270 genere
403 2229 479 2261 facit
495 2234 575 2261 tres:
592 2232 762 2269 nomicum,
778 2230 1055 2273 ditltyrambicum,

107 2291 285 2334 11·aqicttm;
309 2290 361 2321 vel
392 2290 486 2322 etiam
518 2291 590 2323 illas
622 2291 819 2336 melopoeiae
855 2292 978 2337 species
1010 2292 1055 2324 ita

107 2358 216 2394 vocat,
249 2364 330 2397 quas
358 2351 520 2386 Aristides
546 2355 642 2387 tradit
665 2368 696 2400 p.
714 2355 763 2388 28
788 2367 816 2388 v.
838 2356 903 2398 52,
928 2361 961 2388 et
985 2355 1055 2400 ipse

105 2417 168 2450 hie.
180 2417 321 2449 Mnmon.

178 2477 361 2524 melopoeia]
381 2478 509 2512 Euclidi
523 2480 568 2524 (p.
581 2480 606 2511 2
622 2481 733 2526 meib.)
751 2488 802 2515 est
831 2494 925 2515 »usus
946 2494 1056 2515 eorum

108 2554 189 2588 quae
213 2543 413 2576 harmonicae
444 2543 623 2578 tractationi
656 2551 729 2578 sunt
759 2546 921 2590 subjecta,
954 2547 998 2579 ita
1022 2552 1056 2578 ut

1110 1228 1242 1261 cuilibet
1264 1235 1451 1270 argumento
1478 1232 1641 1263 character
1670 1243 1747 1264 suns
1770 1233 1957 1268 tribuatur.«
1987 1234 2062 1266 Ari·

1110 1290 1185 1321 stidi
1207 1290 1250 1334 (p.
1262 1290 1310 1322 28
1328 1291 1438 1333 meib.)
1459 1296 1508 1322 est
1523 1292 1675 1324 »facultas
1694 1295 1882 1327 conficiendi
1900 1302 2055 1328 cantum«

1109 1352 1161 1385 Ac
1184 1353 1317 1396 septima
1343 1359 1375 1385 et
1404 1354 1514 1385 ultima
1539 1356 1617 1387 haec
1647 1362 1697 1388 est
1723 1369 1740 1389 e
1767 1359 1910 1401 partibus
1938 1361 2061 1391 harmo-

1109 1416 1200 1449 nicae
1227 1415 1383 1461 (§.058).
1411 1417 1534 1451 Confer
1552 1419 1724 1452 Burettum
1750 1422 1858 1465 (Mem.
1885 1423 1924 1454 de
1950 1423 2060 1456 l'aead.

1109 1478 1155 1519 Χ,
1179 1491 1211 1523 p.
1229 1478 1326 1521 504).

1183 1540 1300 1587 melos]
1336 1542 1467 1583 Distat,
1507 1548 1542 1574 nt
1571 1542 1725 1575 Aristidis
1756 1544 1806 1589 (p.
1825 1545 1873 1576 29
1902 1545 1925 1577 f.
1945 1543 2060 1587 meib.)

1108 1605 1215 1638 verbis
1246 1611 1333 1646 utar,
1366 1608 1555 1649 »melopoeia
1583 1619 1600 1639 a
1626 1608 1779 1639 melodia:
1802 1608 1887 1652 quod
1913 1610 1991 1640 haec
2018 1609 2061 1640 sit

1109 1674 1221 1702 cantus
1240 1669 1392 1701 indicium
1414 1668 1639 1716 (ἐπαγγελία
1661 1669 1834 1715 μέλους),
1857 1672 1911 1704 illa
1933 1672 2060 1705 habitus

1108 1732 1270 1764 effectivus
1295 1730 1389 1776 (ἕξις
1416 1729 1640 1779 ποιητική).«

1182 1794 1274 1840 melo]
1302 1795 1396 1826 Hanc
1416 1807 1526 1827 vocem
1547 1796 1580 1827 in
1595 1796 1688 1828 editis
1708 1797 1857 1829 omissam
1872 1798 2062 1831 auctoritate

1106 1859 1310 1892 Monacensis
1329 1858 1385 1902 (C)
1404 1858 1534 1891 inserui.
1559 1860 1662 1892 Blelos
1686 1860 1780 1892 etiam
1804 1862 1943 1893 secunda
1965 1863 2060 1894 decli-

1107 1923 1235 1954 natione
1260 1922 1376 1954 Latina
1400 1923 1517 1954 sse-xum
1541 1934 1612 1955 esse
1635 1924 1750 1968 probat
1775 1924 1901 1957 Nonius
1923 1926 1966 1970 (p.
1985 1926 2059 1959 215

1107 1985 1228 2027 Mero).

1178 2045 1380 2092 hypatoides]
1414 2045 1500 2089 Quia
1530 2049 1756 2091 principalium
1785 2048 1929 2092 inprimis
1962 2055 2058 2082 tetra-

1107 2110 1226 2142 chordo
1260 2110 1422 2151 utebatur,
1457 2122 1520 2154 quo
1550 2113 1675 2143 uomica
1699 2112 1891 2144 abstinuisse
1921 2113 2057 2153 videtur,

1107 2172 1180 2216 quia
1213 2172 1308 2214 liujus
1339 2177 1406 2203 erat
1439 2171 1599 2216 antiquam
1624 2173 1765 2205 indolem
1794 2186 1920 2206 servare
1956 2175 2057 2218 (Plut.

1105 2236 1145 2267 de
1172 2248 1250 2267 mus.
1279 2248 1309 2279 p.
1328 2234 1461 2278 1155),
1491 2237 1717 2280 principalium
1746 2242 1851 2268 autem
1880 2238 2055 2268 tetrachor-

1105 2299 1179 2330 dum
1208 2297 1368 2341 posterius
1400 2297 1526 2329 demum
1561 2298 1718 2340 adjectum
1751 2303 1818 2338 cst3
1859 2304 2057 2342 quapropter

1105 2362 1199 2393 etiam
1213 2361 1363 2392 Doricam
1382 2361 1580 2393 >harmoniam
1596 2372 1634 2393 eo
1650 2360 1842 2393 abstinuisse
1861 2361 2055 2393 Plutarchus

1107 2422 1197 2466 (ibid.
1220 2435 1250 2466 p.
1271 2421 1380 2465 1156)
1402 2427 1546 2454 testatur.

1179 2479 1348 2528 νομικὸς]
1358 2482 1425 2514 Alii
1438 2485 1598 2523 momicos,
1621 2494 1661 2515 ex
1678 2493 1742 2527 quo
1760 2482 1895 2525 conjicio
1911 2486 2055 2516 comicos.

1108 2546 1181 2580 Tria
1198 2547 1280 2580 enim
1296 2547 1467 2593 praecipua
1479 2547 1728 2581 modulationum
1747 2557 1863 2591 genera
1880 2547 2053 2592 tragoedia,
