2310 2860
750 153 950 196 Martiani
989 152 1190 210 Capellae
1228 153 1299 196 lib.
1325 152 1357 195 I.
1396 152 1517 207 §.52

2059 157 2113 199 81

157 263 282 314 Quae
313 271 457 304 autem
489 261 683 303 noctibus
719 261 930 303 universis
962 261 1152 313 coelum,
1193 261 1322 313 freta,
1352 270 1652 316 tartarumque
1683 261 1912 314 discutere,
1953 277 2002 303 ac
2039 262 2115 304 de-

155 357 282 385 orum
324 344 520 384 omnium
572 342 691 384 sedes
729 343 926 384 curiosae
965 341 1170 398 indaginis
1204 342 1534 398 perscrutatione
1564 343 1760 394 transire,
1803 357 1915 398 quae
1949 352 2115 385 textum

154 424 327 476 mundi,
377 425 729 481 circulorumque
769 425 993 467 volumina
1024 423 1093 465 vel
1124 422 1359 465 orbiculata
1390 421 1613 477 parallela,
1654 423 1722 463 vel
1753 423 1931 479 obliqua
1960 422 2114 465 decus-

153 515 242 547 sata
279 506 445 561 polose‚
491 516 531 547 et
573 507 788 558 limmata,
837 505 1075 562 axiumque
1122 504 1364 561 vertigines,
1411 517 1511 544 cum
1550 503 1744 559 ipsorum
1781 513 1885 560 puto
1922 503 2114 546 siderum

154 638 363 671 offensionem
392 640 553 683 praebent.
590 639 638 673 At
662 639 689 672 si
714 641 884 683 figurarum
913 641 1112 682 memineris,

155 700 272 744 quibus
282 707 394 734 noster
408 703 642 736 studiosissime
656 704 765 746 utitur,
784 704 907 736 videbis
921 704 1113 748 hypallagen

153 775 213 809 pro
236 777 270 797 »a
285 767 436 810 11erui9ili
451 767 634 810 Philologia
647 769 801 802 laborata.
809 783 820 798 «
847 768 897 800 Ita
917 767 1000 799 enim
1017 780 1112 812 supra

154 824 196 870 (§.
209 827 271 871 22)
287 828 326 860 de
347 841 384 861 ea
407 828 545 861 dixeratt
569 831 734 876 »Peruz’qil
750 831 918 864 immodico
940 836 1112 876 penctrans

156 899 269 921 arcana
292 890 440 932 labore«,
470 897 502 923 et
523 892 604 924 infra
623 893 772 938 (§.124)
796 894 891 936 »vigil
913 893 982 936 ejus
1001 905 1113 934 cura«,

155 956 251 995 atquc
274 951 316 997 (§.
335 953 398 996 59)
424 953 624 987 incessabilis
648 955 740 988 labor
760 962 970 997 memoratur,
999 955 1113 986 deinde

156 1013 251 1045 etiam
267 1013 308 1058 (ἓ.
327 1015 412 1059 1115)
426 1028 485 1060 per
500 1024 767 1061 prosopopoeiam
784 1019 893 1049 Labor
911 1017 1113 1059 Philologiae

164 1076 377 1120 npcdisequus
398 1078 532 1122 ejusque
550 1079 716 1111 alumnus«
738 1080 862 1112 dicitur.
886 1078 981 1111 Alios
1000 1079 1027 1109 si
1043 1090 1115 1123 per-

154 1138 292 1171 lustrarc
314 1141 455 1172 volueris
479 1147 603 1185 po'etas,
630 1143 753 1174 videbis
776 1142 929 1175 Ovidium
960 1140 1053 1187 (trist.
1079 1142 1114 1181 2,

158 1202 218 1246 11)
247 1203 470 1246 »vigilatorum
482 1205 646 1237 laborum«
673 1207 811 1246 dixisse,
830 1218 866 1237 ac
887 1205 1114 1245 Claudianum,

157 1263 213 1308 qui
240 1276 334 1309 saepe
352 1266 511 1299 Martiano
537 1267 684 1311 exemplo
712 1267 790 1307 fuit,
815 1266 903 1310 (bell.
930 1265 1004 1298 Get.
1027 1265 1115 1310 560)

166 1326 320 1370 »pervigil
343 1327 463 1359 labor.«
496 1327 565 1361 Sed
591 1329 669 1372 quid
690 1329 816 1360 multa?
851 1327 976 1361 Statius
1000 1328 1115 1373 (Theb.

162 1390 193 1428 1,
219 1387 306 1432 541)
332 1388 415 1420 sicut
430 1394 542 1420 noster
570 1389 732 1422 »laborata
756 1389 838 1421 vita«
869 1390 1011 1434 scripsit,
1041 1390 1116 1422 Vir-

159 1452 255 1494 gilius
271 1451 367 1494 (Aen.
386 1453 418 1492 1,
440 1452 527 1496 659)
552 1453 732 1485 »laboratae
754 1459 898 1493 vestes«,
923 1452 1116 1496 Quinctiliu-

159 1525 220 1546 nus
245 1512 308 1555 (2,
339 1514 374 1545 5.
402 1514 434 1545 6.
468 1525 499 1557 p.
523 1514 596 1546 269
631 1514 757 1558 Spald.)
792 1515 986 1546 »laboratam
1010 1514 1117 1546 studio

161 1576 337 1611 actionem«
360 1582 421 1609 ete.

234 1638 402 1688 pallorem]
429 1640 564 1684 Legisse
592 1640 717 1673 videtur
743 1642 828 1674 hunc
848 1640 955 1673 Persii
977 1641 1030 1684 (3,
1056 1638 1118 1682 62)

162 1716 308 1738 versuum

218 1769 284 1802 »At
307 1775 338 1802 te
362 1771 532 1802 nocturnis
550 1771 648 1815 juvat
671 1769 882 1815 inpallescere
903 1768 1052 1801 chartis«

239 1834 374 1872 coelum,
394 1832 496 1879 freta]
522 1834 572 1866 Ita
588 1834 728 1866 Hermes
745 1834 791 1878 (in
811 1832 905 1866 Stob.
922 1831 981 1865 ecl.
1000 1832 1032 1872 1,
1059 1830 1119 1871 30,

164 1897 197 1928 8.
221 1907 252 1940 p.
271 1898 343 1929 769
361 1897 495 1941 Heer.):
523 1898 649 1929 »Homo
675 1897 832 1941 siquidem
858 1895 975 1927 animal
999 1899 1048 1926 est
1073 1894 1119 1925 di-

166 1960 292 2000 winum,
316 1972 376 1992 nec
399 1966 449 1992 est
473 1973 546 1993 cum
566 1961 702 1993 terrenis
725 1960 845 2001 brutis,
879 1959 937 1991 sed
964 1971 1035 1991 eum
1059 1957 1120 1989 diis

166 2022 360 2055 coelestibus
388 2022 627 2068 comparandus.
662 2023 752 2067 Quin
775 2022 859 2064 imo,
888 2021 916 2053 si
939 2018 1120 2052 audendum

165 2090 215 2117 est
243 2096 354 2117 rerum
381 2085 490 2127 fateri,
539 2087 635 2119 homo
668 2096 763 2118 verus
797 2083 850 2117 vel
878 2082 1042 2117 coelicolis
1071 2087 1121 2113 est

166 2149 398 2194 praestantior,
422 2149 474 2182 vel
496 2149 609 2181 saltem
630 2149 700 2194 pari
726 2154 811 2181 sorte
830 2148 962 2194 potitur.
1001 2146 1120 2179 Nullus

167 2213 251 2246 enim
276 2213 427 2246 coelitum
455 2213 622 2246 descendit
656 2214 695 2245 ad
719 2219 851 2253 terram,
883 2211 966 2245 coeli
988 2210 1122 2242 limitem

169 2275 340 2317 dcserensg.
373 2277 469 2308 homo
494 2282 600 2308 autem
630 2275 774 2308 aseendit
793 2275 833 2307 ad
854 2274 1000 2315 coelum,
1026 2271 1120 2304 illud-

169 2348 231 2381 que
253 2338 395 2370 metitur:
416 2350 476 2370 nee
493 2350 566 2370 eum
585 2338 677 2380 fugit,
703 2350 784 2382 quae
804 2336 868 2369 ima
889 2341 975 2377 sunt,
1001 2345 1122 2380 quaeve

171 2395 327 2443 sublimia,
354 2414 390 2434 ac
405 2401 528 2447 requua
543 2402 648 2434 omnia
667 2402 836 2444 diligenter
852 2400 996 2445 inquirit,
1020 2398 1122 2444 quod-

171 2475 234 2508 que
258 2465 359 2508 majus
387 2473 454 2507 est,
479 2471 595 2498 terram
623 2466 753 2511 quidem
783 2465 869 2498 haud
899 2463 1060 2496 dimittens
1091 2463 1124 2494 in

172 2527 299 2561 coelum
323 2529 497 2573 attollitur,
529 2536 594 2565 tam
617 2530 722 2577 ampla
741 2536 790 2564 est
811 2531 966 2563 humanae
991 2534 1123 2563 naturae

171 2597 342 2638 potestas«

1239 638 1410 685 discum-e]
1438 637 1493 671 An
1514 639 1714 678 discurrere,
1737 638 1811 682 quia
1832 639 1992 672 subnectit
2009 645 2114 672 trans-

1163 703 1237 736 ire?
1261 702 1364 734 Gno’r.
1380 720 1428 725 --
1456 702 1605 733 Praestat
1630 706 1757 744 recepta
1777 701 1871 733 lectio
1880 724 1891 743 ,
1918 713 1999 745 quae
2023 701 2116 733 etiam

1165 771 1308 797 veterum
1338 764 1491 796 librorum
1528 763 1715 795 auctoritate
1750 763 1900 794 firmatur.
1945 763 2117 795 Discutere

1165 832 1214 859 est
1242 825 1412 868 cogitando
1436 824 1606 868 inquirere.
1623 823 1724 857 Gocz.
1745 842 1791 847 —
1817 824 1985 856 Posterius
2016 824 2117 867 probo

1165 901 1230 921 non
1259 888 1405 920 obstante
1434 886 1700 920 Darmstattensis
1726 885 1845 919 codicis
1883 886 2020 918 lectione
2055 886 2118 916 ‹lis-

1166 966 1304 987 curret-e.

1239 1023 1365 1049 textum
1397 1014 1522 1061 mumli]
1553 1015 1592 1048 Id
1620 1021 1669 1047 est
1695 1015 1879 1057 juncturam
1907 1014 1974 1045 sive
2003 1012 2118 1044 maelii-

1166 1093 1247 1112 nam.
1273 1081 1376 1113 Vae.
1399 1099 1447 1103 —
1480 1079 1637 1111 Similiter
1659 1077 1843 1122 Appulejus
1874 1076 1927 1123 (dc
1951 1076 2011 1108 deo
2028 1076 2119 1109 Soer.

1166 1156 1197 1188 p.
1226 1143 1296 1174 140
1315 1140 1416 1184 Oud.)
1448 1145 1554 1171 »texta
1578 1152 1764 1183 corporum«
1793 1138 1929 1182 scripsit.

1243 1201 1383 1250 obliqua]
1402 1202 1511 1234 Locus
1528 1206 1686 1232 mecastor
1702 1200 1840 1231 luxatus.
1868 1198 1924 1231 Sic
1942 1197 2121 1229 sanoznob-

1166 1264 1253 1309 lique
1269 1265 1456 1296 decussatos
1472 1263 1567 1307 polos
1584 1268 1616 1293 ct
1630 1261 1785 1294 climata.«
1806 1262 1990 1292 Demssare
2005 1271 2063 1304 pro
2076 1259 2122 1290 di-

1166 1327 1275 1359 videre
1292 1326 1445 1357 usitatum
1455 1324 1624 1356 Martiano.
1640 1323 1780 1356 Climata
1793 1328 1860 1354 tum
1874 1334 1914 1353 ex
1932 1333 2041 1360 sensu,
2056 1326 2123 1351 tum

1168 1401 1209 1420 ex
1232 1387 1305 1420 MS.
1327 1387 1433 1418 lituris
1453 1386 1599 1417 restituo.
1632 1384 1689 1418 Sic
1707 1390 1739 1417 et
1758 1385 1882 1432 oblique
1904 1395 1963 1428 pro
1986 1384 2122 1429 obliqua.

1167 1451 1269 1483 Error
1287 1449 1330 1494 (T)
1346 1456 1452 1481 tamen
1469 1449 1521 1480 hic
1536 1454 1644 1479 vetus:
1663 1448 1809 1490 agnoseit
1826 1447 1910 1479 enim
1926 1459 1999 1479 eum
2016 1446 2124 1488 glossa

1167 1511 1300 1552 Isidori,
1335 1510 1368 1542 in
1401 1521 1464 1553 qna
1491 1508 1639 1540 invenio:
1664 1508 1823 1548 »Polose,
1858 1508 1930 1538 alte.
1965 1506 2122 1544 Polosas,

1169 1576 1258 1607 altas.
1265 1589 1276 1602 «
1294 1574 1453 1606 Gnor.—
1465 1573 1565 1616 Quod
1581 1584 1677 1616 saepe
1693 1570 1899 1603 animadverti
1916 1569 2053 1609 criticos,
2068 1568 2124 1613 qui

1168 1638 1292 1678 locum,
1317 1648 1413 1680 quem
1432 1647 1498 1667 non
1518 1635 1718 1676 intelligunt,
1742 1646 1860 1666 sanare
1883 1633 1945 1664 sibi
1965 1633 2123 1671 videntur,

1169 1708 1333 1735 auctorem
1354 1712 1420 1732 non
1451 1710 1577 1743 semper
1609 1703 1712 1730 totum
1741 1703 1814 1729 aute
1848 1696 1959 1729 oculos
1986 1696 2124 1735 habere,

1169 1766 1231 1797 hoe
1261 1763 1356 1795 etiam
1391 1762 1425 1794 in
1457 1760 1574 1794 Grotio
1612 1772 1699 1793 nunc
1729 1757 2027 1803 reprehendendum
2064 1762 2123 1788 est.

1169 1826 1330 1870 Equidem
1351 1824 1430 1856 nihil
1454 1829 1561 1863 muto,
1587 1834 1661 1854 nam
1684 1821 1711 1853 si
1733 1820 1810 1866 quid
1834 1819 1939 1860 video,
1965 1830 2005 1850 cx
2025 1824 2124 1849 astro-

1170 1890 1293 1931 nomia,
1313 1900 1394 1933 quae
1414 1887 1496 1919 infra
1517 1887 1613 1931 (libro
1636 1884 1764 1929 octavo)
1779 1884 1929 1923 docetur,
1950 1882 2028 1914 satis
2051 1881 2125 1913 huic

1170 1953 1243 1985 loco
1266 1951 1348 1983 lucis
1372 1949 1510 1992 affulget.
1542 1946 1758 1988 Philologiam
1777 1945 1861 1977 enim
1887 1943 1991 1976 solere
2015 1948 2126 1975 noster

1171 2016 1248 2048 dicit
1271 2026 1438 2047 numerare
1464 2012 1657 2045 circulorum
1679 2010 1843 2042 volumina
1867 2008 1921 2040 vel
1949 2007 2125 2039 orbiculata

1169 2079 1326 2125 parallelo
1352 2077 1475 2123 (circuli
1504 2081 1580 2108 sunt
1600 2075 1749 2119 paralleli
1769 2073 1809 2105 de
1832 2072 1949 2117 quihus
1973 2069 2002 2116 §.
2024 2069 2123 2114 817),

1171 2144 1223 2176 vel
1243 2144 1371 2190 obliqua
1389 2141 1513 2186 (circuli
1540 2140 1660 2186 obliqui
1685 2136 1713 2182 ἓ.
1730 2136 1836 2181 823),
1862 2137 2030 2168 decussata
2049 2133 2122 2178 (cir-

1171 2208 1253 2248 culi,
1293 2206 1349 2250 qui
1379 2204 1510 2237 eolluris
1543 2204 1758 2235 decussantur
1786 2199 1943 2245 §.-825)‚
1971 2199 2060 2242 polos
2081 2196 2121 2239 (V.

1171 2271 1200 2317 ἓ.
1219 2272 1301 2304 813.
1324 2270 1407 2302 816.
1430 2267 1534 2312 817),
1565 2267 1709 2298 limmata
1735 2263 1850 2308 (spatia
1881 2263 1964 2294 inter
1987 2258 2122 2293 circulos

1172 2334 1201 2380 §.
1220 2334 1325 2378 857),
1353 2333 1523 2376 axiumque
1547 2330 1719 2372 vertigines
1746 2326 1788 2372 (ἓ.
1815 2328 1900 2360 813.
1927 2325 2009 2358 816.
2034 2321 2120 2366 quib·

1174 2399 1244 2431 add.
1271 2397 1298 2442 ξ.
1315 2396 1412 2440 201).
1440 2395 1547 2428 Grotii
1567 2394 1664 2436 igitur
1682 2392 1717 2425 in
1737 2391 1846 2424 codiee
1865 2390 1987 2431 lituras,
2015 2397 2031 2416 e
2054 2383 2121 2427 qui-

1173 2464 1234 2496 hus
1261 2462 1385 2501 locum,
1417 2459 1494 2491 mihi
1516 2458 1646 2504 quidem
1670 2468 1736 2488 non
1761 2455 1945 2491 obscurum,
1974 2447 2120 2480 emenda-

1174 2534 1264 2561 turus
1292 2531 1376 2566 erat,
1406 2523 1593 2568 neutiquam
1619 2532 1707 2555 curo.

1251 2586 1432 2634 decussata]
1460 2587 1516 2621 Sic
1546 2585 1658 2631 scripsi
1673 2593 1731 2627 pro
1753 2581 1922 2633 decusata,
1946 2575 2021 2622 quia
2035 2574 2119 2611 Mar·

1676 2646 1718 2679 11
