2310 2860
725 160 926 204 Martiani
959 159 1163 218 Capellae
1200 158 1273 202 lib.
1295 157 1352 202 V.
1390 160 1421 212 §.
1445 158 1550 201 450.
2042 161 2134 204 405

175 273 320 316 recitat
359 272 498 329 legem
540 270 610 314 vel
644 269 835 325 aliquam
870 268 1012 324 scripti
1040 267 1238 309 formam.
1298 264 1347 307 Id
1379 267 1545 317 autem,
1584 266 1703 321 quod
1734 266 1962 323 probatur,
2002 278 2132 311 status

175 365 256 407 est,
295 355 371 410 qui
403 370 455 395 cx
488 356 628 410 primo
660 352 858 393 conflictu
887 366 1059 407 semper
1090 348 1266 401 exsistit3
1315 357 1478 390 ceterae
1525 348 1790 405 quaestiones
1821 350 2133 393 controversiae

175 435 244 477 vel
276 434 504 476 incidentes
534 442 633 475 sunt
662 431 964 490 pei-bibendae.

533 590 839 643 QUOMODO
880 589 1109 632 STATUS
1141 588 1352 632 FACILE
1387 589 1778 634 INVENIATUR.

344 701 412 743 Sic
434 701 560 757 igitur
589 699 833 742 inveniendi
856 707 986 741 status
1018 697 1151 740 facilis
1182 698 1260 739 erit
1289 698 1408 749 ratio,
1439 711 1577 752 quum
1602 712 1744 753 neque
1774 712 1929 739 nomen
1960 698 2134 740 admissi
2163 697 2249 740 451

174 795 316 837 neque
351 781 553 823 auditoris
591 779 782 821 officium
826 794 968 835 neque
1010 779 1147 835 legem
1188 788 1261 820 aut
1299 780 1504 834 scriptum
1547 779 1722 835 aliquod
1760 780 1996 821 intentionis
2040 780 2134 821 loco

174 863 327 918 poterit
350 863 486 918 objici.
545 862 696 917 Itaque
728 861 818 903 talis
844 871 905 903 est
934 861 1126 903 intentio:
1147 859 1367 900 hominem
1396 859 1601 912 occidisti;
1631 859 1848 915 depulsio:
1869 875 1953 900 non
1977 859 2134 911 occidi;

175 943 365 997 quaestio
396 959 448 984 ex
478 943 544 985 his
574 943 730 985 oritur:
763 958 816 984 an
847 940 1075 984 occiderit?
1115 941 1159 982 in
1194 954 1281 995 quo
1312 948 1422 980 statu
1454 939 1532 980 erit
1561 939 1819 993 conjectura.
1880 939 1963 981 Sed
1994 953 2135 995 quum

171 1023 390 1065 intentioni
419 1025 486 1078 jus
528 1024 625 1066 facti
661 1024 907 1080 opposuerit
935 1037 1056 1073 reuS,
1095 1021 1141 1063 fit
1174 1021 1375 1077 qualitas,
1419 1031 1467 1063 ut
1498 1035 1521 1062 a
1551 1021 1710 1062 Milone
1748 1036 1833 1062 non
1864 1021 2026 1063 factum
2058 1037 2134 1063 ne-

170 1115 314 1160 gatur,
357 1104 430 1145 sed
471 1104 524 1145 de
561 1105 660 1146 faeti
696 1105 792 1158 jure
830 1104 1038 1145 contentio
1082 1111 1161 1154 est3
1193 1102 1394 1143 occidisse
1426 1102 1540 1142 enim
1584 1117 1628 1142 se
1661 1101 1878 1144 fatebatur
1909 1101 2135 1151 Clodium,

169 1184 245 1227 sed
279 1185 377 1240 jure
415 1184 574 1227 fecisse.
641 1185 754 1227 Huic
792 1184 1033 1241 depulsioni
1074 1183 1297 1238 subjicitur
1339 1182 1465 1234 ratio,
1508 1195 1620 1237 quae
1652 1197 1738 1223 non
1770 1196 1856 1223 una
1893 1182 2136 1237 simplexve

172 1267 236 1308 sit.
292 1268 408 1310 Nam
444 1276 579 1323 potest
610 1280 750 1307 unum
791 1275 920 1321 atque
959 1264 1072 1306 idem
1105 1265 1267 1306 factum
1297 1274 1472 1321 propter
1505 1264 1644 1305 varias
1681 1278 1830 1305 causas
1861 1263 1997 1305 videri
2031 1278 2133 1319 pro-

171 1348 333 1400 babile,
376 1357 425 1389 ut
452 1347 536 1389 hoc
574 1347 709 1398 idem,
755 1346 873 1402 quod
913 1346 1200 1388 insidiatorem
1239 1345 1440 1386 occiderit
1477 1344 1602 1396 Milo,
1640 1358 1727 1386 una
1756 1345 1863 1387 ratio
1893 1345 1994 1397 fuit3
2035 1344 2131 1396 alia,

172 1427 290 1484 quod
326 1427 493 1469 hostem
536 1427 798 1483 reipublicae
844 1436 884 1468 et
920 1426 1154 1482 tyrannidis
1193 1424 1455 1466 affectatione
1495 1437 1750 1465 succensum
1793 1439 1836 1465 se
1868 1425 2134 1466 interemisse

170 1508 452 1550 memorabat.
509 1506 559 1548 In
590 1506 750 1561 quibus
786 1506 949 1547 assertis
984 1505 1030 1547 fit
1065 1506 1240 1562 quidem
1274 1505 1476 1561 qualitas,
1514 1503 1588 1545 sed
1618 1503 1813 1545 diversae
1847 1505 2005 1560 species
2038 1506 2132 1560 ejus

170 1597 428 1645 erumpunt;
470 1601 572 1629 nam
607 1587 748 1643 prima
778 1586 977 1638 relativa,
1025 1587 1156 1629 altera
1193 1584 1485 1641 comparativa
1516 1582 1696 1638 qualitas
1727 1583 1873 1639 fulget.
1933 1584 2066 1635 Quod
2099 1585 2135 1626 si

244 1715 407 1763 conflictu]
435 1716 603 1750 Ciceronis
622 1717 702 1749 haec
722 1716 820 1748 verba
844 1720 919 1748 sunt
939 1715 1072 1760 (invent.
1094 1716 1126 1757 1,

172 1780 219 1824 8),
240 1793 321 1826 quac
340 1787 446 1814 tamen
464 1781 704 1825 Quinctilianus
724 1780 772 1825 (5,
796 1781 831 1821 G,
857 1779 895 1823 4)
913 1779 1127 1824 reprehendit.

243 1843 394 1890 admissi]
433 1844 592 1877 Nimirum
626 1844 717 1884 facti,
750 1855 810 1888 pro
841 1844 1010 1875 commissi.
1051 1842 1127 1875 Non

167 1905 319 1938 «Iustinus
345 1906 449 1938 solum
467 1907 546 1950 (15,
563 1906 605 1946 23
644 1918 675 1949 p.
693 1905 768 1937 594
794 1903 911 1947 Gron.)
938 1904 1128 1936 »admittere

168 1969 310 2001 facinus«
337 1968 481 2014 scripsit,
513 1968 571 2000 sed
598 1967 845 2000 Ciceronianam
869 1966 928 2011 (de
951 1967 1004 1998 fin.
1025 1968 1064 2008 1,
1091 1966 1127 2011 1)

169 2030 264 2065 etiam
285 2036 351 2063 est:
381 2030 487 2074 »quod
509 2029 608 2061 semel
632 2030 807 2061 admissum
824 2028 994 2061 coerceri«

242 2104 309 2125 non
325 2090 487 2137 occiderit]
516 2091 647 2135 Optime
667 2090 870 2133 Augustinus
888 2090 931 2135 (p.
947 2090 1031 2122 294.
1051 2089 1125 2122 293

167 2156 282 2200 Pith.)=
302 2156 348 2188 »E
371 2156 508 2196 duobus,
534 2156 620 2188 dicto
637 2160 670 2187 et
688 2167 857 2200 responso,
881 2154 934 2187 vel
948 2137 1126 2187 intentione

169 2222 203 2249 et
228 2220 398 2262 neqatione
432 2218 537 2249 media
567 2217 710 2250 nascitur
742 2217 888 2261 quaestio
921 2218 984 2249 hoc
1014 2214 1126 2248 modo:

168 2278 304 2311 intentio
327 2285 377 2311 est
400 2281 560 2321 occidisti5
591 2279 720 2322 negatio
744 2291 811 2312 non
833 2279 950 2321 occidi,
977 2277 1125 2324 quaestio

169 2352 214 2372 an
235 2340 424 2372 occiderit?«

243 2401 440 2449 conjectura]
467 2402 507 2436 Si
526 2404 566 2436 de
585 2405 718 2437 veritate
745 2405 821 2438 sacti
841 2405 1020 2450 quaeritur,
1052 2416 1125 2438 eon-

163 2467 301 2511 jecturis
328 2467 428 2499 utitur
451 2472 560 2499 orator
578 2467 661 2512 (Cic.
687 2469 727 2501 de
759 2469 881 2504 invent.
904 2471 943 2510 1,
967 2468 1013 2513 8).
1040 2468 1126 2501 Ube-

169 2529 236 2562 rius
261 2532 320 2563 hac
350 2530 390 2562 de
418 2542 453 2562 re
482 2529 647 2574 Sulpicius
675 2532 791 2565 Victor
816 2533 869 2577 (iu
897 2533 984 2565 Pith.
1007 2533 1126 2564 rhetor.

170 2606 202 2639 p.
224 2593 328 2636 250),
358 2593 449 2637 cujus
472 2594 570 2626 verba
597 2607 713 2640 operae
735 2596 872 2642 pretium
895 2596 955 2630 erit
977 2596 1029 2631 hie
1052 2595 1126 2629 suh-

1173 1714 1328 1758 jungere:
1362 1714 1595 1759 »conjecturae
1637 1718 1739 1745 status
1778 1725 1818 1746 ex
1854 1713 2043 1756 negatione,
2080 1725 2137 1758 per

1178 1790 1274 1822 quem
1300 1778 1460 1809 factumne
1488 1775 1530 1808 sit
1552 1775 1733 1820 quaeritur3
1759 1776 1943 1819 conjectura
1968 1775 2137 1820 appellata,

1178 1839 1254 1884 quia
1280 1838 1481 1881 conjiciendo
1508 1843 1542 1870 et
1562 1837 1811 1879 argumentando
1834 1837 1874 1869 ad
1896 1837 2061 1869 veritatem
2082 1848 2137 1868 ne-

1178 1913 1270 1936 cesse
1292 1907 1344 1934 est
1366 1901 1542 1945 pervenire.
1568 1900 1644 1934 Hoc
1672 1900 1742 1942 ejus
1767 1906 1817 1932 est
1837 1901 2018 1945 proprium,
2049 1900 2139 1945 quod

1179 1977 1260 2010 quae
1281 1969 1446 2009 ponuntur
1466 1964 1500 1996 in
1517 1975 1613 1997 causa
1635 1975 1702 1996 non
1722 1963 1792 2008 ipsa
1814 1968 1889 1995 sunt
1907 1964 2054 2004 crimina,
2081 1963 2138 1995 sed

1178 2029 1344 2062 criminum
1373 2028 1474 2070 signa.
1516 2027 1562 2060 Ut
1591 2027 1620 2059 si
1648 2039 1722 2059 rens
1749 2027 1790 2058 sit
1824 2027 1914 2059 dives
1936 2027 2136 2066 adolescens,

1177 2092 1341 2124 affectatae
1363 2089 1556 2135 tyrannidis,
1589 2089 1676 2134 quod
1701 2100 1804 2121 arcem
1827 2089 2023 2134 praeteriens
2048 2089 2133 2121 fleat.

1175 2154 1251 2188 Non
1281 2155 1365 2186 enim
1393 2153 1480 2198 quod
1515 2153 1603 2185 illam
1639 2157 1796 2193 transeat,
1842 2152 1894 2184 vel
1926 2152 2014 2197 quod
2044 2152 2133 2191 fleat,

1177 2217 1297 2250 crimen
1327 2222 1394 2258 est5
1430 2216 1488 2249 sed
1515 2217 1595 2249 haec
1626 2215 1717 2259 signa
1746 2220 1836 2257 sunt,
1872 2228 1970 2260 quare
1996 2214 2134 2259 tyranni-

1176 2279 1250 2312 dem
1276 2280 1423 2311 affectare
1458 2277 1614 2313 videatur.
1656 2277 1820 2310 Dividitur
1850 2277 2032 2319 conjectura
2063 2286 2134 2318 per-

1175 2348 1259 2380 fecta
1286 2342 1367 2374 locis
1391 2342 1458 2374 his:
1481 2341 1707 2386 probationum
1731 2341 1940 2386 expetitione,
1971 2337 2132 2378 facultate,

1175 2404 1359 2445 voluntate,
1385 2416 1404 2435 a
1429 2415 1553 2436 summo
1579 2404 1619 2435 ad
1644 2403 1757 2443 imum,
1785 2401 1954 2447 aliquando
1976 2399 2049 2441 jure
2080 2398 2134 2430 ab&

1177 2469 1302 2509 soluto,
1329 2467 1544 2510 derivatione,
1574 2467 1642 2501 veri
1664 2466 1760 2499 simili
1781 2464 2001 2510 probationem

1252 2532 1404 2566 occiderit
1421 2530 1516 2577 Milo]
1542 2530 1593 2566 lta
1621 2529 1824 2568 Monacensis
1852 2526 1927 2572 (C),
1959 2537 2025 2559 non
2053 2527 2132 2560 occi-

1177 2596 1288 2637 derat,
1315 2601 1352 2631 ut
1374 2594 1410 2631 in
1432 2594 1538 2630 editis.
