2310 2860
1993 165 2048 181 μ-

1996 166 2078 207 107

690 159 890 202 Martiani
920 160 1119 217 Capellae
1149 160 1219 202 lib.
1246 160 1324 202 IX.
1354 164 1385 214 §.
1411 162 1516 204 940.

135 275 429 322 nuncupatur,
468 268 673 323 quoniam
705 281 855 310 eorum
888 281 1000 321 quae
1030 266 1297 307 tetrachorda
1328 269 1602 310 nominantur
1632 269 1739 310 nulli
1774 270 1946 310 omnino
1979 284 2081 311 con-

135 345 278 396 sentit,
321 346 396 387 sed
440 347 698 388 extrinsecus
740 347 861 388 velut
900 346 1126 401 acquisitus
1175 347 1332 388 accedit
1375 358 1549 405 propter
1596 352 1854 392 consortium
1894 351 2081 404 mediae,

137 427 205 467 cui
248 429 467 469 concinere
511 429 748 482 consuevit3
803 429 878 484 qui
923 429 1153 483 acquisitus
1197 443 1283 469 uno
1322 437 1419 469 tono
1459 445 1481 471 a
1522 431 1741 486 principali
1782 433 2082 488 principalium

136 516 377 561 separatur3
409 523 520 563 quae
548 509 790 565 principalis
821 508 1143 565 principalium,
1175 507 1277 563 quia
1307 508 1447 563 prima
1472 509 1513 549 in
1546 510 1811 552 tetrachordo
1838 512 2083 564 collocatur,

136 586 260 639 quasi
290 587 515 641 cujusdam
553 589 725 630 rectoris
764 603 921 629 nomen
962 588 1137 644 accepit3
1181 589 1505 645 subprincipalis
1536 591 1721 646 deniquo
1751 592 1924 644 dicitur,
1970 606 2084 647 quae

136 668 358 724 principali
400 670 588 725 subjecta
627 671 908 725 conjungitur.
983 669 1286 725 Principalium
1337 685 1438 711 vero
1486 672 1713 721 ἐναρμόνιος
1752 682 1784 708 et
1821 672 2082 722 χρωματικὸς,

137 759 270 801 quam
307 763 383 789 nos
426 751 498 791 vix
544 750 687 792 forsan
733 760 845 791 recte
889 750 1163 792 colorabilem
1215 765 1530 804 memoramus3
1579 760 1618 792 et
1661 751 1756 791 ideo
1801 751 1883 791 hoc
1927 764 2085 791 nomen

139 829 319 884 accepit,
371 831 472 886 quia
509 831 617 873 inter
653 831 905 887 principales
937 831 1097 873 colores
1136 831 1283 872 album
1314 841 1561 887 tetrumque
1597 831 1807 886 quidquid
1837 831 2085 885 interjacens

136 910 352 952 invenitur
388 912 615 954 colorabile
653 913 787 966 Graja
824 911 1121 968 significatione
1151 913 1413 970 perhibetur.
1471 913 1584 968 Ergo
1615 913 1910 964 enarmonius,
1957 912 2086 952 chro-

138 992 339 1044 maticus,
387 993 576 1048 itemque
614 994 829 1045 diatonus,
876 1008 1008 1048 quam
1048 1003 1259 1034 extentam
1305 993 1507 1045 dicimus,
1553 994 1706 1035 indicia
1743 1002 1841 1034 sunt
1881 1006 2089 1048 generum

139 1072 402 1114 modulandi.
468 1073 694 1128 Multiplex
739 1075 900 1129 quippe
936 1075 1305 1116 tetrachordorum
1345 1076 1450 1116 ratio
1489 1076 1547 1115 sic
1578 1075 1786 1116 firmatur.

1843 1073 2090 1129 Principalis

143 1163 284 1194 autem
316 1152 582 1203 mediarum,
625 1153 727 1207 quia
765 1154 905 1208 prima
945 1164 1005 1195 cst
1034 1154 1162 1195 medii
1194 1155 1471 1206 tetrachordi,
1515 1155 1610 1196 ideo
1644 1155 1686 1196 id
1717 1170 1874 1196 nomen
1910 1154 2090 1209 accepit3

138 1236 208 1275 cui
237 1235 431 1275 subnexa
467 1233 791 1289 subprincipalis
830 1233 1074 1276 mediarum
1113 1249 1200 1275 esse
1239 1234 1416 1288 dicitur3
1465 1235 1652 1290 denique
1691 1235 1882 1289 reliquae
1912 1244 1994 1275 tres
2025 1233 2093 1273 sui

143 1316 353 1357 similibus
402 1314 619 1355 obediunt.

216 1458 432 1505 extrinsecus]
459 1458 517 1493 Sic
541 1459 669 1492 codices
692 1458 897 1492 Meibomiani
928 1458 1093 1501 nostrique

142 1522 432 1563 Resthenauensis,
455 1521 730 1561 Darmstattensis,
753 1527 786 1552 et
802 1520 1005 1553 Monacensis
1019 1519 1093 1563 (C)3

143 1586 238 1627 vulgo
266 1587 458 1617 extrinseco.
495 1583 648 1616 Ceterum
675 1583 786 1615 confer
815 1581 1013 1614 Bocckliium
1040 1580 1093 1624 (de

142 1653 231 1679 metr.
246 1646 339 1679 Pind.
353 1659 385 1690 p.
394 1646 495 1688 206):
517 1644 716 1676 »Accedeutc
732 1644 883 1687 deinceps
894 1654 1005 1674 versus
1021 1654 1092 1674 aeu-

143 1715 210 1741 tum
230 1708 433 1740 tetrachordo
450 1703 724 1752 ὗπερβολαίων
749 1710 852 1737 totum
877 1710 1015 1748 systema
1031 1703 1093 1735 fac-

145 1777 212 1803 tum
241 1770 446 1814 disdiapason
488 1768 654 1799 deficiente
692 1772 788 1807 tono,
827 1766 878 1799 cui
915 1764 1094 1810 supplendo

145 1845 258 1866 versus
285 1845 378 1875 grave
408 1833 551 1876 adjectus
583 1836 695 1869 tonus,
731 1830 823 1871 cujus
847 1828 973 1870 gravior
995 1838 1094 1859 sonus

147 1895 203 1939 qui
231 1894 346 1926 dicitur
372 1887 765 1938 προςλαμβανόμενος
788 1890 887 1922 totius
913 1889 1094 1933 systematis

147 1957 353 2001 disdiapason
375 1953 578 1996 gravissimus
602 1958 680 1985 cst.«

222 2014 467 2066 ἐναρμόνιος]
506 2016 602 2049 Adde
631 2027 671 2048 ex
699 2014 779 2049 MS.
809 2020 860 2046 »ct
888 2013 935 2046 rei
962 2013 1095 2046 veritate

147 2080 356 2122 ὃιάτονος.«
376 2081 535 2113 (ἷιιοτ.-
561 2079 659 2123 Quod
683 2078 789 2112 Grotii
812 2077 889 2111 MS.
913 2077 999 2109 addit
1018 2072 1094 2111 διά-

116 2133 120 2136 .
148 2155 264 2184 τονος
296 2143 404 2175 nescio
432 2142 486 2173 ubi
516 2143 636 2185 ponere
667 2141 808 2172 debeam.
843 2140 955 2180 Longe
982 2138 1096 2170 melius

151 2217 169 2237 a
189 2205 320 2248 reliquis
336 2205 368 2236 id
390 2204 495 2244 abest,
520 2202 595 2246 quia
619 2204 715 2234 etiam
739 2201 1053 2245 sequitanlusmom.

224 2268 331 2299 album
352 2264 546 2314 tetrumque]
574 2265 694 2298 Sextus
718 2264 899 2309 Empiricus
917 2262 999 2308 (adv.
1017 2273 1097 2294 mus.

151 2329 191 2369 6,
219 2329 285 2368 413
311 2340 342 2371 p.
364 2329 437 2359 534
462 2327 591 2369 Fahr.):
623 2323 749 2371 ὥςπερ
780 2321 902 2372 (βαιάν
927 2336 1012 2359 τινα
1034 2321 1099 2358 καὶ

153 2387 339 2433 μέλαιναν
366 2385 430 2422 καὶ
455 2384 599 2432 λευκὴν
620 2384 759 2433 φωνὴν
786 2383 864 2421 ἀπὸ
894 2384 975 2420 τῶν
1001 2381 1100 2431 πρὸς

153 2447 226 2496 τὴν
256 2446 388 2495 ὅρασιν
428 2444 648 2493 αἰσθήσεων
683 2445 928 2494 κεκλήκαμεν.
970 2446 1103 2480 Scilicet

154 2513 285 2544 alteram
307 2511 407 2545 acutis
432 2511 562 2542 alteram
582 2510 730 2552 gravibus
752 2511 840 2544 sonis
867 2510 1101 2556 comparabant.

157 2574 257 2607 Plura
278 2573 349 2606 vide
375 2572 505 2606 inferius
530 2570 571 2616 (ξ.
587 2571 682 2614 956).

698 1314 875 1357 Dictum
927 1329 1030 1357 vero
1075 1314 1156 1356 hoc
1204 1314 1526 1357 tetrachordum
1577 1313 1844 1365 mediarum,

1909 1313 2010 1367 quia
2049 1312 2093 1352 in

1218 1470 1372 1502 yenerum
1392 1455 1597 1502 modulandi]
1630 1456 1796 1489 Vitruvius
1822 1455 1875 1499 (ὅ,
1899 1454 1940 1494 43
1972 1464 2004 1496 p.
2022 1451 2094 1484 15ss

1144 1518 1244 1563 Bip.):
1280 1520 1427 1552 »Genera
1453 1531 1528 1551 vcro
1556 1518 1807 1550 modulationum
1835 1521 1909 1548 sunt
1933 1515 2007 1546 tria:
2031 1513 2096 1557 pri-

1144 1592 1230 1612 mum
1254 1581 1340 1625 quod
1366 1581 1482 1614 Graeci
1506 1580 1670 1611 nominant
1693 1575 1892 1624 ἁρμονίαν,
1921 1574 2096 1607 secundum

1144 1641 1305 1688 χρῶμα,
1332 1642 1460 1673 tertium
1483 1637 1674 1676 διάτονον.
1707 1640 1769 1671 Est
1788 1644 1892 1670 autem
1913 1636 2096 1669 harmoniae

1144 1703 1319 1735 modulatio
1351 1703 1390 1734 ab
1423 1708 1489 1734 arte
1519 1707 1674 1745 concepta
1707 1705 1740 1732 et
1769 1712 1806 1731 ea
1830 1711 1864 1730 rc
1891 1697 1994 1731 cantio
2025 1697 2096 1738 ejus

1144 1767 1279 1799 maxime
1313 1778 1439 1808 gravem
1476 1771 1508 1797 et
1542 1764 1701 1806 egregiam
1734 1763 1830 1795 habet
1862 1760 2096 1799 auctoritatem3

1146 1831 1273 1860 chroma
1308 1827 1417 1858 subtili
1456 1826 1598 1858 sollertia
1634 1831 1666 1856 et
1696 1824 1864 1857 crebritate
1896 1822 2098 1854 modulorum

1147 1888 1324 1920 suaviorem
1344 1886 1440 1918 habet
1464 1885 1724 1924 delectationem3
1749 1883 1869 1914 diatoni
1894 1893 1987 1921 vero,
2011 1879 2098 1924 quod

1145 1949 1298 1982 naturalis
1322 1953 1387 1987 cst,
1420 1946 1544 1979 facilior
1573 1951 1623 1978 cst
1646 1944 1886 1976 intervallorum
1910 1941 2087 1973 distantiam

1145 2009 1329 2043 Macrobius
1350 2009 1402 2052 (in
1422 2020 1523 2040 somn.
1541 2007 1629 2051 Seip.
1643 2008 1682 2047 2,
1707 2006 1764 2048 4):
1789 2005 1918 2048 »Quum
1943 2003 2007 2034 sint
2029 2014 2092 2034 me-

1146 2072 1251 2104 lodiae
1269 2070 1407 2102 musicae
1429 2069 1489 2101 tria
1513 2081 1645 2111 genera,
1669 2066 1903 2106 enarmonium,
1921 2065 2094 2102 diatonum,

1147 2139 1180 2164 et
1213 2131 1456 2172 chromaticum,
1489 2130 1625 2175 primum
1654 2130 1782 2173 quidem
1812 2133 1945 2172 propter
1965 2125 2094 2158 nimiam

1149 2208 1238 2228 suam
1260 2194 1476 2227 difficultatem
1498 2194 1537 2225 ab
1556 2205 1616 2225 usn
1634 2192 1782 2232 recessit,
1805 2190 1932 2223 tertium
1951 2199 2026 2221 vero
2044 2191 2095 2218 est

1148 2259 1264 2292 infame
1294 2257 1444 2297 mollitic3
1479 2257 1563 2288 unde
1590 2256 1742 2295 medium,
1778 2254 1811 2285 id
1840 2258 1889 2285 est
1914 2251 2093 2289 diatonum,

1149 2320 1327 2352 mundanae
1357 2318 1496 2351 musicae
1521 2317 1663 2350 doctrina
1687 2314 1833 2347 Platonis
1868 2311 2087 2346 adscril›itur.«

1149 2383 1249 2415 Plura
1285 2381 1372 2413 dabit
1403 2381 1587 2413 Boeckliius
1611 2380 1662 2424 (in
1688 2377 1841 2411 Creuzeri
1865 2376 1947 2409 stud.
1970 2376 2010 2410 T.
2027 2374 2094 2416 III,

1151 2459 1183 2492 p.
1201 2445 1272 2489 64).
1298 2444 1383 2477 Vide
1405 2450 1437 2477 et
1456 2456 1516 2477 nos
1538 2444 1669 2476 inferius
1694 2441 1736 2486 (§.
1754 2440 1851 2483 935).

1227 2504 1390 2552 obediunt]
1417 2506 1446 2539 E
1470 2502 1718 2538 Darmstattensi
1739 2501 1848 2536 codice
1870 2511 1930 2548 pro
1951 2500 2097 2533 obedient

1150 2569 1185 2603 in
1209 2569 1312 2603 editis.

1652 2629 1700 2662 95

2113 672 2206 718 942
