2310 2860
81 846 168 888 858

190 185 284 227 654

739 180 939 222 Martiani
976 180 1177 236 Capellae
1206 179 1279 219 lib.
1305 177 1424 220 VIII.
1455 181 1486 230 ᾗ.
1510 178 1610 220 857.

195 292 337 333 minor
372 299 431 331 est
467 303 489 329 a
529 287 749 342 superiore
787 287 1028 340 interjectu,
1075 295 1286 340 quantum
1328 295 1514 341 quatuor
1552 287 1722 326 numeri
1758 285 1811 326 ad
1849 302 1944 340 sex3
1990 288 2042 329 ab
2075 302 2146 328 ae-

196 371 437 431 quinoctiali
482 369 534 410 ad
581 368 823 409 brumalem
862 368 1031 418 similis3
1089 381 1112 407 a
1152 367 1340 408 brumali
1381 377 1520 408 autem
1562 366 1615 407 ad
1658 367 1895 408 austrinum
1938 369 2026 409 talis
2070 377 2150 419 est,

199 454 335 509 qualis
366 452 456 500 illa,
506 463 618 505 quae
649 449 755 490 inter
785 448 1154 505 septentrionalem
1190 448 1537 502 solstitialemque
1573 447 1751 488 circulos
1782 447 2016 502 interjecta3
2068 449 2150 489 cir-

197 533 406 586 culus‘que
444 531 533 585 ipse
571 530 782 571 austrinus
824 539 988 571 tantum
1026 531 1156 572 habet
1196 530 1247 571 ad
1288 529 1503 571 cardinem
1543 543 1694 581 suum,
1740 539 1951 585 quantum
1985 539 2150 585 septen-

195 615 302 655 trion
309 613 381 654 alis
416 611 604 653 ostendit.

914 742 992 782 DE
1030 740 1186 782 FIXIS
1230 739 1429 781 SIGNIS.

367 851 539 891 Peracta
578 850 662 903 jam
715 849 948 904 spatiorum
994 846 1344 901 circulorumque
1391 845 1577 887 breviter
1621 846 1804 898 ratione,
1857 856 1992 888 cetera
2041 860 2153 901 quae

198 930 465 987 appellantur
500 930 725 970 inerrantia
767 943 1086 983 percurramus.

1144 928 1341 968 Dubium
1387 928 1498 968 enim
1540 943 1624 969 non
1661 938 1720 969 est
1756 929 1922 984 triginta
1961 929 2154 985 quinque

198 1013 322 1068 signis
353 1026 478 1052 omne
511 1010 677 1050 eoelum
709 1008 1022 1063 splendescere,
1053 1008 1130 1048 nisi
1162 1007 1269 1048 forte
1295 1007 1394 1048 velit
1418 1009 1512 1063 quis
1538 1023 1687 1050 eorum
1721 1010 1951 1064 gestamina
1981 1009 2156 1059 sociare,

200 1094 297 1135 licet
327 1092 575 1134 animalium
610 1090 829 1131 vocabulis
861 1099 1133 1141 censeantur3
1169 1098 1215 1129 ut
1246 1103 1443 1144 capram,
1475 1105 1588 1145 quae
1622 1089 1842 1131 Heniocho
1874 1089 2158 1145 superposita,

201 1183 275 1215 aut
311 1172 469 1215 haedos
511 1172 584 1226 qui
633 1172 722 1224 ejus
767 1171 960 1211 humeris
1008 1172 1288 1221 sustinentur,
1342 1171 1411 1211 vel
1448 1180 1686 1225 serpentem
1731 1185 1860 1224 quem
1903 1169 2159 1224 Ophiuchus

205 1263 337 1304 tenet,
383 1262 456 1293 aut
493 1251 745 1307 pantheram
794 1265 925 1304 quam
969 1249 1207 1291 Centaurus
1252 1259 1402 1305 gestat,
1448 1264 1560 1305 quae
1599 1249 1734 1290 sidera
1766 1249 1884 1290 velut
1914 1258 2051 1304 partes
2081 1249 2159 1290 ha-

277 1360 409 1405 similis]
451 1360 563 1392 Codex
602 1358 1030 1390 Ettcnlicimmiinsteriensis
1071 1358 1158 1389 addit

201 1427 381 1470 proportio,
413 1435 476 1467 quo
503 1428 617 1453 tamem
649 1422 862 1452 additamento
891 1421 983 1452 facile
1011 1432 1157 1463 superse-

204 1488 332 1527 demus,
365 1485 392 1516 si
430 1483 701 1526 intercapedinem
734 1495 774 1514 ex
813 1482 1076 1514 antecedentibus
1108 1493 1156 1513 re-

205 1550 354 1596 petimus.

278 1608 482 1654 austrinum]
519 1607 615 1640 Alios
644 1614 676 1639 et
706 1607 757 1639 hic
784 1613 815 1638 ct
839 1607 958 1650 ubique
985 1607 1159 1638 australem

204 1676 311 1717 legere
337 1674 471 1706 Grotius
495 1660 528 1703 in
545 1671 686 1713 margine
707 1671 846 1710 notavit3
873 1670 930 1701 scd
953 1676 1089 1714 utroque
1106 1682 1159 1714 pa-

206 1738 282 1769 riter
309 1735 419 1780 optimi
447 1739 592 1765 auctores
618 1737 760 1763 utuntur.

281 1799 457 1840 spatiorum
470 1791 736 1840 circulorumque]
756 1791 869 1824 Codex
885 1791 1160 1823 Ettenheimmiin-

209 1859 373 1892 stet-iensis
402 1859 530 1889 inverso
568 1857 697 1888 ordine:
727 1857 865 1887 breviter
894 1857 1070 1898 spatiorum
1100 1857 1160 1888 cfr-

210 1925 434 1969 culornmqne3
460 1932 598 1964 moxque
625 1926 725 1951 totum
753 1919 873 1951 coelum
899 1930 957 1962 pro
987 1930 1085 1950 omne.

286 1983 479 2029 inerrnntia]
489 1984 537 2015 Ita
547 1985 613 2025 jam
627 1983 740 2015 Cicero
755 1982 924 2026 appellavit
943 1995 1022 2026 quae
1037 1982 1161 2014 Graece

211 2048 400 2088 ἀπλανεῖς
431 2049 578 2080 dicuntur
603 2047 654 2091 (N.
677 2048 718 2078 D.
741 2047 780 2085 2,
811 2045 889 2089 21),
917 2058 956 2077 ne
979 2046 1162 2088 ambignita-

211 2122 275 2147 tem
300 2114 418 2144 formae
438 2111 587 2143 Martiani
606 2111 717 2154 eulpae
737 2110 867 2142 tribuas.

284 2179 418 2221 triffl‘nIa
449 2173 609 2222 quinque]
646 2174 793 2217 Hyginus
823 2173 940 2217 pariter
972 2179 1066 2216 atque
1092 2183 1162 2215 per-

215 2245 346 2271 sonatus
378 2233 609 2269 Eratosthenes
634 2236 666 2266 in
693 2235 929 2267 Catasterismis
956 2233 1163 2278 qnadraginta

215 2301 278 2333 dno
304 2305 463 2339 numerat,
502 2297 739 2342 comprehensis
766 2297 911 2328 nimirum
937 2296 1162 2336 zodiaealibus,

217 2375 298 2406 quae
315 2368 426 2394 noster
445 2360 578 2392 seorsim
600 2359 710 2399 habet,
738 2364 771 2389 nt
791 2359 914 2400 triginta
937 2364 1057 2389 tantum
1075 2369 1163 2400 prae-

217 2431 301 2457 terea
334 2424 561 2467 relinquantur.
615 2421 755 2453 Corvum
789 2421 937 2452 widelieet
972 2427 1003 2451 et
1030 2421 1162 2453 Cratera

219 2500 288 2519 eum
309 2487 421 2529 llfdro
446 2485 566 2526 jungit,
594 2482 764 2515 Coelnlum
788 2489 890 2513 antem
916 2483 981 2513 §.ve
1002 2483 1163 2514 Coronam

220 2549 388 2579 australem
419 2559 550 2590 prorsus
580 2545 710 2585 omittit5
738 2544 844 2588 plures
877 2557 934 2575 nec
962 2546 1028 2587 ipse
1056 2550 1165 2575 noster

221 2611 330 2651 habet,
366 2621 426 2641 nec
459 2609 541 2639 uude
577 2607 704 2649 triginta
733 2607 872 2650 quinque
898 2607 1059 2638 absolvam
1084 2606 1167 2654 scio7

1208 1358 1269 1389 nisi
1291 1357 1419 1401 Aquam
1447 1357 1621 1388 addiderim
1646 1363 1678 1388 ct
1703 1357 1889 1401 Canopum,
1912 1370 1993 1401 quae
2019 1363 2160 1389 extremo

1208 1419 1330 1463 posuit,
1359 1419 1414 1450 sed
1441 1424 1476 1449 ut
1502 1419 1570 1462 ipse
1603 1424 1709 1462 partes
1738 1419 1845 1463 potins
1873 1419 2035 1461 signorum
2067 1415 2185 1463 (luam¹

1209 1481 1298 1522 signa
1324 1481 1392 1524 ipsa
1415 1492 1487 1512 esse
1514 1480 1717 1522 intelligeret.
1746 1482 1796 1513 De
1819 1482 1967 1525 reliquis,
1997 1482 2060 1513 nisi
2085 1482 2161 1526 quid

1208 1545 1411 1589 peculiariter
1447 1545 1639 1576 monendum
1672 1545 1784 1586 fucrit,
1830 1546 1967 1577 lectores
1998 1546 2162 1578 commode

1210 1607 1249 1638 ad
1269 1607 1395 1637 illorum
1412 1606 1598 1638 alterutrum
1614 1612 1842 1652 praetereaque
1859 1608 1898 1639 ad
1912 1607 2047 1639 Aratum
2068 1613 2162 1652 atque

1209 1668 1376 1700 Manilium
1397 1668 1622 1709 ablegabimus.

1284 1731 1361 1761 velit
1386 1728 1470 1776 quis]
1505 1730 1552 1760 lta
1582 1729 1709 1761 codices
1734 1729 2162 1762 Ettenlieimm{instericnsis

1211 1797 1243 1823 et
1265 1791 1440 1824 Grotianus
1465 1803 1523 1835 pro
1547 1792 1625 1822 velit
1650 1793 1785 1837 quisque
1808 1791 1840 1822 in
1867 1791 1969 1823 editis.

1284 1853 1426 1899 capram]
1455 1854 1552 1898 Apud
1577 1854 1726 1886 Grotium
1751 1866 1857 1886 errore
1885 1866 2073 1898 expressum
2097 1861 2166 1886 erat

1212 1931 1326 1962 capra,
1362 1919 1448 1962 quod
1484 1919 1617 1951 correxi.
1668 1919 1820 1951 Ceterum
1853 1920 1964 1951 confer
1994 1919 2165 1951 Geminum

1212 1982 1316 2025 (clem.
1341 1988 1416 2013 astr.
1441 1995 1467 2014 e.
1485 1983 1526 2021 2,
1552 1995 1582 2025 p.
1599 1984 1642 2014 {5
1665 1982 1806 2026 Petav.):
1829 1978 1850 2016 ὁ
1873 1981 1913 2017 δὲ
1938 1983 1979 2017 ἐν
2002 1981 2058 2030 τῷ
2077 1979 2165 2017 εὐω-

1212 2042 1321 2092 νύμῳ
1359 2044 1450 2092 ὤμῳ
1483 2045 1554 2080 τοῦ
1576 2042 1764 2090 Ἡνιόχου
1795 2045 1969 2089 κείμενος
1990 2043 2166 2091 λαμπρὸς

1213 2107 1334 2155 ἀστὴρ
1362 2108 1439 2150 Αἲξ
1468 2105 1813 2156 προσαγορεύεται·
1853 2110 1891 2144 οἱ
1915 2107 1966 2143 ’δὲ
1996 2109 2038 2144 ἐν
2067 2105 2164 2154 ἄκρᾳ

1213 2170 1285 2206 τοῦ
1304 2167 1428 2205 αὐτοῦ
1446 2169 1552 2217 χειρὶ
1571 2170 1736 2215 κείμενοι
1755 2167 1970 2216 ἀστέριόκοι
1993 2165 2063 2204 δύο
2076 2168 2165 2214 Ἐρι-

1215 2245 1285 2280 φοι
1308 2232 1529 2266 καλοῦνται.

1287 2297 1477 2339 pamlieram
1510 2293 1625 2342 quam]
1663 2293 1719 2326 Sic
1754 2293 1856 2325 codex
1891 2293 2164 2326 Ettenlieimmiin-

1215 2357 1395 2397 stet-iensis3
1422 2357 1517 2398 vulgo
1542 2368 1652 2403 quem,
1677 2355 1762 2398 quod
1777 2357 1935 2398 panthera
1958 2361 2051 2388 antea
2070 2355 2165 2387 scribi

1214 2419 1400 2463 postularet.
1450 2418 1601 2450 Ceterum
1635 2417 1820 2460 simpliciter
1850 2416 1995 2463 θηρίον
2025 2418 2167 2462 appellat

1215 2481 1335 2512 Aratus
1361 2481 1545 2523 (phaenom.
1576 2477 1685 2521 Ml),
1724 2478 1808 2510 unde
1842 2480 1974 2511 bestiam
1998 2479 2165 2511 Vitruvius

1217 2545 1269 2587 (9,
1290 2545 1312 2575 ll
1330 2555 1354 2574 s.
1371 2544 1422 2585 7)3
1449 2542 1598 2585 Hyginus
1617 2547 1721 2573 nutem
1738 2543 1785 2585 (2,
1803 2544 1861 2574 58.
1878 2544 1913 2583 5,
1933 2542 1995 2585 5¹7)
2018 2544 2165 2583 hostiam,

1219 2617 1312 2650 qnam
1338 2616 1432 2667 sva
1458 2615 1541 2635 aram
1568 2609 1679 2635 tenens
1704 2603 1867 2635 immolare
1893 2604 2044 2636 videatur.
2070 2604 2165 2637 Adde
