2310 2860
148 1077 173 1097 ’Ξ

182 1077 203 1117 ..a-x

209 1077 235 1117 §.x

267 138 358 180 464
834 159 838 164 ⁴
860 133 1058 174 Martiani
1098 132 1297 191 Capellae
1327 134 1399 177 lib.
1421 133 1476 177 V.
1507 138 1538 188 ᾗ.
1561 136 1664 178 545.

266 246 377 285 tibus
408 244 589 284 frontem
630 239 820 282 nudandi
863 251 960 282 sunt
998 241 1133 292 oculi,
1187 241 1305 297 quod
1341 242 1384 282 in
1422 243 1570 283 Pisone
1602 242 1772 284 Tullius
1811 258 1954 286 amare
1984 246 2217 302 vituperat3

267 340 344 366 nec
374 323 543 364 mollius
582 322 761 377 agitandi
801 331 898 362 sunt
936 331 1095 376 gestus,
1140 331 1213 362 aut
1251 322 1517 364 muliebriter
1555 324 1686 364 latera
1717 323 1966 366 deducenda
1994 336 2111 378 sunt,
2141 341 2219 367 nec

265 403 457 459 jactanda
488 404 735 445 deformiter
767 404 934 453 cervix,
980 418 1033 443 ne
1069 403 1111 444 in
1140 402 1231 442 illas
1262 401 1476 443 Hortensii
1510 402 1748 444 deducatur
1782 404 2020 457 illecebras,
2064 408 2219 462 quibus

267 482 339 524 etsi
383 493 584 533 venuste,
637 493 779 524 tamen
814 499 897 524 non
934 483 1159 524 videbatur
1201 483 1262 522 uti
1301 482 1488 524 viriliter.

1556 483 1624 524 Ad
1653 499 1873 526 summam
1902 501 1987 526 non
2018 486 2050 526 is
2081 496 2216 541 gestus

266 566 424 606 oratori
459 565 664 607 tenendus
697 574 776 616 est,
820 579 907 620 quo
949 579 1098 606 scenae
1128 564 1298 620 placere
1329 563 1528 604 videntur
1568 573 1748 615 actores,
1794 579 1948 606 manus
1978 565 2021 605 in
2052 574 2221 607 conten-

268 647 451 687 tionibus
475 647 567 688 susa
592 647 846 703 porrectius,
886 647 929 687 in
961 647 1314 688 sermocinatione
1341 646 1409 687 vel
1432 647 1673 687 narratione
1699 656 1930 698 contracta,
1961 646 2212 703 praecipue—-

269 742 355 782 que
383 729 424 768 iu
466 728 547 769 hae
584 738 702 784 parte
737 727 1039 784 praestandum
1073 736 1155 778 est,
1203 735 1251 767 ut
1280 725 1456 767 deceant
1487 736 1660 778 cuncta,
1693 726 1809 783 quod
1840 727 2064 784 prudentia
2096 728 2226 783 magis

270 823 403 864 quam
435 809 521 850 ulla
556 809 860 867 praeceptionis
891 809 1021 864 hujus
1054 818 1142 850 arte
1173 817 1381 850 servatur.

864 969 944 1010 DE
983 968 1268 1011 PARTIBUS
1311 966 1646 1010 ORATIONIS.

437 1072 531 1114 Jam
567 1088 680 1115 nunc
718 1073 822 1116 ordo
860 1074 1059 1117 admonet
1097 1075 1432 1132 promissorum,
1486 1083 1533 1115 ut
1563 1083 1702 1129 partes
1742 1073 1938 1114 orationis
1972 1086 2226 1114 excurram:

274 1164 380 1207 quas
407 1152 585 1207 quidam
616 1153 812 1195 subtilius
845 1154 972 1206 duas,
1017 1155 1085 1197 alii
1126 1155 1339 1211 quinque,
1379 1153 1574 1196 nonnulli
1605 1154 1749 1211 plures
1780 1170 1867 1195 esse
1897 1154 2108 1197 dixerunt.
2141 1155 2227 1205 Qui

345 1313 381 1344 in
396 1310 528 1356 Pisone]
552 1312 705 1344 Pluribus
727 1312 807 1345 locis
829 1314 890 1346 hoc
907 1313 1026 1346 inimici
1043 1314 1093 1345 sui
1113 1314 1225 1346 vitium

271 1373 356 1406 salse
382 1381 487 1416 notat,
513 1387 577 1407 non
603 1377 698 1408 modo
720 1377 753 1408 in
778 1378 920 1409 oratione
945 1378 1097 1409 adversus
1122 1378 1226 1422 ipsum

269 1435 351 1481 (cap.
372 1436 422 1480 7)=
444 1438 638 1481 »respondes
662 1438 762 1470 altero
790 1439 830 1470 ad
851 1440 989 1471 frontem
1015 1440 1157 1481 sublato,
1183 1439 1227 1470 al-

269 1503 339 1529 tero
367 1499 406 1529 ad
429 1505 569 1531 mentum
592 1500 745 1544 depresso
769 1503 976 1544 supercilio«,-
1001 1514 1110 1533 verum
1133 1501 1228 1532 etiam

270 1573 329 1605 pro
355 1561 468 1594 Sextio
495 1563 577 1607 (cap.
594 1564 645 1606 8):
676 1570 780 1596 »tanta
809 1571 876 1596 erat
904 1565 1040 1606 gravitas
1063 1565 1096 1596 in
1123 1564 1228 1603 oculo,

273 1631 361 1656 tanta
389 1627 564 1657 contractio
595 1627 726 1666 frontis,
770 1633 806 1658 ut
828 1627 884 1658 illo
910 1628 1079 1670 supercilio
1119 1639 1229 1670 respu-

272 1686 357 1718 blica
387 1692 537 1730 tanquam
561 1686 695 1719 Atlante
727 1688 852 1719 eoelum
878 1688 936 1719 niti
965 1688 1162 1727 videi-etun,
1199 1692 1231 1718 et

275 1748 315 1778 de
341 1748 512 1790 provinciis
544 1749 766 1786 consularibus
796 1750 877 1793 (cap.
905 1749 951 1792 4).
994 1750 1043 1781 De
1070 1748 1232 1793 supercilii

275 1814 363 1839 motu
385 1809 418 1839 in
442 1809 627 1840 universum
653 1810 722 1841 vide
746 1810 998 1853 Quinctilianum
1020 1812 1099 1856 (11,
1121 1812 1161 1851 5,
1184 1811 1231 1843 78

277 1872 380 1916 sequ.)
403 1878 435 1903 et
457 1872 590 1904 Curium
617 1873 881 1905 Fortunatianum
907 1874 951 1918 (p.
973 1877 1028 1907 77.
1060 1876 1105 1907 78
1124 1873 1233 1917 Pith.).

350 1935 532 1981 Hortensii]
559 1937 598 1968 In
618 1944 723 1969 mente
744 1938 893 1970 babuisse
917 1939 1042 1971 videtur
1066 1937 1233 1970 Ciceronis

277 1996 322 2040 (in
351 1997 443 2029 Brut.
476 1997 542 2040 88)
568 1998 738 2038 judicium:
777 2005 899 2031 »motus
935 2006 967 2031 et
1002 2007 1111 2042 gestus
1140 2000 1235 2031 etiam

280 2060 350 2103 plus
372 2060 446 2091 artis
467 2061 642 2101 habebant,
669 2075 763 2106 quam
782 2069 850 2094 erat
870 2064 988 2096 oratori
1010 2065 1114 2095 satis«
1138 2063 1234 2095 Adde

283 2121 538 2166 Quinctilianum
564 2125 641 2166 (ll,
664 2127 707 2164 5,
731 2128 770 2165 83
794 2139 823 2169 p.
841 2128 915 2159 554
940 2127 1074 2170 Spald.).

353 2185 507 2230 venuste]
545 2186 583 2217 Id
614 2187 717 2230 ipsum
747 2195 896 2233 tanquam
925 2190 1127 2222 histrionium
1159 2189 1236 2222 vitio

280 2249 375 2280 vertit
391 2248 516 2280 Auctor
539 2250 578 2280 ad
595 2250 794 2283 Ilerenuium
819 2255 872 2296 (5,
895 2253 968 2296 15)=
989 2253 1154 2285 ”convenit
1179 2253 1236 2295 igi-

282 2317 333 2342 tur
356 2309 389 2341 iu
407 2310 497 2342 vultu
521 2311 676 2354 pudorem
696 2318 729 2343 et
751 2313 952 2345 acrimoniam
977 2327 1065 2356 essee,
1091 2315 1124 2346 iu
1146 2320 1238 2357 gestu

282 2387 341 2406 nee
372 2380 572 2406 venustatem
615 2375 872 2419 conspiciendam
908 2390 966 2410 nec
998 2378 1238 2422 turpitudinem,

283 2448 323 2468 ne
349 2441 404 2466 aut
432 2437 603 2467 histriones
632 2442 687 2467 aut
713 2437 849 2480 operarii
873 2439 1034 2470 videamur
1057 2451 1156 2472 essem

359 2495 495 2542 manns]
523 2498 657 2529 Praeter
681 2497 847 2530 Ciceronis
873 2499 926 2542 (de
947 2506 1024 2531 orat.
1038 2502 1080 2541 5,
1102 2501 1164 2545 59)
1180 2502 1240 2533 hac

286 2557 325 2588 ‹lc
348 2570 381 2590 re
400 2564 571 2603 praecepta
592 2560 703 2593 confer
716 2559 912 2592 Aeschinem
931 2561 978 2605 (in
993 2562 1152 2595 Timarch.
1168 2562 1240 2605 12),

1277 1312 1531 1356 Quiuctilianum
1562 1314 1622 1357 (l,
1654 1313 1717 1353 11,
1760 1314 1800 1351 83
1835 1325 1865 1356 p.
1889 1311 1973 1344 259.
2000 1313 2038 1351 1,
2073 1310 2134 1352 12,
2167 1311 2230 1351 143

1277 1376 1406 1420 p.2l18.
1433 1376 1496 1413 11,
1529 1376 1568 1414 5,
1602 1375 1667 1413 89,
1693 1387 1723 1417 p.
1738 1375 1842 1417 400),
1880 1379 1913 1405 et
1941 1373 2083 1406 Gellium
2108 1373 2162 1417 (1,
2187 1372 2233 1414 5).

1279 1439 1348 1472 Sed
1372 1438 1510 1469 dilucide
1528 1437 1713 1481 Appulvjus
1726 1438 1813 1481 (met.
1833 1438 1873 1478 23
1905 1450 1936 1482 p.
1954 1437 2025 1469 142
2044 1435 2144 1480 oud.)
2165 1447 2233 1468 ora-

1279 1503 1358 1534 toris
1383 1508 1506 1544 gestum
1537 1501 1688 1533 describit
1720 1501 1779 1532 ita:
1810 1501 1962 1546 »porrigit
1987 1501 2166 1541 dexteram,
2203 1505 2236 1531 et

1282 1567 1321 1597 ad
1340 1566 1439 1596 instar
1459 1571 1620 1596 oratorum
1637 1566 1813 1597 conformat
1831 1566 2015 1605 articulum,
2042 1565 2233 1606 duobusque

1280 1627 1396 1659 infimis
1422 1626 1582 1658 conclusis
1607 1627 1714 1667 digitis
1738 1633 1862 1658 ceteros
1887 1627 2062 1658 eminentes
2089 1625 2235 1670 porrigit,

1282 1694 1315 1721 et
1338 1688 1455 1719 infesto
1481 1688 1597 1731 pollice
1620 1688 1793 1719 elementer
1818 1688 1984 1729 subrigens
2008 1688 2095 1719 infit«
2123 1692 2184 1720 cet.

1357 1756 1394 1781 ut
1416 1748 1561 1794 deceant]
1584 1749 1698 1781 Cicero
1721 1750 1774 1792 (de
1793 1756 1869 1781 orat.
1889 1751 1920 1790 1,
1944 1749 2020 1792 29)=
2043 1749 2131 1791 »Ego
2153 1747 2237 1780 enim

1283 1811 1441 1844 neminem
1468 1824 1528 1843 uec
1550 1816 1639 1843 motu
1663 1811 1807 1855 eorporis
1829 1824 1889 1843 nee
1917 1811 1988 1855 ipso
2011 1811 2121 1843 habitu
2143 1816 2238 1854 atque

1283 1875 1384 1905 forma
1409 1873 1580 1917 aptiorem,
1604 1885 1663 1904 nec
1685 1884 1763 1905 voce
1787 1873 1962 1917 pleniorem
1987 1878 2041 1904 aut
2059 1872 2239 1905 suaviorem

1284 1937 1360 1969 mihi
1386 1936 1495 1969 videor
1515 1936 1659 1976 audisse3
1692 1948 1774 1980 quae
1798 1937 1914 1981 quibus
1939 1949 1957 1968 a
1979 1942 2093 1969 natura
2117 1935 2238 1967 minora

1286 2000 1359 2033 data
1379 2007 1463 2041 sunt,
1486 2006 1593 2032 tamen
1611 2000 1691 2032 illud
1713 2001 1842 2044 assequi
1863 2006 2014 2044 possunt,
2040 2005 2076 2031 nt
2095 1999 2133 2029 iis
2157 2008 2238 2040 quae

1285 2065 1404 2097 liabent
1437 2064 1560 2095 modice
1593 2069 1626 2094 et
1654 2064 1790 2095 scienter
1820 2069 1964 2101 utantur,
2000 2067 2032 2093 et
2056 2067 2091 2093 ut
2121 2072 2161 2092 ne
2189 2061 2241 2092 de·

1287 2127 1405 2158 deceat.
1438 2125 1476 2156 ld
1507 2125 1591 2156 enim
1617 2130 1667 2156 est
1694 2125 1827 2155 maxime
1853 2123 2031 2162 vitandum,
2060 2128 2092 2154 et
2114 2122 2152 2153 de
2180 2123 2242 2153 hoc

1287 2198 1351 2219 uno
1374 2185 1500 2217 minime
1528 2191 1578 2217 est
1603 2185 1695 2217 facile
1723 2184 1922 2228 praecipere,
1951 2195 2017 2215 non
2041 2183 2117 2214 mihi
2147 2183 2242 2215 modo

1288 2250 1345 2282 scd
1365 2249 1458 2280 etiam
1477 2249 1538 2293 ipsi
1556 2249 1601 2279 illi
1619 2247 1751 2287 Roscio,
1775 2259 1869 2290 quem
1889 2258 1984 2290 saepe
2007 2246 2101 2278 audio
2124 2246 2241 2287 dicere,

1288 2318 1383 2357 eaput
1402 2324 1470 2344 esse
1493 2314 1572 2344 artis
1595 2312 1720 2350 decere,
1743 2310 1829 2354 quod
1855 2316 1961 2342 tamen
1984 2322 2083 2342 unum
2102 2309 2134 2342 id
2159 2321 2242 2352 esse,

1289 2376 1376 2421 quod
1399 2376 1480 2406 tradi
1503 2380 1570 2406 arte
1592 2385 1658 2405 non
1676 2374 1809 2417 possin«
1844 2374 1968 2408 Confer
1992 2379 2025 2406 et
2049 2373 2241 2417 Quinctiliu-

1289 2450 1366 2469 num
1387 2437 1459 2480 (11,
1483 2437 1523 2476 5,
1552 2436 1600 2467 69
1626 2435 1738 2478 sequ.).

1363 2504 1473 2542 parles
1503 2495 1675 2542 orationis]
1711 2496 1827 2529 Cicero
1861 2496 1914 2540 (de
1938 2495 2056 2529 invent.
2080 2496 2117 2535 1,
2145 2494 2191 2526 14
2209 2493 2245 2538 f.)

1291 2573 1349 2596 sex
1386 2572 1518 2594 numero
1557 2572 1612 2594 eas
1647 2561 1772 2601 statuit,
1801 2571 1898 2606 quem
1930 2559 1970 2591 ad
1995 2559 2101 2592 locum
2123 2557 2245 2592 Marius
