2310 2860
701 177 900 220 Martiani
932 177 1131 235 Capellae
1160 178 1232 220 lib.
1257 177 1332 219 ΙΙΙ.
1363 180 1395 230 §.
1422 177 1520 219 227.
2033 182 2119 224 261

155 189 163 230 ἲ

162 284 543 344 praepositionibus
587 293 660 326 aut
712 285 1080 341 conjunctionibus
1129 296 1204 328 aut
1258 284 1515 343 participatis
1569 285 1780 339 insistere,
1826 295 2000 345 totaque
2048 302 2124 330 cu-

160 365 316 418 randos
347 376 437 408 arte
475 366 656 421 fatigari.
713 366 836 408 Hanc
865 367 992 423 igitur
1021 368 1228 410 seminam
1259 369 1330 410 tali
1361 368 1600 411 multorum
1632 371 1850 412 curatione
1895 372 2119 415 callentem

160 459 301 501 quum
338 446 534 489 deorum.
560 447 755 488 nonnulli
798 447 1002 500 Jatricen,
1049 449 1117 490 alii
1155 449 1458 491 Genethliacen
1502 450 1680 493 diversis
1720 467 1869 494 rerum
1916 456 2120 511 operibus

158 532 450 582 aestimarent,
498 528 814 585 addereturque
855 527 953 569 fidei
991 529 1191 571 medendi
1228 530 1438 583 sollertia,
1490 533 1607 588 quod
1640 548 1733 575 eam
1766 535 1963 590 opitulari
1998 551 2120 591 posse

158 611 242 651 oris
279 611 389 653 vitiis
432 626 511 652 nec
554 611 691 653 Pallas
735 611 962 666 denegaret
1003 626 1081 652 nec
1124 613 1213 667 ipse
1249 612 1500 669 Majugcna3
1554 614 1930 658 inconsentaneum
1974 625 2119 657 tamen

156 690 383 733 videbatur
417 692 613 736 incedere
650 692 864 734 medicam
903 693 1166 750 penulatam.
1225 693 1390 736 Idcirco
1423 694 1476 735 ab
1509 709 1558 736 ea
1598 705 1636 737 et
1667 712 1824 738 nomen
1860 707 1901 738 et
1930 696 2120 737 officium

154 787 286 815 suum
308 789 356 816 ac
377 776 501 818 totius
527 776 731 832 expositio
759 776 857 817 artis
880 775 1136 830 exquiritur.
1177 775 1304 816 Tunc
1331 776 1423 827 illa,
1456 785 1503 817 ut
1533 776 1743 819 familiare
1768 778 1953 820 habebat
1985 793 2120 835 expo-

155 868 258 895 nere
280 865 555 911 percunctata
580 870 628 896 ac
652 854 804 897 docere
822 855 958 907 facile,
991 869 1103 910 quae
1131 855 1183 896 ab
1210 855 1360 897 eadem
1387 857 1720 912 quaerebantur,
1743 860 1902 915 penula
1922 875 1945 901 a
1969 858 2120 900 dextra

155 947 256 974 cum
281 934 488 976 modestia
518 935 868 991 verecundiaque
897 935 1108 986 revelata,
1138 935 1195 975 sic
1228 937 1383 992 eoepit:
1420 942 1668 992 Γραμματικὴ
1700 941 1818 983 dicor
1848 941 1890 982 in
1925 941 2120 993 Graecia,

153 1016 271 1071 quod
307 1020 461 1070 γραμμὴ
501 1018 631 1070 linea,
671 1027 711 1060 et
753 1021 960 1070 γράμματα
998 1016 1145 1058 literae
1175 1026 1502 1073 nuncupentur,
1549 1020 1744 1076 mihique
1774 1022 1825 1062 sit
1862 1021 2115 1062 attributum

150 1096 374 1142 literarum
404 1099 565 1142 formas
595 1100 778 1156 propriis
803 1098 1000 1142 ductibus
1030 1098 1202 1139 lineare.
1243 1099 1442 1154 Hincque
1472 1100 1580 1141 mihi
1604 1101 1818 1142 Romulus
1847 1101 2115 1143 Literaturae

149 1246 238 1267 rum«
261 1234 347 1267 idem
369 1246 442 1267 csse
464 1247 500 1267 ac
523 1235 551 1267 si
571 1235 707 1267 dixisset
729 1246 843 1279 »quam
868 1232 1006 1278 plurima
1034 1244 1109 1277 ope-

148 1308 212 1330 ram
245 1296 360 1329 Voluit
376 1309 452 1328 sane
472 1302 583 1328 noster
603 1297 796 1340 »discipulos
816 1308 948 1338 cogere,
976 1301 1012 1327 ut
1040 1307 1108 1337 gra-

150 1358 210 1390 dus
244 1357 381 1402 (quibus
410 1358 450 1390 ad
484 1358 611 1398 fastigia
643 1358 671 1402 ἓ.
697 1359 771 1390 268
805 1356 1009 1401 pervenitur)
1036 1369 1107 1401 pcr-

148 1425 330 1460 currcrcnt,
354 1420 611 1466 semidei-entqne
633 1431 727 1462 quam
742 1419 879 1463 plurima
899 1430 996 1462 opera
1017 1419 1106 1462 (poe-

147 1483 242 1527 tica),
274 1489 307 1515 et
335 1483 521 1514 insisterent
550 1483 843 1527 praepositionibus
874 1481 916 1526 (ξ.
939 1482 1026 1524 287)
1052 1486 1108 1512 aut

147 1545 429 1588 conjunctionibus
456 1543 504 1589 (ἓ.
530 1544 623 1588 286)
661 1550 716 1577 aut
744 1544 942 1589 participatis
967 1543 1105 1588 (partici-

145 1607 207 1655 piis
230 1606 259 1652 §-
279 1607 352 1639 285
375 1607 396 1638 f.
420 1605 537 1651 283).«

223 1669 408 1716 curatione]
437 1669 540 1703 Verbi
569 1669 668 1702 calleo
701 1681 773 1702 cum
804 1673 897 1700 sexto
925 1679 1002 1701 casu
1028 1679 1102 1699 con-

146 1733 259 1766 structi
274 1733 367 1777 plura
384 1732 531 1778 exempla
554 1731 718 1773 congessit
737 1730 934 1775 Stephanius
953 1730 1007 1773 (ad
1025 1728 1102 1762 Sax.

145 1809 177 1842 p.
189 1797 251 1840 87)
274 1808 291 1829 e
309 1795 480 1836 Petronio,
506 1794 664 1839 Septimio
685 1794 828 1835 Sereno,
851 1793 1010 1839 sulpitio,
1032 1792 1102 1839 Ap-

145 1858 271 1904 pulejO,
296 1857 486 1899 Ammiano,
510 1856 591 1889 aliis.

224 1917 476 1963 Genethliacen]
502 1918 598 1950 Hanc
622 1929 641 1949 a
660 1915 822 1948 Phroncsi
844 1916 1010 1948 educatam
1028 1922 1061 1948 et
1084 1929 1102 1948 a

144 1982 278 2015 Pallade
309 1980 530 2026 Apollineque
561 1980 723 2012 laudatam
759 1984 870 2011 noster
898 1979 1102 2012 inferioribus

143 2046 225 2079 locis
240 2045 281 2091 (ἓ.
296 2046 370 2078 892
380 2044 524 2088 —894)
539 2044 639 2087 fingit.
667 2043 790 2076 Confer
806 2043 992 2075 Reimerum
1016 2044 1101 2087 apud

142 2110 372 2144 Mitscherlich.
384 2110 439 2154 (ad
454 2109 570 2141 Horat.
590 2120 685 2142 carm.
702 2108 741 2140 T.
762 2107 807 2140 Π.
829 2119 862 2152 p.
878 2107 965 2151 686)
983 2113 1016 2140 et
1031 2107 1100 2140 Ho-

142 2180 201 2208 rat.
225 2187 274 2220 cp.
290 2175 330 2215 2,
353 2175 393 2215 2,
421 2174 504 2206 187.

217 2234 525 2282 inconsentaneum]
560 2235 648 2280 Quia
678 2235 763 2268 servi
789 2235 979 2280 plerumque
1004 2241 1037 2267 et
1062 2235 1100 2267 li-

143 2300 260 2332 bertini
282 2300 335 2332 vel
366 2299 484 2333 Graeci
516 2298 663 2330 homiues
695 2297 883 2330 medicinam
915 2298 1102 2331 factitabant

141 2364 275 2396 Romae.
299 2364 394 2397 Conf.
418 2362 605 2404 Sehlaegeri
624 2361 790 2394 historiam
814 2361 880 2394 litis
900 2362 939 2395 de
962 2362 1101 2396 medico-

143 2439 215 2460 rum
239 2425 422 2458 conditione
442 2426 649 2469 (Helmstadt.
677 2425 799 2470 1740).

217 2487 379 2533 revelata]
412 2488 525 2521 Lectio
559 2489 689 2533 quidem
723 2490 764 2522 ad
792 2489 965 2532 marginem
989 2495 1099 2522 notata

142 2552 285 2585 relevata
302 2551 414 2590 habet3
442 2549 500 2581 scd
521 2550 682 2592 vulgatam
701 2551 843 2592 servavi,
865 2551 1016 2595 quoniam
1035 2563 1098 2583 vox

143 2616 220 2649 satis
244 2621 317 2661 apta
341 2620 373 2647 ct
395 2625 413 2646 ιι
437 2613 589 2649 Martiani
611 2614 760 2660 populari
784 2613 950 2662 (Appulej.
970 2620 1044 2649 met.
1060 2616 1096 2657 5,

1159 1244 1190 1276 p.
1222 1233 1292 1264 188
1328 1238 1361 1264 ct
1390 1232 1528 1277 passim)
1561 1246 1692 1278 quoque
1726 1241 1907 1279 usurpatur.
1957 1235 2119 1269 Graecum

1159 1292 1456 1331 ἀποκαλύπτειν
1479 1297 1564 1329 idem
1597 1300 1741 1331 revelare
1774 1304 1835 1331 est.
1876 1299 1991 1332 Voluit
2021 1300 2119 1342 igitur

1158 1365 1270 1391 noster
1291 1366 1400 1391 »veste
1423 1361 1601 1404 composita
1627 1362 1667 1393 ad
1685 1362 1854 1394 dicendum
1871 1363 2110 1407 agendumque«

1159 1421 1335 1463 siguificare
1354 1423 1451 1466 (conf.
1471 1424 1625 1467 Quinctil.
1648 1426 1705 1466 11,
1730 1427 1766 1466 5,
1794 1427 1865 1459 144
1884 1438 1972 1471 sequ.
1994 1439 2024 1471 p.
2041 1427 2115 1460 448

1158 1486 1292 1517 —450
1313 1485 1449 1529 Spald.).

1229 1545 1381 1592 propriis]
1408 1547 1557 1590 Intelligc
1584 1549 1670 1580 »suis
1699 1549 1814 1593 cuique
1841 1549 1953 1582 literae
1975 1551 2114 1594 peculia-

1155 1608 1263 1639 ribus«
1295 1614 1330 1640 ut
1358 1609 1420 1640 alia
1444 1610 1483 1641 ab
1511 1610 1572 1641 alia
1601 1610 1738 1642 discerni
1762 1612 1874 1655 possit.
1908 1611 2114 1654 Augustinus

1155 1669 1208 1713 (de
1233 1669 1344 1701 ordine
1366 1670 1406 1710 2,
1431 1671 1476 1701 12
1500 1682 1550 1714 op.
1574 1671 1608 1711 Ι,
1631 1684 1664 1715 p.
1681 1673 1755 1704 542
1772 1672 1862 1716 Bas.)
1880 1680 2022 1718 repertas
2041 1687 2114 1707 esse

1155 1731 1198 1763 ait
1230 1731 1339 1763 literas
1373 1732 1509 1764 »notatis
1535 1732 1684 1764 omnibus
1714 1733 1780 1765 oris
1806 1746 1843 1766 ac
1868 1735 1996 1777 liuguae
2024 1737 2113 1768 souis

1154 1800 1249 1838 atque
1274 1796 1448 1827 discretim
1480 1795 1567 1828 Infra
1590 1795 1634 1841 (§.
1648 1796 1736 1841 252)
1755 1798 1794 1829 ad
1817 1798 2020 1832 artificiosam
2042 1800 2112 1832 lite-

1153 1871 1260 1891 rarum
1285 1859 1506 1891 formationem
1528 1860 1603 1892 illos
1625 1861 1740 1893 duetus
1763 1863 1870 1894 refert.

1228 1922 1397 1969 Romulus]
1426 1924 1534 1956 Utitur
1555 1925 1617 1957 hoc
1639 1926 1768 1957 nomine
1791 1938 1849 1970 pro
1875 1927 2048 1967 Romanis,
2077 1934 2114 1959 ut

1152 1986 1285 2018 Persius
1309 1988 1356 2031 (1,
1380 1986 1456 2031 85)=
1479 2000 1538 2020 »au
1555 1989 1688 2021 Romule
1711 1991 1843 2022 ceves‘h
1872 1991 2112 2034 Quinctilianus

1153 2050 1207 2094 (2,
1229 2052 1266 2090 1,
1292 2051 1327 2082 4.
1342 2063 1375 2095 p.
1391 2051 1477 2086 255.
1495 2051 1535 2091 2,
1562 2052 1626 2095 14,
1652 2054 1688 2085 5.
1703 2066 1734 2097 p.
1753 2054 1828 2085 540
1844 2053 1970 2098 Spald.)
1989 2067 2110 2098 »gram-

1151 2111 1324 2153 maticen«,
1352 2112 1475 2156 inquit,
1503 2113 1538 2146 in
1561 2114 1716 2147 Latinum
1746 2116 1976 2149 transferentes
2002 2118 2108 2150 litera-

1151 2181 1258 2208 turam
1283 2181 1485 2208 vocaverunt.
1492 2191 1504 2206 «

1225 2237 1452 2284 Licet-alume]
1486 2239 1595 2283 Ipsam
1621 2238 1868 2273 Grammaticam
1892 2253 1964 2274 csse
1985 2241 2105 2273 Litera-

1151 2304 1256 2331 turam
1280 2299 1357 2331 dicit
1384 2312 1482 2332 seusu
1508 2301 1638 2333 omnino
1671 2302 1793 2345 latiori,
1826 2315 1921 2346 quam
1949 2303 1982 2334 in
2009 2302 2105 2343 hujus

1151 2362 1240 2395 vocis
1266 2363 1499 2407 explicatione,
1527 2377 1546 2396 a
1569 2365 1728 2398 Cicerone
1753 2366 1871 2410 (partit.
1895 2367 1953 2397 26.
1978 2378 2010 2409 p.
2030 2365 2106 2396 282

1149 2423 1304 2469 Proust.)
1335 2425 1426 2466 data,
1465 2425 1554 2458 latet.
1590 2426 1716 2459 Seneca
1742 2427 1854 2471 (epist.
1883 2428 1942 2458 88.
1975 2438 2005 2468 p.
2031 2426 2105 2458 367

1148 2486 1272 2531 Lips.):
1303 2488 1527 2520 »Literatura«
1553 2488 1659 2533 iuquit
1683 2500 1760 2533 »per
1782 2499 1876 2530 quam
1905 2486 2013 2530 pueris
2040 2486 2105 2519 ele·

1148 2555 1255 2581 menta
1280 2549 1467 2591 traduntur,
1505 2563 1573 2582 non
1603 2550 1698 2582 docet
1727 2548 1872 2580 liberales
1905 2553 2010 2587 artes,
2045 2549 2104 2581 sed

1147 2623 1222 2645 mox
1234 2611 1468 2659 praecipiendis
1483 2611 1590 2646 locum
1603 2615 1721 2656 parata«
1749 2609 1962 2642 Literacorem
1977 2609 2103 2644 differre

2151 369 2240 412 228
