2310 2860
32 1364 116 1403 810'

28 2038 113 2079 ⁸76

141 249 230 289 1354)
684 242 884 283 Martiani
917 242 1116 297 Capellae
1145 241 1216 283 lib.
1247 241 1363 283 VIII.
1396 243 1427 292 ᾗ.
1452 242 1549 283 875.

143 353 335 394 Dubium
367 359 507 391 autem
528 363 612 389 non
637 358 696 389 est
716 349 835 389 citius
860 358 1150 389 transcurrere
1172 347 1413 388 breviorem
1439 348 1580 388 sinum
1605 347 1854 401 tardiusque
1876 348 2095 389 diffusum.

143 435 310 475 Verum
351 430 442 480 Sol,
492 443 632 482 quum
672 429 726 469 ad
764 428 979 469 Cancrum
1017 428 1068 468 ab
1106 427 1400 481 aequinoctiali
1439 436 1556 482 parte
1589 426 1848 477 conscendit,
1898 436 2094 467 aestatem

144 521 324 568 praestat
355 510 623 560 hominibus,
671 524 777 564 quos
815 510 921 550 inter
951 509 1208 549 solstitialem
1249 507 1706 562 septentrionalemque
1738 507 1884 548 vivere
1914 507 2097 548 dubium

143 611 228 636 non
258 595 462 644 habetur3
510 606 647 647 quum
691 592 744 632 ab
776 591 925 632 eodem
959 590 1124 630 Cancro
1155 589 1198 628 in
1231 588 1581 642 aequinoctialem
1614 588 1789 628 Libram
1823 587 2098 638 descenderit,

144 685 426 717 auctumnum
468 673 585 726 faeit3
646 687 783 728 quum
817 687 918 712 vero
956 671 1008 712 ad
1039 671 1283 712 brumalem
1314 670 1468 710 lineam
1502 669 1680 720 recedit,
1720 670 1856 710 hiems
1895 670 2097 718 habetur,

142 762 364 809 propterca
401 752 517 807 quod
557 752 696 793 calore
741 752 899 792 dimoto
940 761 1085 806 torpor
1123 750 1295 792 invadit.
1363 750 1554 790 Rursum
1598 764 1734 804 quum
1777 765 1800 791 a
1833 750 2093 805 Capricorno

142 834 314 874 hiemali
349 835 390 874 in
423 834 776 888 aequinoctialem
820 833 1005 874 Arietem
1048 833 1201 887 surgit,
1249 845 1433 873 vernum
1473 841 1641 886 tempus
1682 831 1857 882 arridet3
1907 847 1958 872 ex
1989 832 2096 874 ‚hine

143 915 283 955 denuo
323 915 363 954 in
405 914 569 955 Cancro
612 923 742 955 aestas
784 913 945 954 torrida
985 922 1230 954 renovatur.
1290 913 1372 954 Sed
1413 929 1434 954 e
1477 914 1685 954 contrario
1725 914 1913 969 perferre
1954 913 2095 953 omnia

142 1011 224 1036 non
258 996 476 1037 dubitatur
508 995 746 1050 antipodas3
787 1009 976 1050 quorum
1010 1003 1207 1035 aestatem
1243 993 1528 1049 Capricornus
1559 994 1677 1046 facit,
1707 993 1895 1034 hiemem
1921 993 2097 1044 Cancer,

144 1078 214 1118 Sol
244 1087 387 1119 tenens
420 1078 685 1133 aequinoctia
720 1077 893 1130 utrique
924 1077 1032 1131 parti
1062 1076 1326 1132 temperiem.

370 1258 449 1298 DE
489 1257 745 1298 ACCESSU
775 1256 1180 1305 DEFECTUQUE
1217 1255 1446 1296 DIERUM
1476 1255 1550 1296 AC
1580 1255 1870 1297 NOCTIUM.

314 1362 409 1404 ,Iam
455 1362 561 1403 illud
605 1362 876 1418 superfluum
915 1371 1037 1416 puto,
1073 1362 1261 1402 noctium
1301 1375 1490 1401 accessus
1521 1360 1798 1414 defectusque
1837 1373 2098 1411 memorare,

144 1455 281 1498 quum
314 1457 436 1496 pares
468 1457 545 1496 pro
575 1452 666 1482 rata
696 1442 776 1482 sint
815 1441 980 1482 aestivis
1010 1439 1164 1480 diebus
1195 1439 1346 1478 hiemis
1383 1448 1544 1489 noctes,
1593 1449 1632 1479 et
1662 1439 1917 1479 hiemalibus
1949 1438 2098 1479 diebus

142 1533 283 1564 noctes
325 1523 526 1573 aestivae,
574 1535 750 1576 unaque
783 1520 1099 1576 aequinoctialis
1130 1534 1237 1569 nOX‚
1283 1534 1394 1573 quae
1425 1520 1488 1559 bis
1528 1535 1637 1561 anno
1679 1521 1893 1575 contingit,
1941 1535 2017 1576 par
2051 1518 2130 1561 sit'

144 1603 228 1644 diei
267 1617 354 1643 suo.
413 1603 528 1642 Nam
568 1616 707 1656 quum
749 1602 800 1642 ab
843 1600 1107 1656 aequinoctio
1152 1615 1283 1640 verno
1324 1601 1366 1641 in
1399 1600 1616 1642 Cancrum
1654 1602 1724 1643 Sol
1766 1611 1898 1653 meat,
1952 1616 2099 1642 omnes

144 1684 231 1725 dics
276 1685 459 1739 majores
504 1693 602 1724 sunt
645 1684 839 1723 noctibus
879 1683 987 1733 suis,
1037 1682 1136 1721 item
1182 1681 1234 1721 ab
1282 1680 1542 1721 auctumnali
1581 1681 1845 1734 aequinoctio
1879 1695 2016 1735 usque
2046 1679 2098 1722 ad

147 1766 350 1806 brumam
382 1765 567 1805 minores
599 1763 686 1804 dies
718 1763 910 1803 noctibus
940 1761 1133 1802 dilatatis.

780 1929 859 1971 DE
896 1928 1250 1970 CLIMATIBUS
1290 1927 1464 1969 OCTO.

317 2036 522 2077 Minimus
563 2045 704 2077 autem
745 2036 843 2076 anni
876 2034 963 2075 dies
994 2034 1201 2076 brumalis
1241 2043 1321 2084 est,
1363 2033 1437 2088 qui
1468 2033 1596 2074 habet
1625 2033 1752 2075 horas
1782 2048 1938 2075 novem
1950 2049 1962 2087 3
2006 2048 2099 2076 ma-

147 2117 291 2158 ximus
324 2126 467 2157 autem
500 2116 720 2157 solstitialis
751 2116 878 2157 habet
907 2116 1032 2157 horas
1064 2114 1329 2169 quindecim,
1374 2113 1469 2154 licet
1499 2114 1580 2154 hoe
1610 2129 1687 2170 pro
1720 2114 1939 2155 elimatum
1971 2114 2098 2155 ratio-

224 2224 412 2270 anlipodas]
440 2224 524 2257 vide
552 2225 667 2256 librum
693 2230 817 2256 sextum
843 2223 883 2269 (ξ.
900 2225 973 2256 606
996 2222 1099 2268 sequ.)

150 2293 183 2318 ct
210 2287 418 2319 Cleomedem
445 2286 565 2330 (κυκλ.
597 2288 713 2331 θεωρ.
735 2288 748 2316 Ἰ
764 2309 772 2325 ,
798 2286 843 2328 2).

222 2361 281 2392 pro
298 2348 384 2393 rata]
411 2349 498 2390 Lege
520 2360 579 2391 pro
597 2354 671 2379 rata
692 2347 759 2379 scil.
776 2349 991 2390 proportione,
1012 2345 1100 2390 quod

151 2408 228 2441 mihi
257 2411 384 2453 quidem
419 2410 519 2441 multo
549 2409 651 2453 aptius
683 2409 807 2440 videtur
834 2421 926 2452 quam
946 2421 1005 2451 pro
1027 2414 1099 2440 rota

151 2483 209 2514 pro
236 2472 357 2503 ratione
380 2471 468 2503 Solis
487 2483 557 2504 cum
582 2470 697 2512 glossis
716 2482 892 2513 exponere,
920 2482 1100 2514 quanquam

152 2545 217 2564 non
235 2534 372 2566 nesciam
391 2534 484 2565 etiam
507 2532 639 2565 Graecis
659 2531 769 2563 Solem
791 2531 923 2566 δι’ὄκον
940 2532 1100 2575 appellari.

153 2597 257 2628 GuoT.
271 2616 316 2619 —-
349 2598 462 2629 Codex
487 2595 912 2628 Ettcnheiuunt'mstericnsis
934 2602 1100 2637 pei-notae,

154 2659 210 2690 sed
240 2660 334 2701 longe
365 2665 505 2703 praestat
535 2659 690 2692 Grotiana
709 2658 814 2691 lectio.
854 2658 1022 2691 Vitruvius
1047 2660 1100 2702 (9,

1150 2223 1191 2261 63
1224 2233 1255 2264 p.
1274 2221 1346 2252 285
1373 2220 1481 2265 Bip.)=
1512 2220 1591 2254 »Sol
1612 2233 1670 2266 per
1693 2221 1832 2253 siderum
1856 2221 1958 2264 spatia
1980 2221 2098 2252 vadens

1150 2285 1264 2316 dilatat
1293 2285 1517 2332 contrahitque
1548 2284 1616 2315 dies
1650 2289 1682 2316 et
1710 2285 1833 2315 horas.«
1887 2283 1987 2315 Plura
2013 2283 2099 2316 dabit

1151 2344 1343 2379 cleomedes
1368 2345 1448 2388 (1.1.
1470 2347 1506 2385 ί,
1533 2346 1554 2376 3
1579 2349 1611 2376 et
1635 2344 1681 2386 6).

1224 2408 1320 2438 horas
1353 2404 1484 2450 novem]
1526 2404 1668 2436 Restitui
1704 2404 1895 2436 anteriorum
1923 2405 2099 2437 editionum

1149 2470 1320 2502 lectionem
1338 2481 1409 2500 cum
1427 2468 1536 2500 codice
1553 2467 1976 2509 Euenhcimmnnsterieusi,
2002 2481 2100 2512 quum

1153 2533 1286 2564 Grotius
1301 2533 1396 2564 horas
1418 2533 1439 2562 8
1459 2531 1626 2570 edidissem
1654 2531 1835 2575 pariterque
1856 2544 1895 2562 ex
1918 2532 2031 2563 eodem
2048 2543 2098 2564 co-

1151 2596 1219 2628 dice
1239 2597 1334 2627 horas
1358 2595 1420 2634 16,
1449 2605 1527 2637 quas
1553 2593 1686 2625 Grotius
1709 2594 1869 2624 solstitiali
1889 2594 2010 2635 tribuit,
2034 2607 2098 2626 mu-

1152 2658 1215 2690 tavi
1242 2658 1275 2690 in
1309 2657 1506 2704 quindecim,
1536 2662 1570 2688 ut
1600 2656 1660 2689 sibi
1685 2662 1846 2689 constaret
1872 2657 1969 2697 ratio,
2003 2669 2099 2701 quum
