2310 2860
249 171 341 213 ⁶250

822 169 1020 213 Martiani
1058 169 1259 228 Capellae
1296 170 1368 212 lib.
1397 170 1450 212 ΙΙ.
1488 173 1520 224 §.
1543 173 1641 216 180.

249 278 364 318 Jovis
408 290 631 332 congressu
674 277 945 333 pignorisque
983 278 1171 320 culmine
1204 288 1406 335 provecta
1449 281 1718 336 supervenit,
1767 295 1882 337 quae
1913 282 2086 337 quidem
2123 297 2202 323 nee

250 360 292 400 in
316 371 449 399 nurus
480 356 616 398 officio
639 357 728 399 sino
750 358 916 399 bilance
945 358 1054 400 libra
1086 374 1292 416 apparere
1323 359 1492 416 dignata
1523 371 1594 402 est.
1655 362 1802 412 Quam
1833 363 1954 418 virgo
1989 372 2204 413 venerata,

248 437 452 493 quoniam
487 438 583 479 satis
618 439 775 481 sociam
813 439 899 481 filio
936 442 1199 497 recognovit,
1241 441 1411 484 duabus
1452 457 1552 484 eum
1586 443 1812 487 lucrorum
1851 455 2020 501 potente
2054 445 2204 487 dicatis

247 594 384 625 habeant
413 600 637 638 coynosccret,
666 595 802 639 praetuli
839 601 943 627 tamen
972 596 1132 638 vulgatam
1157 596 1201 627 lc-

247 656 384 688 ctionem
407 667 446 688 co
468 657 584 698 magis,
620 657 707 701 quod
736 659 796 690 hoe
826 659 957 689 verbum
979 659 1124 702 proxime
1152 670 1200 689 se-

246 720 364 763 quitur.
390 722 554 764 Irzqeslam
576 733 634 765 pro
659 723 897 765 adspiciemlam
917 722 968 762 vel
986 724 1200 767 contemplan-

246 783 319 814 dam
339 783 401 814 sibi
426 784 534 815 datam
561 783 652 816 dixit.

315 844 494 890 candidior]
520 846 639 888 Majam
660 846 737 878 dicit
753 846 894 878 Atlantis
916 848 1024 888 filiam,
1049 848 1201 880 Mercurii

245 914 396 950 matrem,
423 923 518 954 quam
535 911 692 952 Virgilius
712 923 840 955 quoqne
864 912 1035 944 candidam
1061 912 1202 957 appellat

245 972 343 1017 (Aen.
359 975 399 1015 8,
428 975 522 1018 158).
558 975 784 1019 Comparativo
803 981 914 1007 noster
929 988 988 1021 pro
1007 976 1201 1021 superlativo

244 1045 322 1067 usus
356 1042 405 1068 est
429 1036 521 1080 (§.G.
550 1036 653 1081 121),
690 1038 803 1071 eodem
831 1050 928 1070 sensu
967 1051 1030 1083 quo
1062 1038 1201 1072 Ovidius

244 1097 329 1140 (fast.
355 1099 393 1138 5,
421 1098 484 1141 85)
507 1099 605 1130 canit:

302 1176 313 1190 ιι
322 1161 470 1204 Quarum
495 1163 588 1207 stlaja
608 1175 685 1196 suas
709 1164 810 1196 forma
833 1175 1002 1209 superasse
1026 1177 1151 1198 sorores

297 1225 480 1257 Traditum

316 1289 542 1337 piqnorz‘sqae]
575 1291 640 1323 Pro
675 1294 883 1340 pignorisque
892 1316 904 1331 ,
945 1292 1032 1336 quod
1066 1291 1200 1324 Grotius

243 1350 360 1391 edidit,
384 1352 566 1383 Vossianus
581 1355 806 1401 piqnerisque,
833 1354 930 1397 idque
950 1354 1044 1385 etiam
1069 1366 1108 1385 ex
1130 1354 1200 1386 eod.

241 1411 334 1445 Leid.
359 1414 478 1456 profert
502 1415 667 1446 Muneker.
692 1415 732 1446 ad
755 1415 903 1456 Fulgent.
932 1416 1063 1459 mythol.
1088 1415 1115 1448 Ῑ.
1139 1416 1200 1456 27,

241 1473 339 1517 idque
360 1486 398 1505 co
423 1476 555 1518 probat,
584 1476 657 1519 quia
677 1475 751 1507 Afri
773 1477 900 1520 saepius
925 1477 1117 1509 archaismos
1144 1478 1196 1508 ad-

240 1536 359 1567 fectare
383 1536 517 1568 soleant.
555 1537 762 1570 Grammatici
786 1539 915 1582 quidem
939 1540 1111 1571 voluerunt
1128 1541 1196 1583 pff]-

241 1611 323 1630 nera
338 1611 445 1631 rerum
465 1612 554 1639 esse,
579 1603 717 1644 pignora
734 1614 810 1633 vero
836 1603 973 1634 filiorum
995 1608 1027 1634 et
1049 1603 1197 1634 adfectio-

242 1671 337 1700 num3
364 1661 420 1691 sed
442 1661 555 1692 doctos
575 1663 657 1694 haue
675 1662 914 1695 distinctionem
938 1676 1087 1707 spernere
1112 1669 1199 1696 reete

242 1730 334 1756 notat
350 1724 530 1757 Drackenb.
548 1726 587 1757 ad
602 1725 672 1760 Liv.
689 1726 748 1758 III.
772 1728 839 1767 583
869 1727 949 1759 adde
965 1727 1140 1760 Burmann.
1159 1728 1198 1759 ad

245 1787 364 1818 anthol.
398 1792 461 1820 vet.
500 1788 599 1831 epigr.
621 1788 663 1819 Π.
696 1789 744 1820 26
774 1794 806 1819 et
838 1801 918 1833 quae
951 1791 991 1822 ad
1025 1790 1074 1824 tit.
1102 1792 1132 1822 ff.
1159 1791 1198 1821 de

243 1848 332 1892 pigo.
361 1849 477 1883 aetion.
509 1850 627 1893 passim
662 1856 773 1882 notare
802 1851 916 1884 solent.
941 1852 1064 1884 Anwrz.
1092 1853 1198 1897 (misc.

243 1924 277 1955 p.
295 1912 394 1955 212).
414 1931 460 1935 ——
481 1913 702 1946 Britannicus:
729 1915 1021 1960 »pinnigefisqncm
1056 1917 1112 1948 sed
1137 1918 1199 1950 hoe

245 1984 318 2004 cuin
338 1974 469 2018 reliquis
495 1975 600 2007 verbis
621 1989 726 2020 neque
744 1977 838 2020 jungi
863 1984 989 2022 potest,
1015 1991 1120 2024 neque
1145 1992 1198 2012 ex—

244 2035 367 2079 plicari.

320 2098 479 2145 culmina]
516 2101 660 2145 Piynora
695 2113 753 2146 pro
786 2102 892 2134 liberis
923 2103 985 2135 dici
1014 2109 1125 2135 notum
1149 2110 1199 2137 cst

247 2162 288 2207 (ἓ.
312 2163 371 2195 25.
397 2164 456 2196 52.
483 2165 543 2199 91.
576 2165 646 2208 92).
687 2167 813 2210 Ρίφιιιε
837 2167 933 2210 igitur
959 2169 1019 2200 hoc
1048 2169 1120 2201 loco
1149 2175 1200 2201 est

245 2225 441 2267 Mercurius,
479 2226 583 2268 Majae
614 2228 714 2269 filius,
750 2230 841 2271 eujus
873 2230 928 2261 illa
963 2232 1100 2263 culmine
1128 2243 1201 2276 pro-

248 2293 337 2319 veeta
363 2288 493 2329 (licitur,
525 2301 622 2332 quum
653 2290 789 2331 dignitas
818 2292 887 2334 ejus
918 2305 984 2325 non
1013 2294 1118 2326 minus
1147 2294 1203 2326 filii

249 2350 434 2382 auctoritate
460 2356 492 2382 et
513 2351 682 2395 splendore
707 2365 802 2396 quam
826 2354 919 2386 -Jovis
940 2360 1010 2386 toro
1035 2356 1204 2398 insigniter

249 2418 340 2444 aucta
365 2418 459 2444 esset.
486 2412 621 2445 Culmen
643 2416 726 2445 enim
752 2417 906 2449 translato
926 2429 1021 2449 sensu
1047 2418 1201 2462 accipien—

249 2474 340 2513 dum,
366 2480 401 2506 ut
425 2475 510 2519 apud
533 2475 746 2508 Claudianum
770 2478 806 2521 (G
833 2490 920 2511 cons.
942 2480 1066 2512 Honor.
1087 2481 1164 2525 64):

304 2537 467 2569 »Inclinat
486 2539 601 2581 populo
622 2539 728 2581 regale
749 2539 902 2571 modestia
927 2543 1081 2576 culmem«

250 2599 333 2631 Vide
369 2605 493 2642 tamen>
523 2613 565 2633 ne
599 2601 718 2646 aliquid
745 2602 838 2634 etiam
867 2605 1076 2646 astrologicae
1104 2606 1200 2638 ambi-

1254 597 1382 639 guitatis
1414 597 1464 630 his
1495 598 1601 630 verbis
1637 598 1748 631 subsit.
1793 598 1978 632 Atlantides
2008 600 2094 633 enim
2124 601 2208 634 inter

1254 660 1364 691 stellas
1385 672 1514 704 quoquc
1529 661 1778 692 numerabantur
1787 660 1915 704 (Virgil.
1932 674 2038 705 georg.
2059 664 2091 703 1,
2108 663 2208 706 221),

1253 723 1413 754 communi
1431 723 1558 754 nomine
1573 723 1724 754 Pleiades
1743 723 1809 755 sive
1829 723 1993 765 Vergiliae
2017 725 2208 769 appellatae.

1327 783 1469 830 bilance]
1496 785 1616 818 Veram
1643 787 1726 818 lianc
1754 785 1926 818 lectionem
1951 799 2044 819 nemo
2078 786 2128 818 est
2151 786 2207 831 qui

1252 847 1393 889 ignoret:
1417 848 1469 879 alii
1494 853 1599 879 tamen
1621 846 1747 880 codices
1774 850 1885 881 blance
1908 850 2067 890 referunt,
2096 855 2129 881 et
2152 861 2206 880 ex-

1252 916 1378 955 ponunt
1406 910 1516 943 Gloss.
1542 917 1671 943 nostrae
1703 912 1843 951 blanda,
1876 911 1993 956 quibus
2019 913 2210 953 suffragatur

1254 974 1364 1006 Gloss.
1387 973 1431 1005 Η.
1447 973 1496 1006 St.
1522 974 1628 1005 Blanx
1650 969 1811 1020 εὐηθής,
1830 973 1936 1007 Gno'r.
1950 994 1999 1000 ---
2026 974 2104 1007 Suis
2124 975 2207 1017 glos-

1252 1036 1296 1067 sis
1319 1037 1481 1078 suffragari
1502 1036 1642 1077 glossam
1663 1035 1820 1080 Stephani
1839 1042 1970 1068 annotat
1986 1036 2130 1078 Grotius,
2152 1036 2209 1068 sed

1250 1099 1351 1130 falsus
1378 1099 1411 1130 in
1437 1109 1476 1130 eo
1508 1104 1574 1140 est3
1598 1098 1785 1140 legendumz
1812 1099 1915 1130 »Blax
1936 1094 2122 1145 εὖηθήςα,
2147 1099 2209 1131 hoc

1252 1168 1301 1192 est
1327 1161 1456 1194 stultus,
1473 1161 1603 1193 Mmex.
1619 1160 1672 1205 (ad
1695 1161 1844 1202 Fulgent.
1862 1174 1893 1205 p.
1916 1160 2066 1204 165).-
2086 1161 2208 1203 Quam-

1252 1227 1300 1258 vis
1324 1226 1358 1257 in
1385 1225 1548 1258 Vossiano
1582 1225 1691 1256 codice
1719 1224 1853 1269 (Arntz.
1879 1225 1967 1256 misc.
1993 1238 2025 1269 p.
2044 1223 2148 1267 212),
2175 1229 2208 1255 et

1251 1290 1284 1321 in
1301 1288 1426 1320 duobus
1440 1287 1691 1320 Monacensibns
1709 1286 1815 1330 (D.E)
1830 1286 1925 1317 etiam
1945 1286 2070 1327 legatur
2085 1286 2209 1325 blance,

1253 1357 1347 1395 atque
1369 1352 1403 1383 in
1426 1351 1488 1382 alio
1505 1349 1694 1382 Monacensi
1712 1349 1769 1393 (C)
1784 1349 1904 1392 pariter
1924 1361 1960 1380 ae
1981 1348 2015 1379 in
2032 1348 2208 1380 Darmstat-

1252 1413 1348 1454 tensi,
1371 1413 1593 1455 Cantabrigier
1602 1413 1640 1454 si,
1660 1413 1858 1455 Britannico,
1877 1420 1909 1446 et
1926 1415 2108 1457 Bodlcjano
2122 1416 2209 1447 blan·

1255 1490 1328 1517 cae,
1352 1477 1480 1509 omniuo
1502 1483 1608 1509 tamen
1627 1478 1754 1519 vulgata
1778 1479 1874 1510 lectio
1893 1484 2033 1522 praestat
2053 1479 2210 1522 corruptis

1255 1540 1335 1580 illis,
1367 1551 1449 1583 qnae
1483 1540 1637 1581 originem
1663 1545 1828 1571 traxerunt
1853 1552 1892 1571 cx
1918 1552 1971 1582 eo,
2002 1541 2089 1584 quod
2113 1540 2210 1572 inter-

1254 1607 1361 1645 pretes
1383 1613 1510 1633 causam
1524 1602 1726 1643 ignorarunt,
1752 1614 1809 1634 eur
1825 1601 1925 1633 librae
1947 1603 1999 1634 hic
2016 1591 2210 1635 mentionem

1254 1663 1348 1694 saciat
1373 1669 1494 1696 noster.
1523 1663 1598 1706 Qua
1625 1664 1658 1695 in
1686 1675 1721 1696 re
1749 1664 1918 1696 admodum
1952 1665 2087 1697 obscura
2112 1677 2211 1709 quum

1256 1725 1334 1756 solis
1358 1725 1550 1767 conjecturis
1572 1725 1663 1757 locus
1687 1725 1744 1766 sit,
1771 1726 1855 1758 haud
1880 1727 1978 1770 pudet
2002 1739 2090 1758 meas
2112 1738 2209 1771 expo-

1256 1800 1340 1819 nere.
1375 1787 1537 1819 Diseimus
1561 1799 1578 1819 e
1608 1788 1773 1820 Macrobio
1804 1788 1886 1832 (Sat.
1918 1790 1954 1829 1,
1988 1788 2047 1832 12)
2082 1800 2211 1821 »mense

1254 1851 1344 1894 Illtxjo
1370 1855 1562 1881 mercatores
1581 1861 1691 1881 omnes
1710 1850 1820 1894 Illajae
1841 1850 1961 1894 pariter
1983 1851 2211 1899 Mercurioque

1255 1914 1479 1945 sacrificasse«
1512 1914 1663 1947 Mercurii
1680 1914 1777 1955 igitur
1797 1919 1911 1955 mater,
1937 1915 2111 1959 eademque
2129 1925 2209 1947 mer-

1255 1983 1398 2010 catorum
1430 1978 1505 2017 dea,
1536 1990 1601 2009 non
1628 1978 1756 2019 dignata
1786 1984 1834 2009 cst
1869 1978 1999 2022 (noluit)
2031 1981 2102 2011 sine
2127 1978 2209 2009 libra

1256 2053 1428 2086 apparere3
1473 2042 1506 2073 in
1541 2054 1641 2073 nurus
1669 2053 1783 2086 nempe
1816 2042 1928 2073 officio.
1968 2042 2119 2079 Ceterum
2151 2053 2209 2085 pro

1257 2106 1414 2139 Grotiano
1438 2117 1479 2137 ne
1500 2117 1516 2136 e
1539 2106 1720 2147 Bodlcjano
1739 2111 1771 2137 et
1792 2105 1979 2138 Monacensi
2000 2103 2056 2149 (C)
2079 2105 2211 2149 reposui

1254 2180 1331 2207 nec,
1363 2168 1451 2211 quod
1483 2167 1610 2199 omnino
1634 2167 1893 2211 praeferendum,
1918 2166 1996 2210 quin
2019 2166 2114 2198 etiam
2135 2167 2207 2199 sub·

1255 2229 1343 2261 stitui
1366 2229 1445 2260 adeo
1468 2241 1601 2261 necesse
1628 2234 1692 2268 est,
1717 2234 1751 2259 ut
1778 2239 1841 2271 quo
1866 2233 1960 2271 pacto
1989 2234 2210 2261 antecessores

1254 2294 1326 2333 mci,
1351 2305 1391 2323 ne
1412 2292 1573 2334 legenti-S.
1598 2291 1705 2324 locum
1726 2291 1905 2334 intelligere
1922 2292 2095 2338 potuerint,
2118 2304 2206 2338 pror-

1255 2369 1309 2388 sus
1335 2368 1399 2388 non
1423 2356 1623 2400 perspiciam.

1326 2416 1467 2462 potente]
1494 2417 1533 2448 In
1564 2416 1637 2450 MS.
1663 2416 1724 2449 suit
1758 2417 1919 2449 lucrorum
1939 2424 2021 2461 pote.
2041 2417 2144 2451 Gnor.
2160 2429 2206 2442 ²—-

1251 2480 1399 2512 Praestat
1422 2478 1551 2511 omnino
1578 2479 1715 2521 vulgata.
1741 2479 1793 2511 De
1815 2479 1976 2512 Mercurio
1999 2480 2083 2512 enim
2103 2491 2206 2512 sermo

1213 2548 1218 2552 '
1253 2548 1318 2582 est,
1346 2542 1400 2585 qui
1429 2541 1547 2585 pariter
1575 2542 1737 2572 lucrorum
1759 2546 1872 2584 potens
1904 2541 2036 2582 dicitnr,
2066 2546 2160 2585 atque
2189 2553 2207 2572 a

1253 2603 1357 2648 poetis
1383 2605 1561 2647 iynipolens
1581 2602 1768 2642 Vulcanus,
1793 2608 1983 2645 ensepotens
2000 2602 2098 2642 Mars.
2122 2603 2206 2634 belli-
