2310 2860
283 166 373 208 472

284 273 416 315 {iciale
454 280 493 312 et
530 267 802 312 inartificiale.

840 161 1039 204 Martiani
1078 160 1278 217 Capellae
1313 159 1386 201 lib.
1417 158 1473 201 V.
1513 161 1546 211 ᾗ.
1569 159 1667 200 557.

870 269 954 310 Sed
992 266 1206 310 artificiale
1244 267 1357 307 locos
1398 265 1530 307 >habet
1570 275 1776 321 quatuor:
1808 276 1902 307 ante
1931 282 2047 320 rem,
2092 269 2133 309 in
2165 282 2233 318 re,

283 358 393 396 circa
429 367 545 405 rem,
587 363 678 410 post
714 368 823 395 rem.
880 353 990 394 Ante
1028 365 1123 392 rem
1162 364 1264 392 vero
1305 348 1508 389 dividitur
1537 348 1581 388 in
1614 348 1728 389 locos
1767 357 1948 404 septem:
1980 365 2004 391 a
2038 364 2234 406 persona,

280 450 403 486 are,
443 449 466 475 a
502 448 649 485 causa,
700 448 725 474 a
760 443 970 488 tempore,
1018 445 1042 472 a
1082 430 1197 480 loco,
1250 444 1275 470 a
1305 429 1456 481 modo,
1508 444 1531 471 a
1571 430 1763 471 materia.
1819 429 1868 470 In
1898 444 1945 470 re
1977 439 2117 471 autem
2154 430 2236 471 loci

280 525 378 557 sunt
411 515 659 556 duodecim:
691 529 714 556 a
743 524 849 564 toto,
888 529 911 554 a
940 523 1079 569 parte,
1120 528 1143 553 a
1173 527 1345 568 genere,
1379 525 1401 551 a
1431 511 1591 565 specie,
1627 524 1650 550 a
1684 509 1920 552 differentia
1957 525 2034 565 per
2075 521 2234 566 septem

281 595 637 645 circumstantias,
685 595 760 649 qui
789 594 907 635 locus
937 593 1085 648 recipit
1116 592 1158 632 in
1192 607 1236 632 se
1270 593 1396 633 etiam
1431 606 1456 632 a
1489 591 1651 644 majore
1687 590 1740 631 ad
1772 590 1912 631 minus
1945 600 1984 631 et
2015 604 2039 631 a
2074 590 2237 632 minore

281 675 334 716 ad
370 674 527 729 majus,
568 689 591 715 a
624 674 820 730 proprio,
864 689 888 714 a
925 672 1188 724 definitione,
1229 687 1253 713 a
1281 672 1475 722 nomine,
1521 684 1545 710 a
1582 669 1807 724 multiplici
1839 670 2140 726 appellatione,
2186 671 2237 712 ab

160 756 250 798 538
279 758 415 809 initio,
472 772 494 798 a
527 757 819 812 progressione
852 756 920 797 vel
954 754 1168 811 profectu,
1213 767 1237 793 a
1274 749 1532 807 perfectione
1571 749 1640 790 vel
1679 752 2055 791 consummatione.
2117 750 2239 791 Circa

281 852 374 880 rem
405 837 486 878 loci
516 846 614 877 sunt
640 836 809 878 decem:
843 850 867 877 a
896 834 1045 886 simili,
1088 832 1209 887 cujus
1249 831 1407 887 species
1441 839 1539 871 sunt
1573 839 1779 884 quatuor:
1812 831 2084 887 exemplum,
2122 829 2241 870 simi-

357 964 454 1011 locos]
479 966 550 997 Una
568 966 807 998 enumeratione
828 965 1011 997 indistinete
1031 965 1237 1007 eomprehen-

282 1030 328 1062 dit
359 1031 597 1074 Quinctilianus
630 1031 688 1074 (5,
720 1032 782 1070 10,
814 1029 892 1073 94)ι
919 1041 1014 1070 »ergo
1037 1035 1072 1060 ut
1100 1027 1239 1059 breviter

282 1096 465 1126 contraham
500 1106 670 1134 summam,
711 1094 872 1125 (luenntur
901 1098 1085 1135 argumenta
1119 1104 1136 1122 a
1168 1102 1238 1134 per-

283 1157 389 1195 sonis,
424 1156 546 1195 causis,
582 1156 678 1195 locis,
720 1161 862 1198 tempore
897 1155 1002 1198 (eujus
1037 1160 1102 1184 tres
1132 1158 1237 1196 partes

284 1217 438 1257 diximus,
465 1217 677 1260 praecedens,
706 1218 926 1258 conjunctum,
957 1214 1161 1258 insequens),
1194 1214 1238 1244 fa-

283 1279 456 1311 cultatibus
480 1279 609 1322 (quibus
632 1279 877 1310 instrumentum
903 1276 1119 1319 subjecimus),
1143 1275 1239 1306 modo

285 1341 330 1381 (id
358 1346 408 1371 est
434 1345 469 1370 ut
500 1340 640 1383 quidque
672 1341 713 1370 sit
740 1340 885 1381 sactum),
917 1339 1077 1376 linitione,
1110 1347 1238 1377 genere,

285 1401 403 1444 specie,
429 1401 656 1441 differentibus,
681 1400 830 1443 propriis,
854 1400 1042 1438 remotione,
1071 1398 1238 1437 divisione,

285 1457 392 1504 initio,
415 1464 635 1504 incrementis,
662 1476 800 1504 summa,
827 1463 999 1503 similibus,
1019 1461 1239 1501 dissimilibus,

284 1528 516 1572 pugnantibus,
544 1527 831 1571 consequentibus,
858 1526 1082 1566 efficientibus,
1107 1524 1238 1564 effectis,

285 1593 425 1631 eventis,
450 1592 588 1633 jugatis,
617 1591 868 1635 comparatione,
897 1602 978 1633 (piae
1000 1590 1033 1621 in
1058 1589 1167 1633 plures
1193 1588 1239 1619 (li-

285 1656 413 1688 ducitur
437 1655 590 1698 species.«

363 1715 513 1763 quatuor]
536 1717 651 1748 Cicero
671 1716 725 1759 (de
750 1715 867 1747 invent.
883 1715 918 1755 2,
940 1716 984 1747 15
1009 1719 1041 1746 et
1064 1713 1161 1757 topic.
1179 1712 1238 1755 12)

286 1783 416 1810 secutus
445 1784 606 1809 auctorem
632 1778 862 1808 rhetoricorum
891 1777 931 1808 ad
955 1775 1176 1808 Alexandrum
1198 1775 1237 1817 (c.

287 1842 349 1885 15)
385 1842 443 1873 tria
476 1848 597 1873 tantum
631 1847 808 1873 enumerat:
840 1847 915 1872 ante
950 1853 1040 1880 rem,
1079 1852 1151 1872 cnm
1184 1850 1239 1877 re,

287 1912 357 1948 post
378 1918 454 1937 rem.
481 1904 576 1937 Adde
601 1905 855 1947 Quinctilianum
880 1906 931 1948 (5,
954 1906 992 1945 8,
1020 1905 1061 1944 43
1091 1916 1121 1947 p.
1136 1902 1239 1945 215):

294 1980 416 2012 »neque
441 1980 512 2000 esse
537 1975 793 2009 argumentorum
818 1969 880 2000 loci
900 1974 1038 2012 possunt
1059 1967 1120 1999 nisi
1148 1967 1180 1998 in
1201 1966 1239 1996 iis

287 2042 369 2074 quae
387 2031 482 2061 rebus
505 2036 558 2061 aut
579 2032 724 2072 personis
749 2030 913 2067 acciduntg
939 2042 1040 2073 eaque
1062 2035 1115 2060 aut
1130 2041 1187 2072 per
1206 2039 1241 2059 se

287 2091 402 2135 inspici
429 2091 533 2122 solent
562 2097 616 2122 aut
645 2093 688 2123 ad
716 2092 806 2122 aliud
830 2093 956 2131 referri,
991 2104 1050 2123 nec
1076 2091 1140 2122 ulla
1167 2102 1240 2121 con-

287 2153 423 2186 firmatio
448 2153 510 2183 nisi
535 2159 590 2184 aut
612 2166 652 2184 ex
672 2155 955 2200 consequentibus,
988 2159 1042 2184 aut
1067 2165 1108 2184 ex
1129 2164 1241 2195 νεμηθ-

289 2216 462 2253 nantibus,
492 2219 525 2245 et
552 2215 629 2245 haee
665 2226 797 2246 neeesse
834 2221 884 2246 est
915 2220 968 2246 aut
1000 2226 1040 2247 ex
1069 2215 1243 2257 praeterito

289 2283 431 2320 tempore
461 2281 515 2307 ant
539 2287 579 2306 ex
610 2277 778 2319 conjuncto
800 2281 854 2307 aut
875 2288 915 2308 ex
937 2278 1086 2323 sequenti
1108 2281 1236 2320 petere«

285 2342 385 2395 (cons.
408 2346 440 2372 et
468 2341 507 2380 5,
537 2340 599 2379 10,
630 2340 724 2380 102).

366 2399 545 2445 duodecim]
573 2400 612 2432 In
636 2400 883 2432 Darmstattensi
903 2401 1011 2433 codice
1040 2400 1158 2442 legitur
1183 2405 1244 2430 tre-

290 2467 408 2505 decim,
442 2465 601 2507 vulgatam
639 2470 742 2495 tamen
783 2465 942 2507 praefero,
984 2476 1064 2508 quae
1102 2462 1240 2496 conciuit

1365 968 1484 1007 septem
1507 963 1784 1009 circumstantias]
1818 965 1907 1009 Quid
1928 964 2082 1006 voluerit,
2110 963 2242 996 inferius

1290 1025 1331 1071 (§.
1348 1027 1434 1070 539)
1459 1028 1613 1068 declarat,
1637 1029 1692 1059 ubi
1716 1041 1790 1072 uper
1813 1040 1941 1060 omnes«
1966 1029 2070 1073 inquit
2094 1029 2242 1060 »circum-

1292 1088 1443 1128 stantius,
1474 1089 1507 1120 id
1524 1095 1589 1129 est,
1612 1102 1710 1132 quum
1726 1090 1881 1132 partimur
1899 1102 1956 1133 per
1972 1101 2138 1133 personas,
2164 1095 2242 1119 tem-

1290 1163 1384 1194 pora,
1410 1156 1442 1182 et
1471 1156 1550 1182 ceta
1595 1151 1708 1183 Status
1742 1152 1825 1182 enim
1857 1152 1990 1184 Graecis
2022 1149 2154 1190 στάσις
2177 1157 2242 1190 cst,

1291 1212 1530 1260 περὶὄταόις,
1559 1226 1640 1257 quae
1659 1216 1745 1246 circa
1763 1221 1883 1246 statum
1900 1215 2124 1254 observantur,
2144 1214 2177 1245 id
2195 1220 2244 1246 est

1291 1278 1562 1309 circumstantiae.
1590 1276 1829 1318 Quinctilianus
1851 1276 1904 1319 (5,
1930 1277 1991 1315 10,
2018 1276 2106 1316 1043
2130 1276 2243 1319 p.294

1292 1337 1439 1381 Spald.):
1470 1339 1548 1368 »hoc
1577 1349 1676 1379 genus
1709 1344 1966 1379 argumentorum
1997 1349 2072 1369 sane
2104 1337 2244 1370 dieamus

1292 1411 1332 1430 ex
1360 1400 1621 1438 circumstantia,
1653 1399 1728 1442 quia
1759 1398 1985 1445 περὶὄταόιν
2020 1399 2124 1430 dicere
2155 1399 2247 1431 aliter

1290 1472 1357 1492 non
1391 1472 1592 1504 possumus«
1643 1459 1834 1493 Meminerat
1872 1461 1956 1492 enim
1988 1466 2246 1502 argumentorum

1299 1536 1335 1554 na
1353 1523 1516 1566 personis,
1542 1534 1560 1553 a
1579 1522 1691 1563 rebus,
1718 1523 1758 1553 ab
1781 1522 2054 1563 antecedentibus,
2079 1522 2245 1563 ajunetis,

1292 1590 1324 1616 et
1352 1584 1633 1627 insequentibus«,
1672 1589 1767 1626 atque
1802 1584 1916 1614 horum
1949 1584 2076 1627 quidem
2107 1583 2246 1627 exempli

1291 1653 1414 1679 tantum
1439 1646 1549 1687 gratia.
1574 1645 1643 1677 Alii
1664 1643 1858 1691 περιοχὰς
1879 1646 2079 1690 appellarunt
2098 1646 2170 1677 illas
2187 1647 2244 1678 eir-

1291 1709 1515 1749 cumstantias,
1544 1721 1624 1752 quas
1651 1715 1774 1753 septem
1800 1709 2022 1753 complectitur
2044 1709 2095 1742 hic
2118 1721 2246 1741 versus:

1346 1783 1469 1827 υριιίε,
1499 1782 1597 1830 quid,
1622 1782 1695 1821 ubi,
1725 1783 1841 1829 quibus
1866 1783 2019 1821 auxiliis,
2055 1794 2137 1822 cur,
2170 1795 2246 1830 quo-

1701 1844 1813 1882 modo,
1841 1843 2017 1891 quando?«

1292 1919 1388 1952 Conf.
1417 1918 1554 1951 Marium
1584 1917 1788 1950 Victorinum
1816 1918 1864 1962 (p.
1891 1919 1960 1950 143
1985 1916 2107 1961 Pith.),
2134 1915 2246 1949 Aurel.

1291 1980 1511 2023 Augustinum
1533 1979 1575 2023 (p.
1588 1979 1676 2022 295)
1700 1985 1732 2011 et
1746 1979 1831 2026 ACur.
1843 1970 2108 2010 Fortunatiannm
2126 1977 2246 2022 (p.55).

1368 2055 1653 2102 consummatione]
1681 2057 1784 2098 Lege:
1808 2056 1866 2087 »ad
1884 2056 2008 2087 initium
2028 2054 2078 2086 vel
2099 2065 2245 2085 consum-

1293 2122 1489 2154 n1atione111.n
1502 2120 1769 2161 Gracia—Vulgo
1788 2119 1870 2151 enim
1888 2118 2068 2159 legebatur:
2087 2117 2141 2148 »ab
2156 2117 2246 2149 initio

1293 2184 1336 2215 ad
1358 2183 1616 2226 progressionem
1639 2181 1691 2213 vel
1712 2180 1907 2224 profectum,
1935 2190 1952 2208 a
1975 2178 2182 2221 profectione,
2207 2180 2247 2211 ab

1294 2248 1386 2278 initio
1410 2246 1461 2276 vel
1484 2243 1793 2282 consummatione«;
1821 2242 1878 2273 sed
1895 2241 2049 2272 veriorem
2059 2242 2246 2281 lectionem,

1295 2321 1376 2354 quac
1409 2308 1493 2352 apud
1519 2306 1652 2339 Curium
1681 2305 1946 2336 Fortunatianum
1971 2304 2013 2348 (p.
2029 2305 2090 2348 65)
2118 2316 2246 2350 quoque

1296 2377 1416 2411 exstat,
1449 2382 1466 2402 e
1494 2369 1603 2402 codiee
1624 2367 1874 2400 Darnistattensi
1896 2367 2011 2411 recepi.

1363 2463 1448 2493 circa
1472 2457 1551 2504 rem]
1579 2458 1625 2490 Hi
1644 2459 1709 2489 sere
1733 2457 1829 2489 iidem
1852 2463 1927 2488 sunt
1950 2468 2030 2500 quos
2054 2456 2168 2489 Cicero
2192 2454 2245 2499 (de

291 2528 385 2560 etiam
405 2540 474 2559 cnm
491 2525 740 2563 Fortunatiano,
763 2537 780 2556 c
805 2538 880 2569 quo,
903 2531 938 2557 ut
954 2526 1049 2558 modo
1069 2525 1151 2567 dixi,
1173 2525 1239 2557 fere
1288 2523 1407 2555 invent.
1424 2523 1457 2562 1,
1476 2522 1538 2563 28)
1561 2520 1635 2551 duci
1657 2519 1700 2550 ait
1725 2531 1765 2551 ex
1792 2519 1831 2549 iis
1852 2529 1933 2562 quae
1953 2519 2079 2561 negotio
2093 2518 2246 2561 adjuncta

293 2591 397 2622 omnia
425 2591 478 2622 illa
503 2596 612 2622 noster
637 2588 814 2633 exscripsit.

1291 2587 1365 2628 sint,
1392 2585 1441 2619 vel
1472 2586 1548 2630 (top.
1564 2584 1601 2627 5)
1628 2596 1709 2628 quac
1732 2582 1961 2630 qicodammodo
1981 2579 2095 2623 affecta
2116 2581 2180 2613 sint
2205 2580 2247 2612 ad
