2310 2860
816 166 1015 208 Martiani
1053 165 1252 222 Capellae
1290 166 1361 207 lib.
1388 166 1439 208 V.
1478 168 1508 219 ὖ.
1530 167 1632 209 556.
2113 172 2205 212 439

250 273 397 324 edicti,
444 274 710 316 severitatem
750 274 976 330 praetoris,
1020 274 1144 315 faveo
1185 274 1362 326 oratori,
1407 275 1531 330 cupio
1570 275 1775 331 supplicio
1807 276 1976 332 octuplo
2007 276 2202 320 damnari

249 356 566 412 Apln·onium.“
633 356 981 411 Diezeugmenon
1024 356 1281 411 disjunctum
1328 356 1614 413 appella1nUS‚
1668 373 1805 413 quum
1840 358 2016 400 diversis
2059 359 2204 400 reddi-

249 436 434 476 tionibus
465 436 700 477 verborum
730 437 821 478 cola
851 437 1131 493 disjungimus
1159 438 1247 480 sive
1278 438 1364 479 duo
1388 439 1476 479 sive
1507 439 1652 494 plura,
1687 440 1765 482 hoc
1795 440 1944 482 modo:
1976 440 2203 498 „Capuam

250 517 406 558 colonis
444 517 634 559 deductis
670 519 961 575 occupabunt,
1018 520 1199 561 Atellam
1238 519 1447 575 praesidio
1488 521 1798 572 communient,
1837 522 2070 563 Nuceriam
2102 537 2202 564 cum

250 598 333 640 hac
363 600 636 642 multitudine
659 616 839 642 suorum
863 601 1132 653 obtinebunt,
1170 610 1306 642 cetera
1338 600 1493 657 oppida
1517 601 1731 655 praesidiis
1761 601 2043 644 devincient.“
2076 604 2207 644 Ante-

250 696 515 735 zeugmenon
557 683 809 737 injunctum.
873 682 990 723 Hace
1022 682 1158 737 figura
1187 695 1210 722 a
1239 682 1459 737 superiore
1493 681 1576 722 hoc
1605 682 1765 734 differt,
1800 684 1916 737 quod
1946 684 2003 724 ibi
2033 684 2205 738 singulis

251 765 456 805 membris
498 765 661 820 singula
703 764 871 805 diversa
912 763 1169 814 redduntur,
1216 763 1285 803 hio
1325 764 1451 819 plura
1490 763 1533 803 in
1575 778 1659 804 uno
1692 764 2009 819 conjungimus,
2049 773 2097 805 ut
2126 774 2204 805 est:

250 860 470 900 „quorum
494 845 597 886 ordo
621 845 673 885 ab
702 845 869 896 humili,
901 845 1070 886 fortuna
1101 844 1290 896 sordida,
1322 855 1475 886 natura
1505 845 1619 900 turpi
1650 845 1810 885 ratione
1843 844 2081 885 abhorret‘fi
2114 844 2208 885 Hoc

251 928 362 966 enim
386 935 650 981 postremum
679 924 880 965 abhorret
900 924 1113 980 praedicta
1140 926 1372 980 conjunxit.
1408 926 1678 968 Pleonasmos
1704 936 1763 968 est
1784 927 1880 982 plus
1906 927 2206 977 necessarium,

251 1034 432 1077 Capellam,
473 1035 505 1065 in
545 1047 608 1077 quo
646 1046 811 1078 perperam
842 1035 958 1076 legitur
993 1038 1205 1076 nunciamus,

250 1096 440 1126 consentire.
462 1096 591 1127 num-x.
619 1096 677 1139 (ad
709 1096 820 1139 Aquil.
850 1109 879 1140 p.
905 1097 995 1140 185)
1015 1116 1061 1120 --
1097 1099 1203 1130 Resti-

250 1158 366 1188 tuiznus
391 1169 408 1188 e
441 1158 550 1189 codiee
580 1158 830 1189 Darinstattensi
863 1161 1093 1199 enunciamus,-
1130 1172 1203 1192 con-

245 1220 425 1261 junctivum
460 1225 564 1251 autem
602 1231 756 1262 reponere
801 1232 872 1252 cum
907 1214 1100 1253 Rulunlwnio
1131 1223 1204 1254 reli-

251 1283 301 1325 gio
326 1284 401 1323 fuit,
425 1296 539 1327 quum,
567 1283 594 1314 si
616 1284 744 1326 quidem
766 1284 952 1315 mutandum
976 1285 1032 1325 sit,
1055 1286 1205 1317 mendum

251 1345 283 1375 in
306 1351 341 1376 ut
364 1346 472 1389 potius
500 1346 598 1377 latere
625 1346 788 1386 wideatur,
819 1358 877 1390 pro
904 1359 968 1390 qno
994 1348 1131 1379 libenter
1152 1349 1207 1379 ubt’

253 1408 456 1441 restitum-im,
475 1408 550 1438 Pari
576 1408 706 1439 audacia
728 1408 759 1439 in
779 1409 985 1451 sequentibus
1005 1410 1099 1441 etiam
1121 1422 1206 1451 gras-

254 1476 341 1501 satus
367 1477 415 1502 est
438 1470 667 1509 Rulmkcnius,
694 1470 747 1501 uhi
769 1482 809 1501 ex
830 1471 901 1514 ipso
921 1471 1078 1503 Cicerone
1101 1473 1209 1514 (Yerr.

252 1534 291 1572 5,
330 1533 392 1574 ll)
427 1532 566 1575 Aquilae
603 1533 742 1564 restituit
779 1535 919 1571 aratori,
955 1547 1052 1578 quum
1081 1533 1207 1566 codices

254 1608 364 1627 omnes
385 1602 419 1627 ut
441 1602 472 1627 et
492 1596 669 1627 Martianus
689 1598 809 1627 oratori
826 1596 1033 1639 praeberent,
1060 1597 1209 1640 equidem

253 1659 329 1690 nihil
359 1663 464 1697 muto,
504 1670 608 1700 neque
641 1658 674 1689 in
706 1658 914 1701 sequentibus
942 1670 1064 1701 repono
1098 1659 1208 1702 »cupio

254 1720 374 1765 octupli
403 1720 545 1751 damnari
576 1719 794 1763 Apronium«,
836 1725 871 1751 ut
904 1721 988 1764 apud
1020 1720 1209 1752 Ciceronem

253 1789 317 1823 est,
344 1783 417 1827 quia
441 1782 468 1813 si
487 1784 565 1814 haec
584 1783 688 1813 onmia
708 1788 828 1814 temere
855 1783 1010 1824 refingere
1037 1783 1076 1814 ad
1101 1789 1210 1815 nostra

255 1846 449 1890 exemplaria
472 1846 636 1884 volumus,
666 1850 753 1876 totus
776 1856 854 1875 usus
877 1845 1008 1888 peribit,
1038 1858 1131 1888 quem
1154 1845 1209 1876 ali-

256 1910 383 1954 quando
405 1909 573 1941 Ciceronis
597 1909 697 1940 critici
714 1920 754 1939 ex
773 1914 884 1939 nostro
906 1920 1019 1951 capere
1037 1909 1209 1952 potuerint.

332 1969 540 2015 disjunctum]
568 1969 624 2002 Sic
646 1969 766 2013 Aquila
789 1981 917 2013 quoque
938 1970 980 2012 (p.
999 1970 1092 2013 187).
1122 1969 1210 2002 Auc-

256 2033 319 2064 tori
346 2033 385 2064 ad
407 2032 607 2063 Herennium
631 2032 682 2075 (4,
711 2030 773 2074 27)
798 2033 969 2075 disjunctio
992 2037 1052 2064 est.

331 2094 488 2140 Capuam]
516 2095 607 2126 Haec
623 2094 805 2125 memoriter
825 2093 961 2125 citantur
982 2106 1022 2125 ex
1043 2094 1210 2126 Ciceronis

257 2158 372 2200 Agrar.
387 2158 434 2197 11,
455 2159 520 2197 51,
545 2157 599 2188 ubi
620 2156 680 2187 ita:
702 2156 879 2188 »Calenum
899 2156 1106 2200 municipium
1125 2169 1209 2189 eom-

259 2223 408 2267 plebunt:
438 2223 605 2254 'theanum
647 2221 840 2265 oppriment:
873 2222 1032 2262 Atellam,
1073 2222 1209 2263 Cumas,

259 2285 442 2329 Neapolim,
465 2286 657 2330 Pompejos,
685 2286 854 2318 Nuceriam
876 2286 941 2318 suis
965 2287 1132 2330 praesidiis
1157 2287 1211 2318 de·

261 2349 427 2381 sincicum
445 2350 572 2382 Ruumz.
594 2350 653 2394 (ad
676 2349 762 2393 Aqu.
788 2363 819 2394 p.
838 2350 931 2393 187).

337 2424 409 2443 cum
433 2411 511 2456 leae]
537 2413 623 2455 Lege
657 2414 855 2453 IVueeriam,
893 2414 1021 2446 Cumas.
1042 2413 1146 2446 Gno'r.
1163 2432 1211 2437 ——-

264 2474 312 2506 lta
338 2479 369 2505 et
391 2473 506 2505 Cicero
532 2479 564 2505 et
587 2474 724 2517 Aquila,
758 2476 815 2507 scd
845 2488 942 2520 quum
968 2488 1097 2507 sensum
1123 2487 1211 2519 prae-

264 2536 338 2568 beat
362 2535 505 2576 vulgata,
538 2547 633 2579 quem
659 2536 727 2579 ipse
750 2538 927 2570 Martianus
954 2538 1035 2570 velle
1062 2538 1212 2582 potuerit,

265 2602 386 2630 mutare
409 2608 478 2629 eam
499 2595 566 2628 sine
591 2597 753 2630 codicibus
775 2599 873 2631 nolui.

1332 1035 1624 1082 anlezenqmenon]
1664 1036 1752 1078 Lege
1787 1048 2048 1080 epezeuqmenon.
2089 1035 2135 1066 Et
2164 1034 2210 1066 sic

1255 1096 1393 1141 Aquila,
1428 1111 1608 1142 quanquam
1641 1104 1673 1129 et
1708 1100 1785 1129 haee
1819 1098 1914 1131 lectio
1946 1099 2076 1129 tolerari
2099 1097 2210 1141 possit.

1258 1159 1425 1192 Gno‘r.—
1457 1160 1524 1191 Sed
1557 1160 1695 1203 Aquilae
1727 1160 1788 1203 ipsi
1815 1172 1855 1192 ex
1886 1159 2006 1191 Aldina
2035 1165 2066 1190 et
2098 1165 2210 1190 nostro

1259 1227 1531 1265 anlezeuymenon
1557 1222 1693 1252 reddidit
1715 1221 1927 1253 Ruhnkenius
1949 1221 1996 1265 (p.
2016 1220 2112 1264 188).
2137 1220 2213 1264 Ipsa

1258 1284 1358 1325 figura
1380 1286 1561 1328 conjunctio
1589 1285 1703 1316 melius
1728 1285 1843 1317 dieitur
1864 1284 2002 1318 Auctori
2025 1285 2064 1316 ad
2086 1284 2212 1316 Heren-

1257 1345 1346 1376 nium
1368 1346 1421 1390 (4,
1449 1347 1520 1389 27).

1334 1411 1368 1439 in
1390 1408 1468 1452 uno]
1497 1410 1610 1441 Codex
1634 1410 1839 1442 Monacensis
1863 1410 1920 1454 (C)
1950 1413 1984 1442 in
2005 1422 2123 1449 unum,
2156 1408 2214 1440 sed

1260 1469 1406 1510 vulgatae
1435 1470 1520 1500 favet
1545 1469 1674 1512 Aquila.

1336 1546 1472 1580 quornm
1490 1531 1578 1576 ordo]
1605 1532 1721 1563 Melius
1742 1532 1785 1564 ita
1807 1533 1923 1573 legitur
1943 1532 2027 1576 apud
2044 1532 2212 1576 Aquilam:

1268 1609 1422 1639 »quorum
1443 1597 1521 1627 ordo
1542 1597 1663 1636 humili,
1688 1597 1814 1628 fortuna
1834 1597 1973 1636 sordida,
1998 1602 2111 1630 natura
2128 1596 2214 1639 turpi

1262 1658 1405 1689 oratione
1426 1658 1610 1697 abhorret«,
1641 1659 1724 1689 unde
1748 1663 1867 1689 natura
1886 1658 2035 1697 fidenter,
2059 1657 2214 1689 suadente

1261 1720 1471 1759 Ruhnkeuio,
1495 1725 1606 1751 nostro
1630 1731 1758 1763 quoque
1775 1719 1917 1760 reddidi,
1943 1721 2085 1751 oratione
2103 1732 2142 1750 au
2162 1731 2214 1750 ra-

1263 1787 1347 1816 tione
1383 1784 1585 1816 scribendum
1617 1784 1673 1824 sit,
1704 1783 1833 1815 decerni
1860 1783 1893 1814 in
1919 1788 1982 1814 tam
2014 1783 2104 1815 brevi
2132 1783 2212 1825 frag-

1261 1852 1368 1878 mento
1393 1846 1445 1877 vix
1469 1858 1564 1889 posse
1593 1846 1677 1877 idem
1699 1851 1785 1878 reete
1811 1845 1943 1877 monuit.

1332 1908 1405 1951 plus
1430 1907 1665 1952 necessarium]
1701 1908 1789 1949 Lege
1818 1907 1908 1951 »plus
1945 1919 2041 1954 quam
2066 1917 2212 1939 neeessa-

1260 1971 1370 2003 rium.«
1391 1971 1494 2003 GROT.
1513 1991 1560 1995 —-
1587 1972 1694 2003 Minus
1726 1972 1808 2003 hene
1833 1972 1994 2003 emendat:
2019 1983 2091 2002 nam
2118 1982 2214 2017 quam

1262 2034 1518 2077 subintelligitur.
1550 2036 1635 2068 'Vide
1657 2035 1861 2067 Perizonium
1885 2035 1925 2067 ad
1946 2034 2055 2068 Sanct.
2078 2034 2212 2067 Minerv.

1259 2098 1319 2131 IV.
1342 2099 1381 2139 23
1408 2112 1439 2143 p.
1457 2100 1541 2140 529,
1562 2106 1594 2132 et
1618 2099 1810 2143 interpretes
1838 2100 1877 2131 ad
1894 2099 2012 2141 Vellej.
2028 2099 2154 2130 Patere.
2168 2098 2211 2138 II,

1264 2161 1296 2200 1,
1314 2161 1487 2192 Annum.
1505 2161 1558 2205 (ad
1575 2161 1663 2205 Aqu.
1683 2163 1763 2195 189.
1790 2162 1941 2205 190).--
1965 2162 2022 2195 Sic
2043 2160 2212 2194 Terentius

1261 2221 1421 2266 (Adelph.
1445 2223 1484 2262 2,
1516 2225 1553 2263 l,
1588 2224 1672 2267 4G):
1704 2224 1796 2267 »plus
1834 2225 2026 2268 quingentos
2060 2223 2211 2265 colaphos

1260 2283 1390 2326 infregit
1409 2285 1514 2316 mihi.«
1545 2285 1672 2317 Pariter
1686 2288 1792 2318 minus
1810 2298 1880 2318 eum
1896 2291 2008 2328 quarto
2026 2296 2101 2316 casu
2119 2295 2210 2315 usur·-

1262 2353 1317 2390 pat
1334 2347 1402 2390 ipse
1424 2348 1539 2381 Cicero
1556 2349 1601 2393 (in
1618 2349 1710 2381 Verr.
1731 2351 1748 2380 1
1759 2372 1768 2388 ‚
1790 2348 1863 2391 47),
1881 2354 1916 2379 ut
1937 2353 2055 2380 taceam
2072 2347 2212 2387 Livium,

1262 2409 1430 2450 Plautum,
1469 2410 1561 2445 alios.
1613 2411 1687 2442 Non
1716 2415 1784 2441 erat
1816 2409 1927 2451 igitur,
1967 2409 2053 2453 quod
2084 2409 2213 2441 Heinsii

1263 2472 1450 2504 auctoritate
1472 2485 1490 2505 a
1511 2474 1610 2517 priori
1639 2473 1795 2505 sententia
1822 2471 1990 2504 deterritus
2014 2471 2083 2516 ipse
2099 2473 2211 2505 Ruhn-

1263 2535 1377 2568 kenius
1397 2536 1442 2580 (in
1463 2537 1616 2569 addendis
1639 2550 1670 2580 p.
1690 2537 1763 2567 276
1786 2535 1825 2566 ad
1843 2547 1874 2579 p.
1895 2534 1981 2579 190)
2004 2535 2078 2580 plus
2105 2548 2210 2569 neces-

1263 2600 1349 2631 sario
1374 2599 1469 2631 scribi
1496 2599 1653 2632 suaderet.

1740 2655 1818 2691 58*

2238 604 2310 645 55:
