2310 2860
114 1093 197 1133 1591

232 166 320 207 558

802 162 999 205 Martiani
1032 163 1230 219 Capellae
1260 164 1331 205 lib.
1354 164 1429 205 VI.
1459 166 1489 216 ᾗ.
1514 165 1616 207 690.

236 273 657 324 t'onzinagenemque
700 271 970 321 transcurrit,
1025 268 1298 312 dextrorsum
1339 272 1546 327 plurimos
1587 272 1712 314 Asiae
1755 275 1933 328 populos
1979 276 2184 316 ambiens.

235 351 296 392 Ad
332 351 429 404 juga
461 350 598 390 Tauri
631 352 856 391 succrescit
893 352 934 390 in
970 360 1080 391 ortu.
1143 351 1344 392 Praeterit
1387 351 1674 406 Lycaoniam,
1718 352 1936 403 Pisidiam,
1964 353 2184 405 Ciliciam,

234 445 361 485 super
393 440 573 471 tractum
606 432 753 486 Syriae
786 447 950 481 means,
995 431 1242 472 Antiochiae
1273 441 1437 486 partem
1470 433 1512 472 in
1545 433 1760 487 Scythiam
1796 433 2059 488 pertendens·
2116 435 2182 475 Ab

233 512 435 552 Armenia
468 513 628 566 majore
659 513 864 554 dividitur
894 513 1114 568 Euphrate
1146 514 1301 564 fluvio,
1335 529 1445 569 quae
1477 514 1680 554 Armenia
1715 513 1884 554 inchoat
1916 529 1939 555 a
1970 514 2181 555 montibus

233 592 452 633 Pariedris.
525 593 570 633 In
613 593 881 649 Cappadocia
917 595 1077 635 multae
1118 597 1246 637 urbes
1286 596 1488 647 eximiae,
1541 596 1648 637 inter
1688 611 1795 651 quas
1829 596 1998 647 Melita,
2053 610 2183 651 quam

233 672 479 713 Semiramis
517 674 720 726 condidit,
767 685 806 716 ct
844 675 1040 727 Mazaca,
1086 692 1219 732 quam
1251 677 1398 718 dicunt
1434 676 1608 717 urbium
1652 686 1856 728 1natre1n3
1896 678 1964 716 cui
1995 681 2183 731 Argaeus

234 767 355 793 mons
387 754 599 806 imminet,
632 757 706 811 qui
737 758 855 798 nives
889 759 1053 800 verticis
1087 759 1301 799 albicantis
1332 773 1385 798 ne
1418 758 1584 798 aestivis
1619 758 1794 813 quidem
1830 759 1997 799 Solibus
2032 772 2182 812 super-

233 833 382 874 fundit.
442 834 489 875 In
517 837 599 878 hac
624 837 894 894 Cappadocia
917 838 1134 895 longitudo
1160 839 1284 880 Asiae
1316 838 1513 879 undecies
1536 848 1711 879 centena
1732 838 2012 895 quadraginta
2042 838 2183 879 millia.

999 994 1091 1040 [DE
1134 993 1407 1039 ASSYRIAl.

400 1099 561 1152 Assyrii
591 1099 806 1141 4⁴diabene
828 1101 1043 1155 incipiunt,
1077 1116 1183 1155 quos
1209 1101 1361 1155 exeipit
1384 1100 1528 1141 Media
1557 1100 1597 1141 in
1625 1110 1849 1155 prospectu
1873 1100 2012 1155 Caspii
2043 1098 2183 1148 maris,

233 1189 345 1229 quae
382 1176 607 1218 Caucaseis
655 1180 871 1220 montibus
908 1180 1105 1234 cingitur,
1149 1179 1219 1220 sed
1262 1179 1477 1220 Caucasus
1509 1189 1650 1236 portas
1682 1180 1829 1231 habet,
1873 1195 1980 1235 quas
2013 1180 2184 1234 Caspias

232 1255 399 1306 dicunt,
448 1258 634 1298 cautium
679 1260 956 1314 praecisiones
995 1260 1120 1300 etiam
1153 1258 1298 1299 ferreis
1331 1259 1520 1298 trabibus
1559 1259 1770 1299 obseratas
1813 1260 1865 1300 ad
1909 1269 2182 1300 externorum

233 1339 452 1378 transitum
478 1340 786 1390 cohibendum,
819 1341 1018 1394 quamvis
1044 1355 1175 1381 verno
1201 1339 1323 1379 etiam
1351 1339 1616 1393 serpentibus
1642 1339 1942 1391 oecludantur3
1975 1354 1997 1380 a
2029 1339 2184 1393 quibus

232 1417 284 1458 ad
322 1419 502 1458 Pontum
545 1419 726 1461 ducenta
766 1421 898 1462 millia
937 1436 1141 1476 passuum
1183 1435 1271 1461 csse
1310 1434 1394 1460 non
1437 1419 1620 1460 dubium
1654 1430 1724 1461 est,

302 1526 482 1572 Pariedrt's]
510 1529 635 1560 Plinius
658 1530 704 1572 (G,
723 1530 757 1569 9,
785 1530 821 1571 9)
844 1531 1040 1572 Parymlris,
1066 1530 1184 1562 Strabo

231 1590 310 1629 (¹1,
337 1603 369 1633 p.
391 1592 480 1632 5273
511 1593 572 1631 12,
600 1606 629 1635 p.
648 1593 730 1624 548.
752 1594 823 1624 5:53
847 1593 1000 1634 Casanb.)
1026 1590 1185 1638 Πίερυά-

231 1654 342 1695 δρηςι
359 1653 458 1683 nostri
478 1653 610 1693 margini
631 1653 764 1685 Grotius
782 1654 949 1697 adscripsit
968 1655 1182 1696 Panez-'rysim

305 1714 454 1759 Mazaca]
473 1716 518 1746 Ita
536 1722 567 1746 et
583 1716 706 1747 Plinius
727 1717 756 1748 in
776 1715 1182 1761 Cappadociatllsccgctmi

232 1774 410 1817 Stephano,
439 1777 521 1807 unde
539 1777 580 1807 ait
602 1777 661 1808 dici
685 1776 881 1821 μαζακεύς
897 1785 927 1810 et
944 1777 1179 1825 μαζακηνὸς.

231 1834 408 1868 Suetonius
430 1843 535 1869 tamen
558 1838 589 1869 in
606 1839 734 1871 Nerone
762 1842 870 1872 »turba
894 1841 1078 1872 Mazaeum«
1097 1841 1182 1872 dicit.

233 1897 395 1930 Gnor.—
425 1901 582 1933 Videatur
608 1903 646 1934 de
669 1905 728 1935 hae
755 1905 832 1936 urbe
855 1905 997 1936 Yaillant
1022 1905 1068 1948 (in
1095 1917 1181 1938 num.

232 1960 360 1991 maximi
387 1963 505 1993 moduli
536 1964 652 2006 pet).
688 1964 808 1996 Sextus
842 1967 946 1997 Rufus
974 1967 1018 2010 (in
1047 1966 1180 1997 breviar.

226 2025 298 2063 11,
324 2025 437 2067 p.219
460 2025 561 2069 Bip.):
587 2026 740 2071 »Semper
767 2029 797 2060 in
821 2030 937 2061 auxilia
964 2036 1072 2061 nostra
1095 2031 1181 2061 sucre

233 2087 444 2130 Cappadoces
471 2094 504 2120 et
533 2090 576 2121 ita
604 2091 800 2132 majestatem
835 2094 962 2124 coluere
989 2094 1181 2132 Romanam,

233 2155 268 2179 ut
299 2149 332 2179 in
363 2151 516 2181 honorem
547 2151 688 2193 Augusti
714 2154 861 2185 Caesaris
885 2156 1039 2193 filamen,
1072 2154 1182 2186 cixitas

234 2209 458 2254 Cappadociae
476 2212 622 2254 maxima,
641 2214 798 2246 Caesarea
812 2222 1068 2260 nuncuparetur-,u
1088 2215 1182 2247 Adde

232 2270 424 2315 Eutropium
451 2274 499 2316 (7,
532 2275 554 2305 5
572 2280 604 2306 et
621 2275 668 2318 6).
704 2276 803 2307 Plura
832 2277 919 2309 dabit
946 2277 1105 2310 Cellarius
1131 2278 1183 2322 (T.

232 2333 281 2373 Π,
307 2334 451 2377 Ρ.542).

305 2396 474 2442 Αιῃαειιε]
510 2398 594 2431 Vide
624 2399 816 2432 Strabonem
846 2401 898 2432 lib.
921 2401 994 2434 XII.
1010 2402 1114 2435 Gnor.
1135 2419 1183 2426 υ·-

234 2457 361 2501 Operae
386 2459 521 2502 pretium
544 2460 604 2492 erit
626 2461 770 2493 conferre
793 2462 984 2494 Salmasium
1007 2463 1060 2507 (ad
1081 2462 1183 2496 Solin.

234 2534 264 2564 p.
280 2522 375 2563 891).
399 2523 494 2554 Mons
515 2522 584 2567 ipse
601 2524 635 2555 in
653 2536 749 2557 numo
768 2532 897 2570 apparet
915 2526 1080 2569 (Vaillant.
1097 2538 1185 2561 num.

236 2593 316 2614 max.
340 2583 460 2614 moduli
485 2584 523 2615 ad
547 2597 577 2628 p.
595 2584 663 2628 75).

1794 1421 1843 1461 In
1879 1422 2009 1462 Ponto
2042 1430 2185 1462 autem

1310 1528 1460 1559 undecies
1484 1521 1636 1573 centena]
1663 1528 1789 1560 Plinius
1813 1529 1865 1573 (G,
1893 1530 1932 1569 8,
1960 1529 1996 1572 8)
2020 1530 2185 1563 duodecies

1235 1597 1369 1622 centena
1392 1593 1637 1637 quinquaqinta.

1311 1653 1439 1694 Assyrii
1467 1651 1656 1697 Adiabene]
1691 1652 1768 1685 MS.
1792 1653 1924 1695 Assyrii
1947 1654 2110 1685 Adiabene
2135 1655 2182 1684 in·

1234 1716 1374 1757 cipiunt,
1410 1727 1473 1746 non
1506 1716 1595 1747 male.
1645 1715 1702 1747 Sic
1731 1721 1762 1746 et
1797 1728 1892 1760 snpra
1923 1717 2016 1748 dixit:
2049 1716 2184 1760 »Epiros

1233 1782 1338 1807 autem
1372 1776 1482 1820 incipit
1516 1777 1761 1809 Acrocerauniis
1797 1777 1987 1810 montibus«
2013 1778 2117 1810 Guor.
2137 1796 2183 1802 —-·

1233 1837 1299 1869 Sed
1322 1837 1368 1869 s'c
1395 1837 1425 1868 in
1455 1838 1666 1869 anterioribus
1695 1838 1888 1869 editionibus
1909 1839 1976 1880 jam
2003 1839 2184 1880 lcgehatur3

1233 1913 1289 1933 cur
1313 1900 1408 1942 igitur
1438 1901 1536 1932 edidit
1566 1903 1605 1933 ab
1636 1903 1824 1933 Adiabene?
1860 1903 1909 1933 De
1936 1902 2062 1946 Caspiis
2085 1902 2184 1946 portis

1232 1965 1342 1995 confer
1367 1964 1558 1996 Strabonem
1586 1965 1632 2007 (l,
1660 1978 1690 2009 p.
1704 1966 1751 1997 (34
1772 1966 1908 1997 Casaub.
1932 1967 1970 2005 2,
1994 1979 2023 2009 p.
2044 1967 2099 1997 78.
2125 1965 2182 1998 79.

1234 2028 1293 2058 89.
1317 2027 1374 2057 91.
1397 2026 1468 2068 92).
1504 2027 1554 2057 Dc
1586 2026 1754 2058 Adiabene
1789 2033 1894 2058 antem
1921 2027 1967 2058 sic
1995 2025 2182 2057 Ammianus

1232 2088 1311 2131 (25,
1342 2100 1371 2130 p.
1390 2088 1463 2118 270
1482 2086 1684 2130 Lindenbr.):
1704 2087 1754 2118 »A
1779 2086 2006 2129 διαβαίνειν,
2038 2086 2183 2125 transire,

1234 2148 1423 2192 appellatam
1457 2160 1529 2180 esse
1569 2154 1693 2180 veteres
1730 2148 1857 2191 quidem
1891 2147 2095 2179 arbitrantur:
2125 2160 2183 2180 nos

1234 2217 1338 2243 autem
1364 2212 1513 2251 dicimus,
1545 2212 1630 2256 quod
1652 2212 1684 2242 in
1706 2211 1754 2242 his
1776 2211 1868 2242 terris
1893 2223 2002 2243 amnes
2025 2217 2099 2244 sunt
2121 2212 2185 2244 dno

1233 2274 1394 2320 perpetui,
1438 2286 1519 2317 qnos
1553 2273 1772 2313 transivimus,
1809 2274 1927 2305 Diavas
1963 2280 1994 2306 et
2026 2274 2183 2315 Adiavas,

1229 2335 1335 2378 juncti
1351 2335 1517 2366 navalibus
1538 2334 1705 2378 pontibus,
1733 2334 1870 2379 ideoque
1893 2335 2027 2377 intelligi
2046 2335 2183 2368 Adiuvo-

1233 2411 1305 2432 nam
1331 2398 1613 2440 cognominatam«
1646 2397 1798 2430 Ceterum
1822 2404 1932 2430 noster
1956 2399 2105 2431 Solinum
2130 2412 2181 2432 ex-

1234 2462 1361 2506 scripsit
1387 2462 1453 2505 (46
1479 2467 1511 2493 et
1536 2460 1619 2504 47),
1657 2462 1845 2505 amplificata
1880 2467 1983 2495 tamen
2010 2475 2050 2496 ex
2076 2462 2182 2496 Plinio

1233 2525 1287 2568 (6,
1319 2523 1380 2565 11,
1412 2522 1472 2568 12)
1496 2528 1659 2569 portin-nm
1684 2522 1909 2568 descriptione.
