2310 2860
774 151 972 194 Martiani
1010 150 1209 208 Capellae
1248 150 1319 193 lib.
1344 150 1421 193 IV.
1459 153 1490 204 ς).
1515 151 1616 195 551.

2102 155 2188 198 551

223 269 282 302 est
314 258 501 302 deorum
532 273 718 315 eamque
747 259 914 316 penitus
950 257 1185 310 nesciebat,
1231 258 1337 300 haec
1380 266 1454 301 aut
1492 274 1544 301 ex
1586 260 1722 302 arenis
1756 259 1920 316 Libyae
1952 260 2186 305 anhelantis

225 340 475 394 adducitur,
519 339 637 396 quod
680 348 719 381 et
758 339 1007 395 capillitium
1046 339 1286 394 implexum
1325 337 1447 379 docet
1486 347 1526 379 et
1563 339 1745 381 amicitia
1776 354 2065 394 venenorum,
2113 352 2187 384 aut

222 421 445 465 fidendum
476 421 860 479 pharmacopolam
895 436 985 462 esse
1015 421 1223 462 Marsicae
1247 419 1438 461 nationis.
1468 418 1531 460 Ita
1557 434 1748 475 namque
1780 421 1986 477 agnitione
2011 421 2184 478 viperea

221 515 263 548 et
292 506 450 549 blanda
490 507 696 562 anguium
738 503 981 546 adulatione
1017 501 1226 556 diligitur3
1281 499 1399 557 quod
1429 500 1473 542 ni
1511 510 1591 553 cst,
1637 516 1692 542 cx
1726 501 1837 544 illius
1875 501 1993 544 hami
2030 502 2183 545 fraude

222 586 455 643 colligitur,
508 585 627 642 quod
663 583 906 626 circulatrix
949 582 1230 639 pcllacissima
1263 592 1303 625 et
1332 592 1548 626 metarum
1581 582 1867 626 Marsicaruin
1897 584 2034 626 incola
2064 599 2184 626 com-

219 715 269 760 (9,
286 715 376 760 445)
398 715 511 748 »sibila
533 713 689 747 horrificis
706 719 855 757 torquere
875 712 1096 757 serpentibusn
1123 711 1179 753 ait,

221 779 313 825 quasi
336 786 506 822 cognatum
533 779 594 812 sihi
621 779 791 811 draconem
814 778 847 810 in
867 777 1061 809 Dialecticae
1083 788 1180 808 manu

219 844 359 878 libenter
381 844 582 886 cognoverit,
610 843 695 875 unde
718 854 778 874 nec
800 853 878 886 prae
895 841 1013 886 qauclio
1032 852 1050 873 e
1069 840 1179 873 codice

219 908 409 942 monacensi
433 908 486 952 (F)
504 907 722 952 recipiendum
743 907 836 947 duxi,
862 917 968 949 neque
990 917 1062 937 cum
1078 904 1180 937 Hein-

219 972 269 1004 sio
292 972 346 1016 (ad
369 971 464 1004 ovid.
489 977 546 1003 art.
572 971 697 1002 amandi
718 971 759 1011 23
786 970 826 1003 T.
844 969 892 1010 Π,
916 982 946 1014 p.
964 969 1037 1001 605
1054 967 1179 1012 Burm.)

219 1034 358 1082 quodam
374 1045 433 1077 pro
454 1034 606 1080 quoniam
628 1032 735 1064 invitis
759 1031 923 1064 codicibus
945 1041 1101 1074 reponere
1123 1042 1178 1063 vo-

217 1096 281 1138 lui,
308 1096 385 1128 licet
408 1097 486 1130 haec
513 1096 698 1140 conjectura
723 1095 858 1128 multum
880 1094 1012 1135 habeat,
1045 1105 1109 1139 quo
1143 1105 1178 1127 se

217 1159 432 1195 commendet.

293 1220 465 1269 nimirum]
491 1222 616 1255 Locum
636 1223 722 1255 hunc
743 1222 789 1256 sic
812 1234 908 1255 sano:
932 1222 1097 1255 »nimirum
1118 1221 1178 1266 (in-

219 1287 289 1334 quit
308 1289 476 1329 Bromius,
500 1288 555 1332 qui
576 1288 709 1321 facetior
729 1294 779 1320 est
797 1288 947 1329 deorum,
971 1299 1105 1332 eamque
1124 1299 1179 1332 pe-

221 1349 308 1383 nitus
335 1349 514 1393 nesciebat)
546 1351 625 1381 haec
653 1354 724 1380 aut«
757 1354 816 1381 cet.
843 1350 1016 1381 R'escicbat
1041 1354 1090 1380 est
1113 1361 1180 1381 non

219 1413 438 1457 cognoscebat.
456 1411 560 1444 Gnor.
578 1429 626 1434 —-
656 1410 813 1442 Heinsius
834 1410 1055 1453 reponendum
1079 1409 1180 1441 suasit

217 1475 450 1517 perspiciebat,
482 1471 635 1504 absurde:
660 1471 803 1517 prosecto
841 1471 926 1504 enim
956 1471 1065 1514 ignota
1096 1470 1179 1504 Bae-

218 1536 280 1568 cho
301 1534 478 1567 Dialectica
503 1539 581 1565 erat.

295 1599 375 1631 haec
390 1596 461 1643 aut]
487 1597 537 1630 Ita
554 1595 760 1629 Monacensis
771 1595 827 1641 (C)
844 1601 877 1628 et
892 1594 1179 1636 Reiehenauensis,

219 1672 278 1707 pro
305 1662 402 1693 »haec
425 1665 549 1692 autem«
573 1658 607 1691 in
634 1658 740 1692 editis.

292 1720 426 1768 Libyae]
452 1721 509 1755 An
527 1732 566 1753 eo
584 1720 712 1761 alludit,
739 1719 827 1764 quod
846 1719 949 1764 Libya
972 1717 1175 1764 serpentibus

221 1786 418 1831 venenisque
448 1790 585 1827 scateat,
622 1784 707 1816 unde
730 1783 948 1828 proverbium:
979 1779 1038 1818 ἀεὶ
1066 1780 1176 1830 φέρει

220 1858 259 1882 τι
272 1844 396 1894 Λιβύη
418 1843 559 1882 κακὸνἹ
599 1844 655 1878 An
675 1845 806 1890 Psyllos
835 1845 977 1887 attingit,
1008 1843 1063 1888 qui
1087 1848 1123 1875 ut
1144 1849 1177 1876 et

219 1910 321 1945 Marsi
338 1915 604 1955 praesentaneum
622 1914 712 1941 erant
731 1907 923 1952 serpentinis
946 1907 1105 1939 morsibus
1127 1918 1176 1939 re-

220 1972 383 2006 medium?
415 1971 538 2019 ¹Gloss.
564 1969 697 2003 Isidori:
729 1970 876 2002 »Marsus
907 1968 1086 2000 incantator
1111 1979 1176 2001 ser·

219 2041 379 2083 pentuma
423 2034 606 2068 Arnobiusz
643 2033 830 2066 »Adversus
859 2032 942 2066 ictus
970 2032 1102 2073 noxios,
1144 2038 1179 2065 et

220 2105 397 2133 venenatos
424 2099 627 2132 colubrarum
651 2109 778 2129 morsus
809 2096 949 2129 remedia
980 2107 1076 2140 saepe
1101 2106 1177 2128 con·

220 2164 391 2211 quii-imus,
430 2168 462 2195 et
493 2161 691 2208 protegimus
719 2160 861 2201 laminis,
893 2159 1032 2204 Psyllis,
1059 2159 1177 2192 Marsis

221 2225 463 2260 vendentibus.u
507 2223 669 2256 Emendat
699 2223 859 2256 Auratus:
896 2222 1007 2255 »labiis
1042 2221 1175 2265 Psyllis,

220 2286 376 2322 Marsisve
409 2287 595 2327 dentibus«,
629 2285 717 2331 quod
743 2297 809 2318 non
837 2284 992 2329 improbo.
1030 2283 1178 2317 Meminit

222 2349 272 2382 bis
304 2355 354 2381 ter
379 2349 522 2389 Plinius,
557 2348 614 2380 sed
642 2354 675 2380 et
693 2347 821 2381 Gellius
844 2347 899 2380 lib.
926 2347 989 2389 16,
1017 2359 1088 2392 cap.
1113 2347 1176 2378 11:

228 2411 339 2445 oGens
359 2412 393 2443 iu
413 2411 505 2444 Italia
523 2411 703 2444 Marsorum
727 2417 797 2444 orta
817 2423 890 2444 esse
907 2412 1008 2443 fertur
1025 2422 1043 2443 a
1064 2410 1176 2443 Circes

222 2475 288 2509 filio
312 2475 438 2515 Marso,
471 2480 639 2519 propterea
661 2474 778 2508 Marsis
809 2473 1009 2516 hominibus,
1040 2485 1176 2519 quorum

223 2537 377 2570 duntaxat
404 2535 541 2568 familiae
574 2547 646 2568 eum
677 2537 818 2569 externis
847 2535 1094 2579 cognationibus
1116 2536 1176 2580 (ni.

223 2597 426 2641 nationibus)
454 2596 597 2631 nondum
625 2596 721 2631 etiam
746 2598 917 2644 permistae
943 2603 1176 2644 corruptaeque

1230 722 1322 757 sunt,
1347 715 1379 748 vi
1402 715 1537 760 quadam
1555 715 1684 758 genitali
1704 716 1811 748 datum
1838 722 1872 748 ut
1894 722 2076 760 serpentum
2099 716 2182 749 viru-

1229 777 1389 809 lentorum
1417 777 1589 810 domitores
1612 778 1692 818 sint,
1724 782 1756 809 et
1778 777 2047 810 incantationibus
2070 778 2182 810 herba·

1228 851 1364 884 rumque
1395 839 1499 872 succis
1536 839 1654 871 faciant
1687 839 1882 871 medelarum
1914 840 2074 872 miracula.
2111 840 2184 873 Hae

1229 904 1340 936 eadem
1362 903 1394 935 vi
1415 903 1577 947 praeditos
1595 915 1666 935 esse
1684 903 1844 944 videmus,
1870 903 1925 947 qui
1942 904 2046 947 Psylli
2068 915 2182 936 vocan-

1229 974 1309 1000 tur.‹=
1347 967 1494 999 Meminit
1517 967 1683 1011 utriusque
1707 968 1810 1009 gentis
1835 966 1980 1000 Solinus.
2003 968 2185 1001 Marsorum

1228 1029 1355 1063 Auctor
1380 1029 1419 1060 dc
1440 1028 1648 1060 medicamine
1671 1029 1777 1060 faciei:

1286 1091 1374 1123 »Nec
1391 1092 1514 1123 mediae
1529 1091 1652 1123 Marsis
1670 1090 1843 1135 finduntur
1858 1091 2006 1123 cantibus
2024 1101 2176 1136 unque-vu

1227 1154 1414 1199 Psyllorum
1442 1154 1562 1186 Cinna:

1285 1218 1559 1252 »Sonmiculosam
1582 1222 1619 1250 ut
1639 1217 1771 1250 Poenus
1794 1217 1938 1262 aspidem
1964 1217 2121 1260 Psyllus.-

1230 1282 1334 1317 Gnor.
1347 1302 1395 1307 ·-—-
1409 1282 1531 1316 Confer
1544 1281 1824 1327 palaeograpliiam
1841 1293 1944 1313 meam
1957 1280 2097 1313 criticam
2111 1280 2183 1324 (III,

1230 1346 1259 1391 ξ.
1285 1346 1394 1389 157),
1429 1346 1485 1377 ubi
1513 1346 1547 1377 in
1573 1345 1646 1378 loco
1671 1344 1809 1377 Arnobii
1840 1345 1893 1389 (2.
1920 1357 1951 1389 p.
1971 1346 2029 1377 65.
2053 1344 2136 1387 GG),
2167 1357 2184 1375 u

1231 1408 1346 1441 Grotio
1368 1408 1515 1449 laudato,
1546 1408 1729 1440 criticorum
1752 1408 1983 1440 correctionem
2006 1408 2152 1441 refutavi.

1304 1469 1602 1516 pharmacopolam]
1629 1471 1679 1502 Ita
1704 1471 1876 1512 legendum
1903 1482 1976 1503 esse
1999 1483 2058 1515 pro
2078 1471 2184 1514 forma

1229 1536 1376 1579 copulam
1400 1535 1432 1566 in
1467 1534 1561 1566 editis
1596 1534 1671 1565 olim
1699 1534 1766 1576 jam
1795 1534 1975 1576 conjecerat
2004 1534 2183 1567 Salmasius

1230 1596 1284 1640 (ad
1311 1596 1416 1629 Soliu.
1439 1596 1496 1628 52.
1518 1609 1551 1641 p.
1567 1597 1664 1627 1050
1694 1595 1743 1627 ed.
1763 1596 1872 1640 1629)
1899 1596 2084 1640 similesque
2106 1596 2182 1628 alio-

1230 1671 1302 1693 rum
1329 1659 1522 1704 scriptorum
1551 1658 1642 1691 locos
1667 1659 1826 1690 attulerat.
1867 1659 1974 1702 Quem
2003 1660 2105 1692 secuti
2131 1659 2184 1692 alii

1226 1726 1390 1754 auctorem
1406 1726 1514 1752 tamen
1530 1720 1627 1762 hujus
1645 1720 1848 1762 conjecturae
1871 1721 2077 1753 reticuerunt.
2103 1721 2184 1754 vul-

1226 1790 1331 1828 gatam
1355 1784 1484 1828 quidem
1508 1784 1681 1817 lectionem
1703 1784 1954 1829 antiquissimam
1979 1796 2050 1817 esse
2077 1784 2185 1826 glossa

1226 1849 1311 1894 (eod.
1334 1847 1461 1882 Monac.
1486 1847 1527 1892 F)
1551 1853 1689 1880 testatur
1711 1848 1808 1880 verba
1836 1848 1892 1881 illa
1917 1848 2081 1893 explicans
2109 1860 2185 1894 »per

1224 1910 1364 1956 formam
1395 1915 1567 1951 cognata«,
1607 1921 1721 1953 nempe
1754 1910 1911 1943 Marsicae
1945 1909 2086 1950 nati0n13
2127 1909 2184 1941 sed

1227 1972 1305 2005 mihi
1330 1971 1454 2003 suffecit
1479 1971 1754 2003 Reichenauensis
1778 1972 1898 2004 codicis
1923 1971 2019 2004 lectio
2048 1971 2182 2016 »farma-

1228 2036 1415 2081 copulam«,
1446 2040 1484 2067 ut
1506 2036 1589 2068 lianc
1612 2047 1724 2068 vocem
1750 2036 1784 2068 in
1809 2041 1931 2068 textum
1953 2036 2139 2080 reciperem..

1302 2095 1534 2142 pellacissima]
1562 2097 1608 2129 Ut
1628 2097 1786 2139 significet
1812 2097 2022 2130 seductricem
2044 2096 2180 2129 subtilis-

1228 2159 1347 2193 simam.
1365 2161 1529 2194 vure—
1547 2160 1605 2194 Sic
1628 2162 1776 2205 »pellacis
1801 2161 1890 2194 Ulixi
1912 2161 2078 2194 invidiama
2103 2159 2182 2192 dixit

1225 2222 1384 2264 Virgilius
1404 2221 1503 2266 (Aen.
1519 2222 1560 2263 2,
1585 2221 1656 2267 90).

1297 2284 1467 2331 metarum]
1495 2285 1653 2318 Heinsius
1680 2284 1771 2330 (l.1.)
1795 2284 1963 2326 audacter,
1993 2289 2027 2315 ut
2049 2282 2179 2324 assolet,

1228 2347 1393 2380 substituit
1408 2353 1593 2392 petrarum,-
1622 2358 1682 2390 ego
1705 2353 1822 2379 melam
1845 2358 1904 2391 pro
1926 2346 2024 2377 limite
2047 2343 2179 2389 accipio,

1227 2415 1263 2442 ut
1289 2415 1410 2442 »metae
1434 2409 1612 2442 Marsicae«
1636 2420 1695 2454 pro
1724 2408 1840 2441 finibus
1871 2407 2049 2440 Marsorum
2077 2405 2178 2439 dietae

1227 2474 1308 2516 sint,
1342 2473 1405 2506 nisi
1430 2473 1521 2518 ipsos
1553 2478 1680 2506 montes
1714 2472 1784 2514 ejus
1814 2469 1954 2512 regionis
1985 2474 2086 2502 metas
2115 2469 2177 2503 dici

1225 2540 1357 2583 propter
1377 2534 1510 2578 figuram
1533 2546 1631 2580 posse
1657 2531 1830 2567 censueris.

1300 2597 1535 2646 comprobatur]
1548 2599 1636 2642 Lege
1653 2595 1884 2639 comprobatur.
1902 2592 1958 2629 Sic
1970 2593 2065 2627 infra:
2078 2606 2177 2637 amera

1705 2656 1754 2691 42
1761 2653 1785 2680 ’¹¹
