2310 2860
699 128 898 170 Martiani
938 127 1139 184 Capellae
1178 128 1250 168 lib.
1276 127 1306 168 I.
1346 130 1377 179 ᾗ.
1400 128 1444 169 5.

1996 131 2052 172 15

96 241 335 295 Ροέῑᾶθᾳιιο
366 236 597 294 praecipue
619 236 855 291 Oeagrium
887 234 1144 276 citharistam
1177 235 1330 285 secuti,
1362 236 1718 291 caecutientisque
1742 236 1929 278 Maeonii
1958 252 2058 281 sua-

94 319 316 375 viloquam
352 327 634 369 senectutem,
680 318 800 373 opica
837 316 965 371 vulgo
1001 314 1224 369 lyricaque
1258 315 1410 370 pagina
1452 326 1750 357 consonarent:
1779 331 1855 357 nee
1893 317 2057 373 aliquid.

148 428 244 460 aelam
263 427 347 470 felix
372 428 475 458 oritur
496 427 618 470 proles.-
633 426 704 469 jam
721 425 804 455 laeta
818 422 950 466 littaei-os

140 490 319 533 Exspectat
339 494 451 521 natura
473 488 562 520 deos.
590 484 689 519 Nova
706 485 834 517 numina
854 486 950 517 rebus

141 550 263 583 Addite
286 558 317 584 ct
338 557 465 595 optatos
486 551 599 583 Cereri
614 549 755 593 proferte
775 553 940 591 nepotes«

91 612 185 645 Unde
208 613 289 645 iufra
309 613 353 657 (ἕ.
368 613 434 657 52)
450 613 527 644 Jovi
550 611 712 644 consuluit
726 609 847 654 Apollo
874 615 908 640 ut
932 621 1048 641 conce-

93 666 182 706 deret
205 676 333 719 nuptias
363 674 546 714 Mercurio,
578 673 693 717 quibus
714 673 872 716 proferret
896 677 1048 715 nepotum

91 749 258 769 numerum
281 737 320 768 ad
338 736 462 768 culmen
480 736 637 779 polorum.
663 734 701 766 Id
723 734 810 778 quod
835 734 975 778 probans
995 733 1048 763 de-

90 800 164 832 inde
175 801 306 845 Jupiter
319 799 417 842 jussit
436 798 479 843 (ξ.
491 799 556 843 95)
568 813 574 828 :
585 798 777 840 ”jungantur
794 798 923 842 paribus
943 797 1048 840 auspi-

91 862 166 903 ciis,
194 869 226 894 et
243 862 361 894 nostris
378 861 541 894 cumulent
557 866 642 892 astra
659 860 860 904 nepotibus«
895 860 959 891 Cui
974 871 1049 890 xero

92 931 202 957 nostra
226 925 321 957 lectio
341 937 406 957 non
425 925 582 968 placebit,
609 924 637 955 is
660 936 736 955 sane
760 924 920 966 vulgatam
939 929 1049 955 contra

91 988 241 1022 Grotium
261 989 342 1020 tueri
360 989 479 1033 poterit
496 1001 513 1020 e
525 989 646 1020 Donati
661 988 790 1032 quidem
805 989 927 1020 verbis:
944 989 1049 1019 »Dare

89 1059 139 1084 est
162 1054 250 1096 quod
270 1058 418 1096 repetaS,
453 1054 568 1084 dedere
591 1058 641 1084 est
669 1053 708 1083 ad
728 1058 928 1096 perpetuum.
937 1067 948 1079 ιι
982 1052 1050 1083 Sed

89 1118 229 1148 debitum
252 1117 372 1149 rectius
398 1128 470 1148 esse
489 1117 565 1147 mihi
583 1116 712 1160 quidem
731 1128 748 1147 e
766 1116 922 1147 Martialis
942 1116 993 1159 (4,
1018 1117 1050 1156 l,

89 1180 129 1224 9)
151 1179 258 1212 verbis
291 1182 416 1213 »debita
433 1183 546 1213 terrie«
576 1193 764 1224 persuasum
787 1187 846 1212 est.

163 1244 331 1290 triviatim]
354 1245 392 1277 In
409 1246 509 1277 triiiis
525 1245 608 1277 enim
624 1245 735 1289 populi
753 1245 1050 1277 confabulabantur.

90 1307 259 1339 Musaeus:
288 1307 451 1343 Γλῶὄσιι
476 1306 552 1354 γάρ
578 1304 808 1354 ἀνθρώπων
828 1307 1051 1356 φιλοκέρτο-

90 1380 178 1412 μος,
209 1369 250 1404 ἐν
265 1367 306 1402 δὲ
323 1368 447 1414 σιωπῇ
461 1366 615 1415 Ἔργον,
644 1366 740 1415 ὅπερ
755 1368 878 1404 τελέει
891 1381 967 1413 τις,
991 1369 1049 1406 ἐνὶ

90 1433 299 1477 τριοόοῖὸιν
328 1427 470 1464 ἀκούει.
507 1431 674 1463 Catullus:
692 1431 871 1462 »Omnibus
895 1433 928 1463 in
948 1433 1050 1464 triviis

90 1495 238 1535 vulgetur
261 1494 368 1524 sabula
401 1493 555 1536 passima:
584 1494 729 1536 adeoque
762 1495 841 1525 inibi
866 1495 961 1526 etiam
984 1508 1050 1527 ear-

89 1556 173 1587 mina
193 1555 264 1587 cani
286 1554 391 1585 solita.
414 1555 524 1586 Maro:
547 1569 557 1582 »
580 1572 625 1578 —
643 1555 736 1585 Tune
752 1554 784 1584 in
803 1555 904 1584 trixiis
921 1555 1050 1587 indocte

91 1617 218 1649 solebas
234 1615 381 1648 stridenti
396 1615 547 1646 miserum
560 1615 676 1658 stipula
689 1615 873 1658 disperdere
887 1628 1050 1647 earmen«:

91 1692 154 1725 quo
178 1680 290 1711 alludit
312 1679 456 1723 Capella.
485 1678 590 1710 Gnor.
607 1697 655 1703 -—
685 1678 781 1710 Adde
803 1679 974 1710 Horatium
993 1679 1050 1723 (ad

89 1744 200 1776 Pison.
219 1743 321 1787 245),
340 1742 540 1787 Appulejum
563 1742 612 1786 (in
628 1748 752 1773 metam.
774 1744 805 1774 1.
824 1756 854 1787 p.
866 1743 914 1774 28
934 1743 1048 1787 Oud.)‚

90 1813 122 1840 et
143 1808 253 1841 confer
275 1807 403 1838 omnino
423 1807 642 1838 doctissimum
665 1807 800 1838 Lueiani
821 1807 877 1850 (de
899 1807 1050 1839 historiae

92 1871 341 1904 conscribendae
362 1871 485 1902 ratione
503 1883 528 1902 c.
541 1872 586 1901 1ss
599 1876 677 1901 extr.
693 1884 722 1913 p.
737 1872 752 1901 1
764 1870 825 1913 18)
843 1871 1050 1914 interpretem

92 1934 129 1966 C.
144 1934 181 1965 F.
194 1933 424 1964 Hermannum.
459 1932 585 1964 Sensus
605 1931 686 1962 infra
708 1931 752 1975 (ξ.
770 1933 818 1963 96
834 1931 870 1976 f.)
891 1932 973 1963 idem
999 1938 1048 1964 cst

92 1997 261 2028 verborum
298 2011 308 2025 υ
316 2008 375 2039 per
400 1996 547 2039 compita.
556 2009 567 2023 ι(

165 2056 364 2102 dissultaret]
387 2056 748 2096 Glossa=»dissultaret‚
770 2056 976 2099 divulgaret«
992 2057 1050 2090 Sic

98 2120 242 2164 »nuptias
257 2120 413 2151 resultare
422 2133 432 2147 κ
456 2123 488 2150 et
508 2118 635 2149 »sonitu
649 2119 865 2150 resultabant«
886 2120 973 2151 dixit.
987 2120 1048 2153 Gn.

93 2200 135 2206 —
146 2182 235 2214 Inter
250 2187 420 2225 utrumque
432 2179 565 2212 verbum
576 2179 837 2220 distinguendum
853 2181 961 2225 potius
979 2181 1048 2213 erit.

89 2243 141 2276 Dc
163 2245 261 2277 verbo
285 2245 443 2276 resultare
468 2244 614 2276 conferas
639 2243 734 2274 velim
758 2257 840 2288 quae
869 2245 964 2276 modo
993 2245 1048 2289 (ad

93 2308 120 2351 ξ.
137 2308 176 2352 2)
195 2308 362 2340 observavi
383 2314 415 2340 et
437 2319 519 2352 quae
544 2307 626 2339 infra
651 2306 695 2352 (ξ.
714 2308 777 2351 11)
796 2309 941 2340 observo.
972 2309 1048 2339 Dis-

93 2372 212 2404 sullare
225 2384 313 2412 vero,
333 2371 560 2416 qroirgilius
576 2369 676 2414 (Aen.
688 2372 723 2409 8,
741 2371 818 2404 240
833 2377 864 2403 et
885 2373 941 2413 12,
957 2372 1048 2416 925)

93 2435 201 2475 utitur,
223 2436 354 2466 verbum
371 2441 420 2467 cst
435 2435 680 2476 intransitivum,
706 2436 790 2467 unde
805 2436 891 2480 apud
903 2442 1049 2468 nostrum

94 2497 185 2543 (§.5)
201 2504 275 2542 post
289 2500 386 2532 verba
401 2499 563 2532 »debitum
576 2500 715 2532 mundo«
732 2500 946 2545 supplendum
962 2500 1048 2533 vide·

94 2569 145 2595 tur
167 2577 178 2590 u
187 2574 270 2595 esse.
279 2577 290 2590 u

1176 421 1365 466 Ocayrinm]
1394 422 1521 466 Ubique
1534 423 1710 464 Euagrium
1727 425 1853 466 legitur.
1864 444 1907 449 —
1926 425 1977 457 De
1992 424 2053 458 Or-

1097 485 1182 528 pheo
1208 495 1329 524 sermo,
1359 484 1414 527 qui
1438 484 1558 526 Oeagri
1582 486 1676 517 fitius.
1716 487 1865 530 Hyginus
1886 486 1927 518 dc
1948 486 2054 529 Argo-

1099 549 1205 580 nautis
1229 549 1383 593 loquens:
1416 548 1608 581 »Celcusma
1641 550 1721 581 dixit
1751 550 1902 594 Orpheus
1936 551 2057 592 Oeagri

1100 611 1213 642 fitius«
1245 611 1349 644 Gnor.
1367 629 1414 635 —
1439 611 1615 652 Euagrium
1642 624 1758 643 nomen
1781 612 1962 644 foedissime
1987 624 2055 643 cor-

1099 678 1228 716 ruptum
1253 678 1337 704 muta
1361 673 1393 704 in
1418 671 1601 714 Oeagrium.
1628 672 1729 705 Gonz.
1746 674 1968 717 —Equidem
1991 686 2056 705 non

1101 737 1199 768 miror
1214 737 1389 778 Euagrium
1406 736 1559 780 seriptum
1576 748 1658 777 esse,
1687 742 1720 768 et
1738 736 1910 778 Oeagrium
1925 738 1980 768 illo
1998 750 2054 770 no-

1101 801 1184 833 mine
1211 801 1419 833 intellectum.
1459 801 1618 833 Graecum
1642 813 1759 833 nomen
1785 801 1868 833 cuim
1895 802 2058 848 Οἴαγρος

1101 871 1166 897 est:
1185 878 1221 900 οι
1245 871 1350 897 autem
1373 871 1405 897 et
1427 877 1471 900 ευ
1494 865 1753 910 pronuntiatione
1770 866 2056 899 confundebantur..

1103 930 1186 962 unde
1211 926 1407 976 Εὐάγριος
1432 928 1523 961 'dem
1553 936 1603 961 est
1634 930 1688 974 qui
1721 925 1908 975 Οἰάγριος.
1945 929 2058 972 Quid?

1102 995 1189 1038 quod
1201 996 1453 1040 κατευχηόας
1463 994 1619 1037 scripsere
1629 1006 1686 1037 pro
1701 995 1944 1038 κατοιχησας
1953 991 2057 1035 (Ode-

1101 1056 1157 1087 rici
1174 1056 1248 1087 diss.
1266 1069 1296 1100 p.
1311 1055 1386 1099 27).
1413 1056 1576 1099 Quoniam
1594 1055 1688 1095 igitur
1703 1054 1876 1085 variantem
1895 1056 2058 1095 orthogra—

1100 1119 1207 1163 phiam
1224 1118 1382 1161 interpres
1403 1129 1462 1158 ego
1478 1117 1562 1147 haud
1580 1129 1673 1156 euro,
1698 1116 1826 1147 minime
1843 1115 2058 1146 dubitaxiOe-

1102 1181 1223 1223 agrium
1238 1181 1270 1212 in
1287 1186 1471 1212 contextum
1487 1180 1644 1223 recipere,
1671 1192 1710 1210 ne
1730 1179 1890 1220 Euagrius
1905 1178 2059 1221 imperitis

1102 1247 1211 1278 sucum
1233 1246 1360 1277 faceret.
1408 1245 1530 1276 Confer
1555 1249 1719 1287 praeterea
1751 1243 1789 1273 de
1817 1255 1855 1274 co
1879 1243 2059 1274 Diodorum

1102 1310 1160 1354 (ll,
1186 1309 1270 1353 25),
1296 1314 1328 1340 et
1351 1308 1586 1352 Apollodorum
1606 1307 1663 1351 (l,
1688 1308 1722 1347 9,
1749 1305 1820 1350 16).

1181 1371 1401 1417 caecutientis]
1429 1371 1582 1405 Solemne
1602 1371 1810 1415 scriptoribus
1831 1369 1988 1413 sequioris
2008 1381 2059 1400 ae-

1102 1437 1176 1467 tatis
1199 1437 1298 1468 fuisse
1319 1436 1462 1476 videtur,
1498 1437 1677 1467 Homerum
1699 1448 1716 1466 a
1739 1434 1891 1467 caecitate
1918 1433 2059 1464 denomi-

1102 1509 1187 1528 nare.
1215 1497 1451 1528 Tertullianus:
1485 1497 1591 1539 »quod
1615 1496 1731 1527 clausis
1754 1496 1804 1526 vel
1822 1496 1853 1525 in
1871 1500 1972 1525 totum
1988 1495 2057 1525 Ho-

1101 1557 1227 1588 mericis
1253 1558 1354 1588 oculis
1384 1557 1512 1599 liquet.u
1545 1576 1594 1580 —
1617 1556 1719 1588 Gonz.
1737 1576 1780 1580 —
1820 1555 1952 1599 Repetit
1980 1556 2058 1586 illud

1101 1618 1236 1649 Homeri
1253 1618 1418 1661 epitheton
1434 1622 1546 1647 noster
1567 1617 1646 1648 infra
1665 1615 1799 1659 (3219).

1178 1677 1406 1723 consonarent]
1438 1678 1510 1709 Etsi
1540 1678 1668 1718 vulgata
1699 1677 1795 1708 lectio
1823 1689 1887 1708 non
1916 1677 2060 1720 ineptum

1102 1753 1233 1772 sensum
1254 1741 1382 1780 fundat,
1420 1745 1527 1771 tamen
1555 1739 1698 1780 vestigiis
1731 1739 1848 1770 veteris
1872 1739 2060 1783 scripturae,

1101 1803 1282 1845 Bongarsio
1303 1802 1474 1847 probatae,
1512 1801 1689 1842 »Euagrius
1710 1800 1746 1844 (l.
1767 1800 1944 1845 Oeagrius)
1963 1801 2059 1833 citha-

1101 1867 1215 1907 rista«,
1247 1879 1264 1898 a
1282 1879 1344 1911 qua
1360 1867 1455 1911 plane
1478 1865 1554 1897 editi
1578 1865 1779 1905 aberrarunt,
1807 1870 1842 1895 nt
1864 1865 2059 1905 insistamus,

1100 1937 1164 1962 tam
1179 1943 1293 1970 nexus,
1313 1943 1407 1974 quam
1421 1930 1515 1962 etiam
1532 1929 1655 1971 geniuS,
1672 1934 1707 1960 ut
1722 1928 1763 1960 ita
1780 1929 1891 1967 dicam,
1910 1929 2059 1960 Martiani

1102 1994 1237 2024 suadere
1256 1993 1413 2025 sidentur.
1447 1983 1618 2035 Praecipni
1635 1997 1769 2035 poetae,
1793 1991 1952 2034 iidemque
1968 2003 2059 2033 gran-

1101 2055 1193 2087 daos-i
1208 2055 1394 2099 pontifices,
1422 2054 1581 2095 Oeagrius
1599 2058 1630 2084 ct
1645 2053 1827 2093 Homerus,
1854 2053 1886 2084 id
1902 2053 1934 2084 in
1951 2052 2059 2097 lyricis

1092 2114 1134 2159 Yet
1156 2118 1254 2162 epicis
1280 2117 1472 2150 carminibus
1497 2116 1730 2160 sequebantur,
1768 2115 1855 2159 quod
1880 2115 2060 2147 humanitas

1101 2181 1140 2215 de
1161 2182 1221 2214 diis
1238 2183 1423 2226 deabusque
1439 2181 1587 2213 triviatim
1610 2180 1850 2217 dissultaverat,
1873 2179 1892 2211 i.
1916 2192 1942 2211 e.
1957 2179 2058 2211 divul-

1101 2250 1237 2286 gaverat.
1265 2244 1417 2289 Orpheus
1442 2249 1474 2276 et
1491 2243 1655 2274 Homerus
1680 2247 1806 2273 veteres
1833 2241 1907 2272 illos
1934 2242 1972 2272 de
1997 2240 2057 2271 diis

1101 2308 1285 2352 deabusque
1308 2314 1340 2340 et
1362 2320 1473 2340 eorum
1493 2307 1660 2339 connubiis
1683 2308 1830 2350 mythos,
1864 2305 1955 2349 quasi
1979 2304 2055 2335 ‹livi-

1100 2370 1187 2402 nitus
1210 2371 1270 2402 sibi
1293 2371 1444 2411 traditos,
1469 2369 1661 2401 carminibus
1689 2368 1755 2399 suis
1780 2368 2001 2405 intexuerunt,
2023 2371 2057 2397 et

1099 2433 1148 2464 his
1171 2432 1377 2475 grandaeviS,
1416 2444 1494 2465 cana
1519 2436 1678 2464 vetustate
1708 2429 1898 2461 venerandis
1927 2427 2054 2471 pontili-

1099 2497 1189 2529 cibus
1210 2497 1243 2528 in
1262 2496 1480 2528 testimonium
1503 2495 1625 2528 voeatis
1642 2494 1798 2538 promtior
1812 2492 1892 2522 fides
1911 2490 2055 2522 accessit.

1085 2557 1298 2594 ,scholiastes
1313 2558 1479 2603 Euripidis
1496 2558 1528 2590 in
1541 2556 1664 2589 Alcest.
1681 2556 1771 2587 007:
1798 2550 1964 2599 Πρῶτος
1980 2548 2054 2598 Ὀρ-
