2310 2860
648 165 846 208 Martiani
878 166 1076 223 Capellae
1107 167 1179 210 lib.
1205 168 1322 210 VIII.
1354 170 1382 219 ᾗ.
1407 169 1503 210 8⁶28.
1970 172 2062 213 649

103 281 250 313 octava
274 281 392 328 parte
418 272 592 324 Cancri,
624 273 745 327 cujus
775 288 902 314 omne
926 287 1080 328 corpus
1103 273 1145 314 in
1167 273 1471 328 longitudinem
1501 285 1625 326 secat,
1659 276 1710 317 ad
1735 277 1887 317 Leonis
1912 287 2058 332 pectus

102 366 151 393 ac
179 362 399 405 ventrem3
443 353 540 394 inde
579 353 633 394 ad
664 354 884 409 Ophiuchi
915 353 1140 404 humeros,
1188 353 1340 395 deinde
1373 356 1424 396 ad
1460 366 1586 411 caput
1618 356 1774 411 Cygni,
1822 359 1974 399 deinde
2005 360 2058 401 ad

100 433 281 487 ungulas
315 434 447 488 Equi,
498 448 546 474 ac
589 435 781 488 protinus
827 434 878 475 ad
922 434 1117 476 dextram
1152 435 1454 476 Andromedae
1486 451 1684 488 manum,
1733 438 1885 480 deinde
1916 440 1968 481 ad
2000 441 2056 481 si-

100 513 282 554 nistrum
327 514 467 554 Persei
511 528 607 554 crus
653 513 934 568 ejusdemque
973 515 1189 555 sinistrum
1231 515 1490 566 humerum,
1538 517 1635 557 inde
1672 518 1721 558 ad
1753 529 1937 575 utraque
1967 522 2055 562 He-

100 593 241 634 niochi
268 609 427 649 genua,
460 604 498 635 et
532 595 724 650 proxime
756 594 808 635 ad
838 595 1124 636 Geminorum
1156 596 1312 651 capita,
1353 612 1375 637 a
1406 597 1561 651 quibus
1592 612 1742 639 rursus
1774 600 1824 640 ad
1861 610 2054 643 octavam

102 672 255 715 Cancri
287 675 417 730 ipsius
453 684 633 730 partem.

774 831 853 871 DE
896 830 1306 882 AEQUINOCTIA
1315 834 1382 874 LI.

269 937 599 992 Aequinoctialis
643 937 819 978 demum
862 938 1046 978 circulus
1090 939 1152 979 bis
1192 939 1420 981 admensus
1462 955 1484 981 a
1522 941 1607 996 poli
1646 943 1828 983 termino
1870 946 2055 986 circum—

100 1026 243 1067 actus,
297 1027 382 1058 tam
421 1019 462 1058 in
503 1019 689 1058 Arietem
742 1033 874 1073 quam
915 1019 955 1058 in
1002 1018 1179 1059 Libram
1215 1019 1324 1060 linea
1365 1032 1631 1075 permeante,
1678 1039 1753 1078 per
1797 1025 1902 1066 haec
1939 1027 2057 1081 signa

100 1098 309 1139 circulum
351 1099 503 1139 cludit:
544 1099 596 1139 ab
631 1108 780 1139 octava
819 1108 937 1153 parte
980 1099 1134 1138 Arietis
1176 1115 1251 1154 per
1297 1111 1429 1141 totum
1474 1117 1627 1158 corpus
1665 1104 1855 1158 ejusdem
1894 1106 1947 1147 ad
1986 1122 2054 1148 re—

98 1179 277 1219 ductum
317 1180 453 1219 Tauri
489 1179 664 1233 pedem,
720 1179 816 1219 inde
857 1180 909 1220 ad
948 1180 1132 1220 mediam
1174 1181 1343 1225 Orionis
1389 1183 1558 1234 alvum,
1611 1184 1762 1225 deinde
1794 1202 1869 1241 per
1901 1187 2054 1228 edictas

98 1260 366 1300 cui-vationes
414 1260 553 1314 Hydri
602 1260 865 1315 Crateraque
905 1271 944 1302 ct
989 1261 1182 1303 Corvum
1232 1262 1284 1303 ad
1334 1273 1530 1305 octavam
1562 1265 1719 1307 Librae
1753 1278 1917 1322 partem
1948 1270 2056 1312 inter

99 1339 205 1381 duas
244 1340 404 1381 lucidas
448 1341 552 1395 signi
592 1341 703 1380 illius
743 1341 903 1392 stella83
959 1342 1057 1383 inde
1095 1343 1147 1384 ad
1188 1353 1373 1399 utraque
1415 1346 1633 1400 Ophiuchi
1672 1363 1833 1402 genua,
1879 1365 1928 1391 ae
1961 1360 2054 1392 tum

98 1435 174 1476 per
205 1420 409 1475 Aquilam
443 1419 495 1461 ad
527 1421 670 1476 Pegasi
701 1430 846 1476 caput,
886 1436 908 1462 a
941 1437 1027 1477 quo
1059 1437 1208 1463 rursus
1245 1423 1298 1465 ad
1329 1433 1523 1465 octavam
1554 1425 1704 1467 Arietis
1735 1437 1912 1482 partem.

877 1577 955 1617 DE
993 1577 1274 1620 BRUMALI.

267 1683 515 1724 Brumalem
541 1698 644 1725 vcro
673 1683 881 1723 circulum
905 1684 1096 1724 similiter
1122 1685 1237 1739 signo
1256 1685 1297 1725 in
1321 1695 1467 1727 octava
1495 1686 1742 1743 Capricorni
1765 1698 1883 1744 parte
1913 1689 2052 1732 defixo

97 1778 172 1818 per
211 1764 316 1805 haee
355 1779 499 1805 meare
539 1764 847 1820 comperimus:
890 1764 942 1805 ab
977 1773 1126 1806 octava
1166 1774 1285 1820 parte
1317 1765 1565 1821 Capricorni
1604 1783 1681 1823 per
1719 1778 1855 1810 totum
1897 1785 2052 1826 corpus

99 1901 194 1939 caput
215 1896 284 1937 ejus
310 1902 342 1927 et
367 1898 511 1940 eorporis
536 1898 681 1941 superior
704 1909 777 1940 pars
801 1897 884 1929 inter
912 1898 996 1929 hune
1018 1903 1051 1929 et
1101 1898 1239 1938 finxere,
1275 1903 1311 1929 ut
1336 1910 1400 1930 uno
1427 1911 1527 1941 genu,
1566 1901 1628 1933 hoe
1661 1908 1711 1934 est
1744 1903 1856 1935 dextro
1892 1904 1985 1936 nixus
2009 1906 2050 1937 si-

98 1957 248 1989 areticum
273 1958 425 1989 circulum
442 1958 586 1989 videatur
605 1977 651 1981 —
669 1958 795 1990 Cancer
818 1964 922 1989 autem
941 1958 986 1989 sic
1004 1958 1049 1989 di·
1100 1962 1201 1993 nistro
1229 1974 1329 2006 prope
1363 1964 1545 2005 contingere
1569 1965 1713 1997 videatur
1730 1985 1778 1990 —
1798 1968 1832 1998 in
1858 1968 1970 2000 eodem
1993 1969 2050 2000 cir-

97 2021 214 2053 viditur
233 2021 373 2061 medius,
408 2027 443 2052 ut
464 2021 547 2053 inter
575 2022 655 2052 duos
679 2021 790 2053 oeulos
815 2021 885 2063 ejus
911 2021 1047 2053 circulus

94 2084 246 2126 trajectus
273 2085 500 2116 existimatum

169 2145 288 2191 cludit]
324 2147 380 2178 Sic
409 2146 535 2178 codices
563 2146 767 2179 Monacensis
796 2146 852 2190 (C)
877 2151 910 2177 et
934 2146 1047 2177 Dan-m-

97 2210 277 2250 stattensis3
316 2210 412 2252 vulgo
451 2211 606 2249 includit,
647 2211 748 2242 codex
772 2207 1045 2241 Ettenheimmiin-

98 2273 261 2304 stericnsis
286 2275 464 2312 concludit,
490 2274 578 2317 quod
605 2274 833 2305 correctionem
863 2274 937 2305 olet.

170 2332 313 2378 Arietis]
347 2335 495 2376 Hyginus
522 2336 574 2379 (4,
601 2337 641 2375 53
668 2348 699 2379 p.
717 2335 819 2378 463):
855 2335 1044 2368 »Secundus

98 2399 136 2429 ab
162 2397 282 2429 aestivo
307 2397 547 2440 aequinoctialis
576 2404 625 2430 est
645 2398 799 2440 circulus,
823 2399 855 2430 in
880 2411 944 2443 quo
966 2400 1044 2431 haee

97 2460 187 2501 signa
209 2464 242 2491 et
258 2464 364 2503 partes
388 2470 498 2490 eorum
518 2460 654 2503 perspici
669 2466 819 2504 possunt:
841 2460 938 2493 Aries
956 2467 1042 2492 totus

98 2523 244 2555 omuibus
273 2522 407 2567 pedib'us
437 2522 564 2553 innixus
587 2523 710 2554 videtur
732 2543 778 2548 ——
799 2543 847 2548 ——
870 2525 903 2556 in
929 2525 1042 2556 eodem

97 2586 193 2618 Tauri
209 2595 312 2628 genua
332 2590 367 2616 ut
383 2585 446 2616 fixa
468 2584 720 2629 perspiciuntur,
747 2587 807 2619 etsi
829 2587 975 2619 nonnulli
997 2587 1039 2618 ita

1099 2025 1172 2056 culo
1192 2037 1273 2057 zona
1289 2025 1431 2067 Orionis,
1450 2032 1485 2058 ut
1500 2028 1571 2071 ipso
1589 2029 1706 2061 circulo
1726 2031 1926 2074 praecinctus
1943 2032 2049 2064 existi-

1098 2092 1217 2127 metm-3
1254 2087 1367 2130 Hydra
1390 2088 1476 2119 flexu
1498 2101 1516 2120 a
1540 2090 1641 2134 capite
1664 2091 1783 2135 primo,
1814 2099 1850 2124 ut
1874 2094 2048 2125 cervicibus

1097 2148 1213 2180 erectis
1238 2148 1398 2181 Cancrum
1417 2150 1571 2192 attingere
1594 2152 1752 2194 videatur,
1788 2159 1820 2185 et
1842 2166 1881 2186 ex
1898 2154 2047 2189 inferiore

1097 2221 1230 2254 corpore
1249 2211 1380 2254 Hydrae
1398 2211 1512 2243 Crater
1533 2225 1604 2244 eum
1626 2213 1734 2246 Corvo
1753 2215 1840 2246 vehit
1864 2217 1945 2247 fixus
1975 2228 2045 2248 esse

1096 2273 1215 2305 circulo
1241 2274 1443 2317 conspicitur.
1481 2275 1562 2307 Item
1589 2289 1709 2320 paucae
1734 2278 1844 2309 stellae
1872 2278 2044 2311 Chelarum

1096 2336 1208 2367 eodem
1245 2335 1476 2376 adjunguntur3
1519 2336 1680 2381 Ophiuchi
1710 2350 1811 2379 genua
1839 2340 1950 2371 eodem
1984 2340 2043 2371 eir-

1095 2396 1167 2428 culo
1188 2408 1206 2427 a
1228 2396 1352 2439 reliquo
1380 2408 1512 2440 corpore
1542 2398 1740 2437 dividuntur-3
1767 2398 1887 2443 Aquila
1917 2400 2041 2433 siniste-

1093 2461 1177 2492 riore
1204 2472 1309 2504 penna
1333 2472 1434 2503 paene
1459 2461 1646 2503 contingens
1667 2462 1800 2503 figurata
1823 2469 1887 2504 est,
1909 2461 2040 2497 'eodem-

1094 2534 1155 2566 que
1181 2522 1299 2554 cireulo
1321 2527 1416 2566 caput
1439 2522 1556 2564 Pegasi
1582 2534 1652 2554 eum
1675 2523 1849 2556 cervicibus
1872 2525 2010 2558 nititum«

1165 2597 1224 2630 per
1240 2587 1318 2620 haec
1338 2584 1456 2631 meare]
1484 2586 1633 2630 Hyginus
1650 2586 1698 2629 (st,
1723 2587 1763 2628 43
1789 2600 1822 2632 p.
1834 2588 1936 2632 467);
1954 2591 2038 2624 »Me-

1598 2649 1646 2679 82

2085 946 2173 988 829

2085 1689 2174 1731 850
