2310 2860
93 847 184 888 560

221 170 315 214 546
799 162 998 206 Martiani
1035 160 1236 218 Capellae
1272 159 1346 203 lib.
1373 160 1450 203 IV.
1480 163 1511 213 §.
1533 162 1635 203 559.

221 278 291 320 vel
316 284 487 333 propter
507 271 719 315 decorem.
749 272 926 327 Propter
955 270 1261 320 necessitatem,
1291 277 1338 310 ut
1363 268 1543 311 dicimus
1571 269 1675 310 vites
1706 282 1945 325 gemmare,
1975 280 2015 312 et
2043 270 2173 313 laetas

219 367 387 413 segetes.
448 355 528 396 Hic
559 354 673 395 enim
704 353 908 409 quoniam
941 349 1168 407 proprium
1199 347 1357 402 deficit,
1390 351 1525 392 alieno
1556 351 1622 391 usi
1653 365 1815 392 sumus.
1875 352 2028 407 Neque
2059 353 2172 394 enim

221 448 292 480 aut
321 437 425 479 vites
456 435 571 477 aliud
598 450 730 492 quam
759 448 999 491 gemmare,
1031 441 1104 474 aut
1126 442 1282 488 segetes
1307 432 1423 474 aliud
1448 447 1582 488 quam
1611 433 1740 474 laetas
1768 447 1998 489 possumus
2021 433 2175 476 dicere.

219 523 396 577 Propter
435 519 634 561 decorem
675 527 817 560 autem
855 515 1036 558 dicimus
1079 513 1290 556 fluctuare
1326 523 1496 571 segetes.
1553 515 1785 555 Possumus
1817 514 1929 554 enim
1964 512 2098 565 aliud,
2128 524 2175 555 ut

219 600 406 653 moveri,
435 599 598 654 dicer03
634 598 708 641 sed
743 597 950 656 quoniam
979 605 1180 639 ornatum
1210 610 1297 637 non
1328 605 1409 648 est,
1451 595 1586 637 alieno
1618 595 1795 636 utimur.

764 754 935 805 QUOT
968 753 1155 795 MODIS
1196 752 1354 793 SUNT
1389 751 1621 793 ALIENA.

382 848 533 889 Aliena
573 847 707 889 verba
744 848 878 888 tribus
918 846 1055 888 modis
1100 844 1226 896 fiunt,
1270 853 1343 885 aut
1373 858 1449 899 per
1482 844 1823 896 similitudinem,
1865 855 1936 886 aut
1966 860 2041 901 per
2073 860 2174 887 con-

216 928 419 980 trarium,
462 938 535 970 aut
573 943 650 985 per
680 927 975 970 differentiam.
1041 928 1122 969 Per
1162 924 1509 976 similitudinem,
1548 935 1595 966 ut
1631 935 1751 977 sunt,
1806 941 1917 981 quae
1955 927 1999 966 in
2028 940 2174 982 gram-

215 1010 393 1050 maticae
431 1009 560 1065 tropis
600 1018 906 1060 numerantur,
946 1017 995 1050 ut
1037 1007 1120 1050 hoc
1157 1009 1301 1063 ipsum
1343 1005 1461 1061 quod
1498 1005 1584 1048 dixi
1630 1006 1839 1048 fluctuare
1877 1016 2048 1062 segetes.
2105 1006 2173 1048 Ex

214 1089 297 1130 hoc
333 1105 486 1145 genere
523 1099 620 1130 sunt
653 1089 780 1130 etiam
819 1089 913 1142 illa,
961 1103 1073 1144 quae
1105 1103 1157 1128 ex
1186 1097 1270 1129 toto
1303 1097 1490 1143 partem,
1540 1097 1612 1128 aut
1647 1103 1699 1128 ex
1731 1097 1849 1143 parte
1879 1098 2015 1129 totum
2045 1088 2172 1144 signi-

215 1171 361 1223 ficant,
414 1174 458 1211 in
505 1171 623 1211 hunc
672 1169 874 1220 modum,
929 1178 977 1209 ut·
1030 1168 1227 1210 decenter
1276 1169 1511 1210 verborum
1561 1167 1746 1210 habeant
1794 1170 2170 1224 propinquitatem.

214 1253 332 1295 Haec
376 1252 490 1293 enim
533 1251 815 1293 similitudinis
853 1265 1007 1305 genere
1052 1249 1210 1305 placuit
1261 1248 1437 1293 includi.
1515 1250 1595 1289 Per
1635 1249 1897 1290 eontrarium
1936 1250 2070 1290 verba
2108 1249 2173 1290 di-

215 1344 396 1386 cuntur,
441 1333 616 1390 quando
661 1342 807 1373 contra
850 1347 984 1387 quam
1016 1331 1196 1372 dicimus
1237 1330 1527 1384 accipiuntur3
1572 1339 1620 1370 ut
1650 1330 1802 1377 Parcas
1833 1329 2014 1370 dicimus
2044 1330 2172 1381 Fata,

210 1473 324 1501 tantm·
345 1467 379 1499 in
401 1465 513 1506 editis,
542 1465 619 1497 licet
644 1463 718 1496 huie
741 1475 870 1507 quoque
895 1462 1025 1495 lectioni
1048 1462 1168 1507 aliquid
1219 1461 1381 1493 institutas
1407 1473 1478 1493 esse
1502 1462 1633 1494 verbum
1660 1461 1886 1493 translationes
1910 1461 2037 1506 inopiae
2060 1473 2172 1502 eausa,

210 1532 344 1564 subesse
377 1530 560 1563 concedam.
603 1528 697 1570 Quae
735 1527 818 1558 enim
851 1528 957 1558 aliena
990 1527 1166 1558 Martianus

210 1596 364 1639 appellat,
393 1594 472 1625 nihil
497 1593 584 1624 aliud
610 1597 685 1622 sunt
708 1602 803 1634 quam
827 1587 967 1635 τρόποι
991 1589 1024 1620 ἰιι
1046 1591 1165 1621 Rheto-

209 1655 291 1695 rica,
321 1655 376 1698 qui
400 1654 557 1686 Cicerone
583 1657 665 1683 teste
689 1650 795 1693 (Brut.
821 1650 880 1692 17)
904 1649 1074 1680 verborum
1099 1663 1166 1680 ηιιι-

208 1719 346 1749 tationes
369 1715 432 1747 dici
457 1714 571 1745 Latine
601 1716 765 1756 poterant3
800 1710 857 1742 sed
882 1716 1025 1754 praestat
1052 1710 1165 1752 altera,

208 1791 289 1823 qnae
310 1777 442 1823 propius
466 1777 505 1808 ad
537 1776 634 1808 alieni
660 1774 923 1816 significationem
943 1775 1073 1806 aceedit.
1104 1775 1166 1806 Pa-

208 1843 284 1873 riter
312 1841 550 1884 Quinctilianus
576 1840 624 1883 (8,
645 1840 679 1878 G,
704 1838 754 1881 5)=
779 1837 921 1882 »copiam
950 1849 1078 1881 quoque
1100 1849 1165 1876 seg-

207 1905 310 1936 monIS
337 1910 431 1945 auget
452 1902 664 1946 permittendo
683 1903 827 1933 mutuari
843 1913 924 1944 quae
947 1913 1012 1933 non
1034 1902 1164 1942 habet«,

208 1973 303 2010 atque
332 1965 400 2008 ipse
435 1965 551 1997 Cicero
582 1964 681 2008 (orat.
713 1963 796 2006 24):
828 1963 982 2006 »simplex
1012 1964 1166 2007 probatur

208 2031 240 2061 in
262 2031 400 2073 propriis
423 2027 613 2071 usitatisque
636 2027 760 2067 verbis,
789 2027 876 2070 quod
898 2032 952 2057 aut
976 2027 1094 2070 optime
1115 2040 1165 2059 so-

208 2097 263 2124 nat
283 2098 337 2124 aut
360 2103 427 2123 rem
446 2091 579 2122 maxime
603 2091 769 2134 explanat3
795 2090 829 2121 in
846 2092 960 2122 alienis
985 2096 1039 2122 aut
1061 2097 1164 2123 trans-

208 2157 307 2187 latum
330 2160 363 2187 et
386 2160 523 2186 sumtum
545 2153 672 2185 aliunde
700 2159 736 2184 ut
760 2160 887 2194 multuo,
915 2160 968 2185 aut
989 2155 1105 2186 sactum
1125 2156 1164 2186 ab

209 2218 280 2261 ipso
302 2222 335 2248 et
361 2227 515 2255 novum«3
542 2214 636 2246 modo
660 2220 769 2246 teneas
793 2220 902 2247 nostro
921 2216 992 2247 loco
1016 2223 1163 2248 mutuan-

211 2288 265 2313 tm·
294 2292 360 2312 non
393 2280 558 2323 deponens
591 2278 648 2310 sed
681 2278 842 2322 passivum
871 2291 957 2319 esse⁷
996 2285 1031 2311 ut
1062 2281 1165 2313 activo

211 2348 388 2375 sztuasset
409 2341 559 2374 Valerius
588 2339 746 2371 Maximus
770 2340 868 2371 utitur
894 2341 946 2384 (5,
974 2341 1014 2381 4,
1044 2342 1090 2384 2),

285 2412 415 2450 propter
432 2402 664 2447 neces-sitalem]
686 2404 767 2434 Fere
787 2404 897 2435 iisdem
915 2405 1069 2449 exemplis
1087 2416 1165 2436 usus

213 2466 328 2502 Cicero
358 2467 416 2511 (de
447 2472 524 2498 orat.
551 2467 593 2504 5,
627 2464 695 2507 58)
729 2466 968 2497 „necessitatem
1001 2467 1044 2498 ait
1071 2473 1166 2499 meta-

212 2532 329 2576 phoras
358 2530 523 2572 genuisse,
552 2527 659 2572 inopia
680 2533 820 2559 coactam
842 2534 873 2559 ct
895 2530 1066 2570 angustiis3
1093 2536 1168 2575 post

215 2599 319 2626 autem
359 2592 601 2626 delectationem
635 2591 932 2636 jucunditatemque
970 2593 1167 2636 celebrasse3

1217 1525 1437 1568 frequentatas
1457 1525 1691 1557 delectationis,
1715 1525 1797 1556 Nam
1817 1527 1982 1569 qeminare
1998 1527 2099 1564 viles,
2125 1526 2170 1557 Iu-

1217 1588 1346 1618 xuriem
1371 1599 1440 1617 esse
1467 1588 1501 1617 in
1523 1587 1648 1625 herbis,
1684 1587 1786 1617 laetas
1809 1592 1931 1630 seqeles
1954 1586 2047 1618 etiam
2076 1587 2169 1618 rusti-

1218 1660 1273 1680 cos
1305 1649 1440 1680 dicere«
1486 1648 1583 1690 Adde
1607 1649 1860 1691 Quinctilianum
1881 1650 1936 1693 (8,
1966 1651 2006 1691 G,
2035 1650 2087 1694 6),
2117 1651 2171 1694 qui

1216 1710 1318 1741 tribus
1343 1711 1382 1742 de
1412 1710 1516 1742 causis
1540 1711 1669 1742 nomina
1703 1712 1867 1743 transferri
1897 1712 1955 1743 ait:
1991 1717 2063 1743 »aut
2096 1713 2170 1756 quia

1217 1785 1347 1806 necesse
1366 1774 1422 1813 sit,
1448 1780 1503 1805 aut
1527 1775 1601 1817 quia
1618 1774 1871 1818 siynificantius,
1894 1781 1948 1806 aut
1967 1775 2041 1818 quia
2058 1776 2169 1808 decen·

1218 1838 1312 1875 tius«,
1330 1836 1387 1867 scd
1402 1848 1557 1880 qemmam
1574 1836 1606 1867 in
1624 1836 1741 1868 vitibus
1759 1842 1790 1868 et
1807 1838 1896 1869 sitire
1913 1844 2035 1880 seycles
2052 1844 2084 1869 et
2100 1838 2169 1882 ipse

1216 1900 1354 1931 rusticos
1382 1901 1569 1931 necessitate
1592 1900 1697 1931 dicere
1722 1901 1902 1941 confirmat,
1929 1902 2012 1933 unde
2039 1908 2172 1946 apparet

1216 1963 1298 1994 male
1325 1963 1439 1993 secisse
1462 1962 1611 1995 Grotium
1632 1963 1688 2007 qui
1708 1964 1805 1995 verba
1826 1970 1976 2008 »propter
1998 1965 2168 1997 necessita-

1216 2033 1299 2059 tem«
1323 2032 1396 2057 ante
1421 2032 1473 2057 »ut
1496 2026 1649 2058 dicimus«
1675 2027 1789 2059 iterare
1815 2028 2008 2070 neglexerit3
2039 2028 2169 2059 meliora

1216 2104 1275 2124 nos
1304 2091 1481 2122 docuerunt
1513 2092 1639 2124 codices
1663 2093 1868 2124 Monacensis
1886 2092 1964 2136 (F),
1990 2093 2166 2123 Darmstat-

1216 2153 1327 2193 tensis,
1355 2158 1387 2183 et
1404 2152 1688 2184 Reiehenauensis.
1716 2153 1979 2184 Darnnstattensis
2003 2152 2096 2184 etiam
2119 2154 2166 2186 in-

1215 2218 1263 2248 fra
1284 2215 1431 2260 praebuit
1453 2222 1600 2259 »propter
1618 2217 1795 2256 decorem«,
1825 2215 1879 2247 ubi
1903 2215 2048 2257 Grotius,
2074 2228 2167 2250 secus

1217 2291 1253 2311 ae
1275 2289 1387 2321 supra,
1418 2278 1567 2309 decorum
1592 2277 1769 2320 scripserat.

1289 2347 1325 2373 ut
1348 2339 1479 2385 moveri]
1507 2341 1535 2372 E
1560 2340 1716 2372 Grotiano
1736 2339 1844 2372 codiee
1871 2340 1990 2372 inserui
2011 2348 2059 2381 ut,
2080 2343 2167 2385 quod

1216 2405 1325 2437 aberat
1344 2405 1384 2436 ab
1409 2404 1512 2436 editis.

1293 2474 1404 2501 eontra
1431 2466 1545 2515 quam]
1572 2466 1610 2498 In
1633 2466 1741 2498 editis:
1760 2472 1869 2499 eontra
1892 2468 1996 2515 quod,
2020 2468 2076 2500 sed
2101 2479 2163 2500 me-

1217 2531 1329 2564 liorem
1349 2544 1366 2564 e
1391 2531 1552 2564 codicibus
1576 2530 1825 2563 Monacensibus
1852 2530 1912 2575 (C.
1930 2530 1976 2574 F)
1997 2537 2030 2563 et
2052 2532 2162 2564 Darm-

1218 2594 1364 2628 stattensi
1391 2593 1539 2626 substitui
1563 2593 1742 2626 lectionem.
