2310 2860
150 927 232 968 127

265 254 347 294 182

833 254 1032 297 Martiani
1069 253 1271 309 Capellae
1306 254 1378 296 lib.
1408 254 1462 297 11.
1500 257 1532 307 §.
1557 255 1652 299 126,

915 362 990 404 Pia
1023 361 1254 402 subvolare
1287 370 1399 403 vota.

915 444 997 485 Per
1031 457 1107 484 vos
1142 443 1241 499 vigil
1274 443 1517 499 decensque

913 525 1007 567 Nus
1042 525 1192 566 mentis
1226 524 1314 564 ima
1348 524 1553 580 complet:

912 606 996 651 Per
1029 621 1107 647 vos
1141 605 1321 662 probata
1354 605 1499 661 lingua

913 687 1017 729 Fert
1050 686 1182 742 gloria
1216 701 1293 742 per
1328 701 1509 729 aevum:

916 767 1006 810 Vos
1040 767 1280 824 disciplinas
1314 782 1462 809 omnes

921 849 977 890 Et
1009 864 1085 890 nos
1120 858 1281 890 sacrate
1313 848 1475 891 Musas.

433 929 552 972 Dum
583 929 690 972 haec
719 930 845 986 igitur
867 930 1039 983 Musae,
1071 946 1188 972 nunc
1218 930 1448 982 solicanae,
1486 943 1604 971 nunc
1632 930 1920 983 concinentes,
1952 931 2220 981 interserunt,

261 1011 536 1067 vicissimque
574 1012 688 1055 mela
726 1012 867 1055 dulcia
906 1015 1198 1070 geminantur,
1244 1027 1341 1054 ecce
1384 1012 1600 1068 quaedam
1640 1022 1860 1057 matronae
1897 1014 2038 1056 sobrio
2068 1013 2223 1055 decore

258 1091 519 1145 laudabiles,
563 1108 642 1135 nec
680 1096 925 1151 conquisitis
965 1096 1174 1153 figmentis
1214 1096 1325 1137 circa
1363 1094 1518 1137 faciem
1558 1094 1805 1148 vultuosam,
1844 1110 1998 1137 verum
2040 1095 2223 1152 simplici

260 1173 453 1229 quadam
492 1175 688 1216 comitate
726 1177 1029 1232 praenitentes,
1073 1178 1116 1218 in
1157 1186 1329 1232 penates
1369 1175 1543 1230 virginis
1581 1174 1913 1230 thalamumque
1943 1175 2218 1222 conveniunt,

260 1253 464 1304 Quarum
488 1268 574 1296 una
614 1255 774 1298 intenta
803 1258 1181 1315 circumspectione
1206 1258 1470 1308 cautissima,
1502 1266 1542 1298 et
1572 1257 1719 1298 omnia
1749 1272 1896 1299 rerum
1930 1257 2045 1313 vigili
2074 1257 2222 1299 distin·-

333 1428 410 1476 nus]
435 1429 560 1471 Νοῦς,
583 1432 670 1476 quod
692 1433 817 1465 Latinis
832 1435 934 1468 literis
955 1437 1049 1468 ctiam
1067 1437 1219 1470 Martiani

258 1495 424 1539 popularis
451 1494 600 1539 (Tei-tull.
633 1496 706 1529 adv.
729 1497 859 1530 Valent.
887 1500 910 1531 7
944 1506 976 1531 et
1006 1501 1047 1544 9)
1069 1500 1218 1544 scripsit3

260 1556 398 1590 Graecis
431 1555 566 1588 Servius
599 1557 653 1602 (ad
676 1557 760 1591 Aen.
785 1561 828 1601 6,
861 1561 969 1605 749),
1004 1575 1100 1606 quem
1135 1562 1217 1594 vide.

260 1618 445 1664 Appulejus
466 1619 519 1664 (de
541 1620 679 1663 dogmat.
698 1622 826 1654 Platon.
843 1636 874 1667 p.
888 1625 964 1656 220
979 1625 1078 1668 oud.)
1103 1625 1221 1669 »prima

259 1684 347 1715 hona
378 1695 469 1716 essee
508 1684 619 1715 scribit
654 1685 768 1716 »deum
803 1697 976 1727 summum,
1015 1693 1219 1730 mentemque

260 1742 366 1783 illam,
396 1756 492 1788 quam
512 1742 612 1778 νοῦν
637 1745 734 1777 Plato
758 1751 879 1780 vocet«
928 1749 1049 1780 Ιηίῐηια
1070 1760 1128 1794 pro
1157 1750 1220 1780 ima

260 1807 358 1839 habet
381 1807 484 1839 codex
505 1807 711 1841 Dresdensis.

336 1868 454 1916 ⁴‹flor-ia]
481 1870 615 1903 Grotius
642 1877 675 1903 et
693 1872 908 1906 Monacenses
934 1874 1062 1908 codices
1090 1873 1220 1918 plurimi

262 1931 323 1976 (B.
351 1932 390 1965 C.
414 1933 455 1964 D.
478 1932 518 1964 Ε.
547 1931 607 1975 G.)
632 1933 753 1977 glorias
787 1935 923 1976 habent3
966 1936 1025 1968 sed
1055 1936 1220 1978 vulgarem

263 1995 382 2028 retinui
410 1995 599 2036 lectionem,
641 2002 768 2031 sextum
807 2010 916 2032 casum
946 1999 1147 2042 intelligens,
1185 2004 1221 2031 ut

264 2059 311 2093 ἑὲ
335 2071 427 2092 »eum
455 2059 585 2101 gloriam

338 2119 382 2166 et]
408 2121 458 2153 lta
476 2133 534 2165 pro
558 2120 718 2154 Grotiano
738 2133 778 2155 ac
800 2122 973 2166 Hugianus
998 2129 1030 2156 et
1046 2125 1220 2156 Monacen-

265 2193 320 2214 oes
342 2182 395 2227 (B.
411 2182 453 2214 D.
474 2182 546 2227 E.).·,
582 2183 670 2226 quod
693 2184 821 2228 recepi,
848 2197 892 2216 ne
912 2185 1086 2217 identidem
1109 2185 1148 2216 ab
1169 2196 1219 2216 ea-

266 2244 340 2278 dem
360 2255 439 2276 voce
463 2255 575 2276 versus
596 2244 787 2288 inciperent.

341 2305 514 2351 solicanae]
532 2307 609 2339 Vox
624 2319 642 2339 a
658 2308 744 2339 solus
760 2311 793 2338 et
811 2319 893 2342 cano
906 2307 997 2350 ficta,
1029 2309 1128 2341 invita
1147 2308 1223 2341 licet

267 2369 422 2404 ffinorva.
449 2370 563 2414 Neque
591 2383 662 2403 eam
689 2371 918 2414 intelligerem,
951 2373 1014 2405 nisi
1039 2373 1223 2419 oppositum

270 2441 359 2468 esset
384 2435 600 2469 concinentes.

343 2496 524 2543 vultuosae]
550 2497 636 2529 Male
657 2499 800 2542 profecto
822 2499 906 2532 liano
928 2511 1040 2533 vocem
1065 2499 1226 2544 explicant

268 2559 332 2591 hoc
359 2558 489 2603 quidem
510 2559 583 2592 loco
606 2559 666 2592 viri
686 2561 772 2592 docti
799 2560 859 2606 (ad
875 2561 1028 2606 Appulej.
1047 2562 1079 2594 in
1106 2562 1172 2594 ind.
1192 2574 1225 2606 p.

271 2621 358 2664 725)
374 2622 606 2655 contendentes
627 2622 813 2656 vultuosum
829 2624 914 2656 idem
932 2637 1003 2657 esse
1023 2625 1110 2670 quod
1125 2627 1226 2658 triste.

272 2685 372 2719 Haud
407 2685 535 2732 quidem
567 2698 651 2730 nego
685 2686 719 2721 id
749 2686 827 2721 ah'as
857 2689 1004 2734 usurpari
1031 2701 1091 2736 pro
1123 2689 1227 2731 serio,

149 1328 233 1371 1⁰28
262 1333 397 1375 ctione
427 1333 743 1388 discriminans,
782 1336 1002 1381 dicebatur
1032 1340 1264 1382 Prudentia
1296 1340 1487 1382 vocitari.
1551 1339 1693 1395 Hujus
1721 1354 1926 1395 germana
1955 1354 2034 1382 sua
2063 1340 2223 1381 cunctis

1269 1437 1373 1479 gravi,
1400 1446 1527 1468 severo:
1553 1440 1693 1466 attamen
1718 1435 1781 1467 hoe
1808 1446 1885 1467 sane
1903 1434 1976 1467 loeo
2000 1440 2087 1467 totus
2110 1433 2224 1468 verho-

1269 1510 1338 1530 rum
1356 1502 1525 1530 contextus
1543 1497 1637 1528 docet
1653 1497 1758 1528 sobrio
1779 1502 1812 1528 et
1832 1498 1970 1542 simplici
1990 1497 2071 1529 illud
2092 1496 2224 1542 opponi,

1270 1565 1302 1593 ct
1323 1559 1508 1604 affectatum
1534 1559 1643 1603 potius
1669 1558 1856 1600 significare.
1890 1559 1978 1591 Hinc
2000 1559 2154 1591 Barthius
2179 1558 2225 1603 (in

1270 1624 1441 1667 advers.p.
1454 1621 1555 1666 194):
1580 1622 1772 1665 »Capellae«
1793 1622 1897 1666 inquit
1920 1622 1999 1653 »alia
2013 1623 2136 1655 ratione
2155 1622 2224 1654 vul·

1270 1691 1381 1717 tunsus
1404 1689 1464 1724 est,
1489 1683 1545 1727 qui
1563 1683 1688 1715 vultum
1709 1684 1782 1716 fuco
1804 1684 1926 1715 tinxit«
1958 1685 2060 1717 Recte
2078 1684 2224 1729 quidem:

1269 1747 1328 1778 sed
1355 1746 1437 1777 male
1461 1745 1494 1776 iu
1523 1745 1680 1786 glossario
1708 1745 1989 1778 Latino-barbaro
2020 1746 2067 1790 (in
2089 1746 2226 1779 Ludew.

1269 1809 1384 1852 reliqu.
1407 1807 1478 1840 MS.
1501 1806 1563 1843 111.
1581 1819 1612 1851 p.
1632 1805 1716 1851 117)
1739 1807 1823 1838 idem
1848 1808 2002 1840 Bau-thius
2025 1808 2066 1840 ad
2088 1809 2225 1841 eundem

1269 1871 1420 1905 martiani
1440 1871 1547 1902 locum
1577 1870 1728 1902 adnotat:
1759 1871 1958 1904 »Vultuosus
1983 1872 2129 1916 pulcrum
2153 1884 2225 1905 cum

1271 1933 1424 1976 gravitate
1452 1932 1605 1964 decorum
1626 1932 1794 1974 denotat«,
1831 1933 1919 1977 quod
1949 1934 2078 1966 omnino
2110 1935 2225 1967 salsum

1272 1998 1345 2042 quia
1366 1995 1568 2038 negationem
1588 1995 1703 2028 omisit.
1730 1995 1829 2040 Apud
1844 2003 1989 2029 nostrum
2007 1998 2092 2031 enim
2109 1997 2226 2040 legitur

1271 2074 1331 2094 nec
1352 2060 1540 2099 vultuosae,
1564 2070 1628 2103 quo
1650 2059 1822 2102 significari
1839 2073 1898 2094 uec
1920 2060 2088 2105 affectatae
2109 2061 2223 2096 Cicero

1272 2125 1367 2169 (orat.
1389 2121 1450 2166 18)
1472 2132 1533 2153 nos
1561 2121 1667 2155 docet.

1346 2181 1465 2228 omnia]
1491 2183 1542 2215 lta
1560 2195 1619 2229 pro
1638 2183 1796 2217 Grotiano
1815 2187 1955 2216 omnium
1974 2183 2103 2228 reposui
2117 2191 2224 2216 aucto-

1271 2247 1364 2279 ritate
1385 2257 1450 2276 non
1469 2245 1574 2276 solum
1590 2245 1732 2288 priorum
1748 2245 1934 2285 editionum,
1953 2244 2010 2276 sed
2030 2245 2124 2277 etiarn
2140 2245 2225 2277 codi-

1273 2322 1345 2344 cum
1366 2308 1648 2349 Darmstattensis,
1678 2307 1892 2349 Dresdensis,
1923 2307 2067 2350 Hugiani
2090 2314 2123 2341 et
2139 2308 2224 2342 Can-

1272 2370 1483 2413 tabrigiensis.

1349 2429 1545 2476 Prudentia]
1571 2429 1611 2463 In
1638 2430 1743 2463 numis
1770 2429 1899 2474 quidem
1919 2430 2034 2464 lemma
2060 2432 2224 2465 nl’ruden-

1274 2497 1319 2531 tin
1337 2495 1578 2538 Augustorum«
1601 2494 1719 2536 legitur
1739 2494 1879 2538 (llasche
1898 2495 1991 2527 lexic.
2014 2507 2099 2528 num.
2112 2495 2173 2531 IV.
2194 2497 2225 2528 1.

1276 2573 1306 2606 p.
1323 2556 1430 2603 525);
1459 2556 1518 2589 sed
1547 2556 1626 2588 deae
1655 2555 1784 2588 nomine
1812 2555 1868 2588 illa
1898 2568 2004 2601 neque
2027 2557 2060 2590 in
2084 2557 2225 2601 lapidum

1277 2622 1378 2655 titulis
1399 2631 1505 2664 neque
1524 2619 1609 2664 apud
1634 2619 1807 2663 scriptores
1830 2619 1908 2651 mihi
1926 2632 2066 2664 unquam
2079 2620 2223 2655 oecunrn't.

1279 2685 1354 2731 Qua
1371 2683 1411 2716 de
1430 2693 1465 2716 rc
1484 2681 1596 2715 acerbe
1611 2679 1780 2715 Juvenalis
1798 2680 1870 2725 (14,
1895 2680 2000 2724 515)=
