2310 2860
197 185 242 215 vl

197 285 325 326 finem
356 281 559 323 audaciae
592 291 776 333 usquam
808 275 1059 318 invenirent.
1116 270 1199 313 Sed
1234 269 1314 311 hae
1344 269 1386 310 in
1416 284 1544 312 eausa
1575 286 1651 312 nee
1683 286 1757 327 ego
1789 269 1913 312 valde
1945 270 1982 310 ei
2011 282 2143 324 repu-

198 362 401 418 gnabam,
453 360 580 400 satius
626 358 715 413 ipse
759 366 874 397 ratus
919 368 1074 410 parum
1119 365 1253 407 quam
1296 350 1420 390 nimis
1467 350 1665 393 audaciae
1713 352 1765 394 ad
1806 361 1966 393 veteres
2009 351 2141 391 libros

200 440 485 483 emendandos
517 438 721 488 attulisse,
751 446 791 477 et
811 437 845 477 si
876 434 980 490 quid
1011 431 1184 489 posteris
1206 429 1505 484 corrigendum
1531 430 1837 485 relinquamus,
1868 431 2142 472 librariorum

200 536 363 563 errores
403 535 489 561 esse
527 534 657 574 quam
701 527 886 569 nostros;
930 514 1003 556 sed
1042 511 1177 553 multo
1218 510 1382 564 aegrius
1419 509 1633 560 ferebam,
1673 512 1788 565 quod
1826 527 1904 552 nee
1934 513 2142 552 librorum

200 602 454 656 scriptorum
501 601 640 654 copia,
695 613 826 653 quam
873 595 1076 643 habebat,
1128 592 1183 632 ita
1231 605 1329 631 eum
1372 591 1433 631 uti
1474 590 1694 640 videbam,
1731 600 1779 631 ut
1817 592 2145 647 philologorum‚

200 681 347 735 quales
389 694 504 720 nune
543 688 661 729 sunt,
722 677 937 718 desideriis
983 673 1239 728 judiciisque
1287 670 1461 710 omnino
1502 669 1792 711 satisfacturus
1836 682 1953 712 esset.
2023 672 2147 721 Quae

200 777 265 801 res
296 770 460 811 monet,
507 769 552 800 ut
583 769 793 814 quantum
826 756 1026 812 equidem
1071 752 1271 806 indagare
1310 749 1521 805 potuerim
1566 743 1761 791 codicum
1795 749 1998 801 indicem,
2042 764 2148 805 quos

203 842 267 881 vel
299 855 323 881 a
353 840 521 895 Koppio
562 841 650 894 ipso
690 839 757 879 vel
790 847 884 879 ante
922 851 1025 877 eum
1057 841 1282 889 usurpatos
1314 831 1573 882 invenerim,
1614 831 1744 871 oeulis
1776 831 1882 871 Tuis
1912 831 2148 883 subjiciam,

199 922 392 963 Primum
426 922 549 975 igitur
582 935 689 975 quos
721 935 743 960 a
775 920 878 959 viris
908 918 1037 959 doctis
1070 924 1164 956 ante
1189 912 1410 968 Koppium
1442 921 1798 951 commemoratos
1828 912 1929 952 novi
1959 911 2002 951 hi
2032 920 2148 951 sunt:

370 1029 411 1080 1)
443 1026 641 1066 Vulcanii
675 1025 861 1074 codices,
895 1035 1084 1078 quorum
1115 1018 1189 1059 etsi
1220 1015 1351 1057 semel
1377 1023 1541 1054 tantum
1575 1014 1616 1054 in
1648 1014 1754 1054 notis
1779 1013 1833 1054 ad
1863 1015 1893 1064 §.
1914 1013 2002 1054 805
2030 1028 2149 1053 nien-

199 1109 355 1148 tionem
392 1107 601 1157 invenies,
649 1105 954 1146 accuratiorem
986 1111 1129 1142 tamen
1168 1096 1357 1137 notitiam
1397 1094 1506 1135 iufra
1537 1109 1591 1134 cx
1622 1094 1751 1148 ipsius
1781 1093 1981 1133 Vulcanii
2013 1092 2152 1133 verbis

200 1188 391 1243 accipies.
452 1188 673 1227 Praeterea
705 1184 879 1225 Grotius
919 1182 971 1222 ad
1003 1182 1037 1232 ᾗ.
1061 1179 1154 1220 644
1189 1177 1388 1219 Vulcanii
1420 1191 1463 1216 se
1498 1176 1685 1216 codicem
1722 1175 1844 1230 sequi
1875 1184 2038 1228 narrat,
2078 1175 2153 1231 qui

201 1284 306 1311 num
338 1269 518 1324 scriptus
549 1267 676 1307 fuerit
707 1280 760 1305 an
792 1264 949 1314 editus,
1000 1261 1229 1302 decernere
1268 1272 1353 1297 non
1385 1256 1532 1297 audeo.

370 1371 415 1422 2)
449 1370 585 1410 Grotii
616 1368 770 1418 codex,
800 1366 973 1421 singulis
998 1364 1086 1405 fere
1110 1363 1271 1420 paginis
1300 1370 1682 1413 commemoratus3
1714 1375 1821 1415 quas
1846 1369 2013 1415 praeter
2039 1359 2155 1401 hune

204 1451 385 1507 appellet
417 1450 687 1490 membranas
728 1450 774 1499 (ς).
801 1447 906 1498 858)
951 1445 1130 1499 optimas
1172 1445 1218 1493 (ᾗ.
1241 1442 1371 1493 849),
1419 1443 1519 1495 quia
1560 1440 1818 1495 praefatione
1857 1441 1987 1494 ipsius
2017 1453 2155 1488 careo,

201 1531 368 1585 ignor03
411 1529 570 1568 codices
603 1536 745 1566 autem
772 1539 879 1578 quos
912 1524 1132 1577 aliquoties
1165 1521 1354 1560 nominat
1384 1519 1664 1558 Basileensem
1699 1521 1745 1570 (ᾗ.
1770 1519 1870 1559 810.
1905 1519 2005 1560 869.
2036 1520 2153 1572 951),

203 1610 537 1664 Lugdunensem
581 1609 627 1658 (§.
649 1606 757 1646 644.
789 1604 891 1645 860.
922 1604 1048 1655 951),
1094 1601 1363 1642 Veieetinum
1398 1601 1443 1651 (ζ).
1470 1599 1575 1642 641.
1609 1599 1704 1639 77...
1735 1599 1836 1643 860.
1867 1600 1993 1653 951),
2037 1599 2154 1640 haud

203 1691 286 1732 scio
324 1705 376 1730 an
424 1689 528 1730 nihil
571 1688 649 1728 nisi
689 1686 888 1727 editiones
930 1685 1011 1725 sint
1055 1682 1369 1736 antiquissimae
1415 1682 1635 1722 Yicentina
1677 1682 1864 1734 (1499),
1912 1682 2155 1722 Basileensis

206 1771 378 1825 (1552),
410 1779 448 1810 et
477 1767 773 1823 Lugdunensis
806 1765 977 1818 (1559),
1016 1763 1134 1818 quod
1164 1777 1268 1803 num
1301 1772 1410 1802 recte
1442 1763 1718 1816 conjecerim,
1749 1763 1777 1804 ii
1809 1764 1965 1819 quibus
1998 1763 2151 1804 harum

205 1852 396 1907 ipsarum
431 1849 550 1904 copia
582 1857 641 1888 est
673 1848 923 1888 existiment.

376 1943 421 1995 5)
456 1941 599 1981 Codex
625 1938 925 1992 Lindcnbrogii
950 1937 1038 1978 sive
1064 1947 1110 1978 ut
1134 1938 1306 1978 Grotius
1333 1950 1431 1976 eum
1460 1936 1674 1991 appellare
1700 1937 1850 1978 maluit
1874 1938 2156 1994 Tiliobrogae,

208 2038 295 2079 quo
327 2023 360 2063 is
391 2023 432 2062 in
464 2021 694 2062 Germania
727 2034 828 2060 usus
860 2034 948 2059 esse
978 2018 1130 2058 dicitur
1163 2009 1209 2068 (ᾗ.
1238 2017 1340 2057 463.
1370 2016 1492 2068 8434).

373 2114 420 2166 4)
455 2112 667 2166 Bongarsii
688 2111 843 2161 codex,
873 2110 995 2162 cujus
1027 2109 1220 2149 lectiones
1253 2108 1306 2148 ad.
1337 2108 1443 2148 duos
1473 2108 1632 2162 priores
1659 2108 1787 2149 libros
1819 2124 1869 2149 ex
1902 2109 2153 2150 bibliotheca

208 2195 408 2236 Bcrnensi
447 2194 679 2248 publicavit
720 2191 1012 2234 walthardus
1052 2192 1107 2242 (ᾗ.
1129 2190 1197 2230 51.
1232 2190 1313 2239 56,
1366 2202 1507 2241 neque
1553 2188 1659 2228 alius
1698 2203 1785 2228 esse
1824 2188 1991 2229 videtur
2024 2203 2152 2244 quem

210 2274 524 2317 XValthardum
557 2274 597 2313 in
632 2272 820 2313 medium
854 2272 1075 2328 protuiisse
1108 2269 1159 2310 ad
1190 2272 1221 2321 ᾗ.
1249 2269 1303 2309 19
1335 2277 1578 2308 annotatum
1610 2270 1702 2319 est).

379 2367 424 2419 5)
456 2365 615 2405 Bai-tliii
655 2364 814 2404 codices
858 2364 897 2403 in
931 2363 1286 2404 Adversariorum
1323 2361 1439 2400 libris
1471 2369 1509 2399 et
1542 2359 1852 2399 commentariis
1894 2359 1943 2400 ad
1976 2360 2154 2401 Statium

212 2448 437 2489 identidem
484 2446 671 2486 adhibiti.
731 2446 773 2485 Si
804 2460 889 2485 non
927 2445 1091 2499 plui-05,
1137 2444 1243 2485 duos
1283 2452 1393 2483 certe
1425 2441 1553 2482 fuisse
1594 2440 1764 2494 colligas
1797 2456 1847 2480 cx
1878 2441 1926 2480 iis
1963 2455 2073 2494 quae
2106 2442 2155 2483 ad

213 2530 244 2578 ᾗ.
277 2527 344 2567 21.
378 2527 472 2569 152.
504 2527 591 2568 570
628 2526 846 2581 leguntur3
899 2539 1033 2566 unum
1074 2534 1214 2565 tamen
1263 2537 1364 2579 prae
1403 2521 1548 2562 ceteris
1589 2520 1747 2561 extollit
1776 2520 2153 2562 membranaceum
