2310 2860
736 185 936 228 Martiani
969 184 1170 241 Capellae
1198 184 1270 226 lib.
1300 184 1378 226 IX.
1418 187 1448 237 ᾗ.
1474 185 1575 227 908.
2041 188 2127 230 705

165 293 402 346 diffluebat,
443 295 519 349 qni
548 293 722 349 Phrygii
746 294 967 348 cujusdam
994 292 1217 348 bupaedae
1249 291 1392 332 cicutis
1418 293 1636 347 geminatis
1667 293 1948 335 interstinctus
1973 308 2120 335 omnes

162 368 526 430 praecmlentium'
549 375 806 416 suavitatum
852 373 1097 415 dulcedines
1143 373 1337 413 anteibat.
1405 373 1599 414 Tandem
1633 375 1739 415 inter
1770 375 1990 415 'Phoebum
2010 374 2121 415 &Pal-

162 455 393 510 lademque
440 454 580 496 media
621 455 855 495 Harmonia
900 453 1093 494 sublimis
1138 453 1394 507 ingreditur3
1453 456 1572 509 cujus
1613 471 1815 497 sonorum
1856 467 1983 513 caput
2026 458 2119 499 auri

163 538 419 579 coruscantis
458 538 634 579 bracteis
688 537 958 588 comebatur,
1013 551 1133 577 caeso
1165 537 1289 576 etiam
1323 545 1582 591 tenuatoque
1613 537 1782 577 metallo
1813 539 1949 591 rigens
1980 539 2118 589 vestis,

161 627 201 658 et
231 619 429 659 omnibus
462 617 515 658 ad
547 627 711 658 motum
741 632 1022 673 gressumque
1052 627 1143 658 rata
1169 617 1441 671 congruentia
1467 626 1751 672 temperatum
1786 617 1948 658 blandis
1969 618 2118 659 leniter

162 701 426 756 crepitaculis
456 700 671 741 tinniebat.
733 698 866 753 Cujus
898 698 1107 739 incessum
1144 708 1279 739 mator
1314 698 1496 753 Paphia,
1532 709 1579 739 ut
1613 714 1707 740 eain
1741 700 1933 755 contigue
1963 716 2118 756 seque-

159 781 307 833 batur,
348 782 443 822 licet
472 781 661 836 pulchris
691 795 813 821 rosea
844 780 1034 821 numeris
1067 793 1114 819 ac
1144 779 1303 818 libratis
1338 779 1531 833 passibus
1559 789 1826 830 moveretur,
1872 781 1947 821 vix
1975 791 2117 822 tamen

159 871 322 917 poterat
364 863 532 905 imitari.
606 862 770 902 Dextra
819 870 961 901 autem
1008 859 1227 914 quoddam
1272 861 1386 915 gyris
1434 861 1740 915 multiplicibus
1781 861 2035 901 circulatum
2080 871 2120 902 et

159 944 278 984 miris
309 944 506 984 ductibus
549 944 822 984 intertextum
865 942 984 982 velut
1022 941 1225 995 clypeum
1265 941 1504 996 gestitabat,
1555 941 1671 994 quod
1715 941 1891 995 quidem
1934 942 2019 981 suis
2052 943 2119 982 in-

161 1025 298 1066 vicem
336 1025 703 1081 complexionibus
736 1024 1005 1065 modulatum
1035 1038 1086 1063 ex
1119 1023 1198 1063 illis
1235 1021 1389 1062 fidibus
1417 1022 1626 1062 circulatis
1656 1022 1849 1062 omnium
1885 1022 2116 1063 modorum

158 1105 464 1145 concinentiam
491 1105 761 1159 personabat3
793 1105 916 1145 laeva
950 1114 1091 1145 autem
1119 1105 1290 1159 virginis
1316 1119 1448 1158 quam
1476 1105 1619 1158 plures
1651 1120 1703 1144 ex
1738 1119 1842 1145 auro
1867 1104 2116 1144 assimilatae

2152 371 2242 413 909

159 1200 408 1241 parvaeque
444 1185 599 1239 effigies
630 1185 903 1224 theatralium
929 1184 1200 1238 voluptatum
1226 1184 1514 1238 religatacque
1540 1183 1791 1239 pendebant.
1848 1185 2017 1226 Verum
2052 1185 2121 1225 ille
2150 1181 2238 1223 910

154 1301 307 1333 Bal-thius
327 1301 375 1345 (in
394 1301 516 1332 advers.
538 1313 569 1344 p.
590 1299 699 1342 1204)
719 1300 758 1331 ad
775 1299 881 1331 Persii
901 1299 1009 1331 locum
1027 1298 1115 1344 (pro-

155 1364 220 1405 log.
244 1363 317 1407 14):

212 1426 373 1459 »cantare
397 1427 508 1458 credas
534 1425 726 1469 Pegaseium
748 1429 876 1456 nectar«

154 1491 307 1522 tuendum
336 1490 460 1531 attulit,
500 1502 595 1534 quein
622 1490 727 1534 ipsum
757 1495 867 1520 noster
897 1493 969 1519 ante
1001 1487 1112 1519 oeulos

154 1555 305 1586 habuisse
334 1554 467 1585 videtur.
506 1553 602 1585 Adde
628 1553 834 1597 Antipatrum
865 1552 1034 1584 Sidonium
1061 1552 1113 1595 (T.

152 1617 201 1657 Π,
223 1629 253 1660 p.
270 1617 318 1647 26
342 1616 487 1659 Bruuek)
514 1616 553 1647 de
580 1614 786 1647 Anacreonte
810 1615 1012 1658 loquentem:

199 1675 311 1713 Εὕὸει
341 1675 406 1712 καὶ
430 1676 615 1724 Σμέρδις,
649 1674 695 1711 τὸ
723 1674 866 1710 πόθων
889 1676 973 1722 ἔαρ,
1003 1667 1034 1722 ᾧ
1063 1671 1110 1710 σὺ

551 1739 760 1784 mmmm,

199 1801 355 1852 Βάρβιτ’
380 1801 594 1851 ἀνεκρούου
623 1803 764 1850 νέκταρ
792 1800 1031 1850 ἐναρμόνιον.

227 1865 403 1911 bnpaedae]
430 1867 469 1898 In
483 1866 576 1897 editis
592 1872 659 1897 erat
675 1866 823 1909 pubidae,
844 1866 936 1907 eujus
952 1865 984 1896 in
1002 1864 1109 1895 locum

152 1931 296 1974 pubeclae
333 1930 483 1961 substitui
522 1929 656 1961 Grotius
691 1929 837 1969 volebatx,
880 1929 937 1960 sed
969 1932 1110 1971 praestat

152 1992 282 2024 omniuo
302 1992 388 2035 quod
404 2003 464 2023 nos
483 1991 692 2030 restituimus,
718 1990 892 2035 superioris
908 1990 972 2022 loci
990 1989 1031 2034 (ἓ.
1045 1989 1107 2033 51)

152 2055 330 2096 analogiam
361 2053 479 2094 secuti,
508 2053 564 2084 ubi
593 2052 664 2084 vide
686 2057 793 2084 uotam
820 2058 971 2084 nostram.
1004 2053 1108 2095 Plu-y-

149 2121 238 2164 yium
253 2123 359 2150 autem
375 2119 551 2162 bupaedam
566 2118 628 2149 hoe
643 2122 693 2148 est
707 2116 980 2148 adolescentulum
995 2117 1109 2161 procul

150 2183 247 2215 dubio
271 2183 348 2215 dicit
372 2182 565 2226 Olympum,
599 2193 694 2225 quem
718 2182 866 2225 Marsyae
890 2181 1036 2212 tibiarum
1062 2181 1109 2213 in-

149 2245 290 2278 ventoris
323 2245 514 2289 diseipulum
544 2250 577 2275 et
611 2244 764 2275 amasium
793 2249 917 2276 veteres
955 2244 1123 2275 ferebant.⁴

148 2309 244 2341 Unde
260 2309 438 2340 Pausanias
453 2310 531 2352 (10,
554 2310 620 2349 50,
644 2309 694 2352 5):
712 2305 812 2354 ὑπὲρ
841 2304 986 2342 τούτου
1004 2305 1109 2342 ἑότὶν

152 2367 216 2405 ἐπὶ
231 2370 378 2414 πέτρας
394 2366 659 2415 καθεζόμενος
671 2366 878 2417 Μαρσύας,
899 2369 965 2405 καὶ
978 2367 1109 2413 Ὄλυμ-

152 2441 229 2471 πος
254 2430 344 2477 παρη
365 2428 486 2464 αὐτόν
510 2432 590 2466 ἐστι
615 2429 755 2472 παιδὸς
778 2429 927 2478 ὡραίου
952 2430 1016 2466 καὶ
1043 2427 1107 2466 αὐ-

151 2494 233 2528 λεῖν
266 2490 546 2536 διδασκομένου
583 2491 718 2538 ὄχῆμα
746 2494 865 2538 ἔχων.
905 2493 1002 2527 Adde
1028 2494 1106 2526 Plu-

150 2557 294 2589 tarchum
320 2555 374 2599 (de
401 2555 522 2586 musica
545 2556 579 2596 7,
605 2568 635 2599 p.
653 2556 772 2600 1155).
891 2548 895 2551 Ι

227 2622 339 2654 cicutis
363 2617 550 2665 qeminalis]
582 2619 716 2653 Fistulis
745 2621 889 2663 geminis.
899 2621 1103 2656 venem.—

1166 1302 1281 1334 Cicuta
1295 1313 1354 1345 pro
1371 1303 1492 1333 calamo
1511 1302 1594 1345 apud
1607 1302 1803 1343 Lucretium,
1821 1302 2003 1344 Virgilium,
2022 1303 2118 1343 alios3

1167 1363 1224 1394 sed
1255 1367 1290 1393 ut
1322 1363 1467 1405 syringes
1501 1363 1574 1394 inde
1605 1370 1788 1407 compactae
1822 1365 2005 1406 videantur⁷
2037 1366 2119 1397 sicut

1166 1425 1260 1457 etiam
1285 1424 1367 1467 apud
1394 1424 1603 1467 Calpurnium
1621 1426 1698 1467 (10,
1727 1426 1801 1468 15):

1221 1489 1311 1530 »Ipse
1335 1499 1470 1526 canam,
1500 1488 1583 1518 nulli
1603 1487 1657 1530 fus
1679 1494 1726 1519 est
1747 1489 1861 1532 inflare
1882 1489 2018 1531 cicutas,

1218 1552 1308 1594 Quas
1330 1564 1388 1594 eqo
1412 1552 1587 1582 Maenaliis
1606 1563 1677 1582 cera
1702 1552 1861 1593 conjungo
1881 1554 1940 1584 sub
1964 1555 2086 1586 αηὶνίσα

1163 1615 1333 1658 possitque
1351 1614 1466 1657 aliquis
1486 1616 1546 1645 hoe
1567 1627 1695 1658 quoque
1711 1615 1783 1646 loeo
1801 1618 1979 1659 qeminatas
1996 1619 2118 1650 cicutas

1164 1677 1203 1708 de
1228 1677 1338 1709 cannis
1368 1678 1402 1709 in
1430 1678 1569 1709 fistulam
1597 1678 1718 1719 junctis
1748 1679 1944 1721 intelliget-Q
1976 1687 2117 1724 praestat

1162 1747 1269 1773 tamen
1298 1742 1336 1774 de
1373 1743 1459 1774 tibiis
1489 1742 1648 1785 accipere,
1688 1755 1768 1786 quas
1803 1743 1894 1775 binas
1929 1744 2116 1788 plerumque

1162 1803 1257 1834 simul
1288 1803 1413 1834 inflatas
1442 1816 1513 1834 esse
1551 1810 1686 1836 constat.
1727 1804 1911 1848 Appulejus
1946 1806 1991 1850 (in
2014 1806 2115 1839 florid.

1160 1879 1192 1911 p.
1214 1867 1320 1911 54l)=
1354 1867 1499 1898 »Primus
1518 1867 1664 1910 Hyagnis
1681 1887 1729 1891 —
1750 1869 1830 1900 duas
1849 1870 1940 1901 tibias
1968 1882 2032 1902 uuo
2053 1872 2115 1915 spi-

1159 1932 1223 1963 ritu
1250 1932 1386 1973 inflavit,
1421 1932 1542 1976 primus
1568 1932 1666 1963 laevis
1695 1944 1730 1964 ae
1764 1933 1883 1964 dextris
1907 1934 2114 1967 foraminibus

1161 1999 1254 2025 acuto
1295 1994 1413 2026 tinnitu
1452 1994 1540 2036 gravi
1578 1994 1696 2027 bombo
1736 2001 1925 2028 concentum
1959 1997 2114 2030 musicum

1159 2056 1316 2088 miscuit«

1233 2119 1389 2165 muueris]
1415 2120 1453 2152 Id
1477 2126 1528 2152 est
1545 2123 1702 2165 passibus.
1718 2122 1863 2155 VULCAN.
1880 2141 1927 2147 --
1956 2124 2111 2156 Passibus

1159 2185 1303 2229 proxime
1336 2184 1496 2228 sequitui-3
1528 2187 1671 2218 rationes
1700 2186 1808 2230 potius
1833 2187 2036 2219 harmonicae
2064 2186 2110 2218 iu·

1160 2248 1353 2290 telligeudae
1372 2254 1462 2290 sunt,
1490 2254 1526 2281 ut
1550 2251 1634 2294 apud
1660 2250 1845 2282 Lucretium
1873 2251 1926 2293 (2,
1951 2250 2053 2293 651)=
2076 2256 2078 2258 ’

1217 2313 1370 2345 »Lmlmzt
1408 2313 1442 2344 in
1486 2326 1717 2357 numerumque
1753 2308 1919 2345 exsultant
1953 2316 2128 2358 sanquine·

1556 2377 1660 2408 laeth

1235 2435 1523 2482 complexionibus]
1562 2436 1939 2475 Codicesxlilonaeeusis
1973 2436 2040 2481 (C)
2075 2444 2109 2470 et

1157 2498 1424 2530 Darmstattensis
1446 2500 1671 2542 contplexi'bzm.
2092 2499 2094 2502 ’

1231 2562 1348 2606 effigies
1378 2559 1601 2604 theatraliwn]
1630 2559 1818 2592 vis-centius
1848 2559 1894 2604 (in
1921 2559 2005 2593 Mus,
2033 2560 2108 2593 Pio-

1156 2623 1260 2657 Clem.
1285 2623 1334 2665 II⁷
1370 2636 1400 2668 p.
1422 2623 1493 2655 192
1516 2621 1661 2664 Mediol.)
1684 2619 1844 2666 Euterpes
1868 2621 1920 2654 hie
1941 2621 2107 2664 imaginem

1659 2683 1707 2713 89
