2310 2860
731 122 931 165 Martiani
965 123 1163 179 Capellae
1191 123 1262 165 lib.
1289 123 1367 165 IX.
1399 127 1429 176 §-
1456 125 1553 166 971.
2035 127 2118 167 7:555

166 237 213 269 ut
243 229 354 270 enim
386 228 456 270 ille
486 243 563 285 per
597 239 784 285 quatuor
813 230 993 285 species,
1037 228 1118 269 hoe
1149 239 1208 270 est
1237 229 1381 282 diesis,
1412 230 1637 282 dividitur,
1668 232 1723 272 ita
1755 231 1823 273 hic
1851 231 1975 274 etiam
2010 245 2118 288 qua-

164 309 347 351 ternaria
378 319 620 366 temporum
654 310 944 352 modulatione
975 310 1253 352 concluditur.

556 492 636 534 DE
668 492 878 534 TRIBUS
910 492 1284 534 TEMPORIBUS
1314 493 1716 536 NUMERORUM.

332 611 415 653 Sed
463 626 614 654 eorum
646 622 913 669 temporum,
960 627 1072 668 quae
1114 611 1168 653 ad
1210 626 1412 653 numeros
1449 612 1728 668 copulantur,
1767 612 1847 653 alia
1878 622 1975 653 sunt
2006 626 2118 668 quae
2146 606 2235 650 972

164 692 424 747 enrhythma
444 703 638 750 tempora
662 695 956 746 nominantur,
988 694 1068 735 alia
1094 707 1205 748 quae
1237 691 1511 747 arrhythma,
1541 692 1660 733 tertia
1687 706 1797 746 quae
1820 692 2118 747 rhythmoides

163 771 455 826 perhibentur.

514 774 568 816 Et
597 774 857 829 enrhythma
889 774 1064 829 quidem
1087 783 1205 824 sunt,
1236 787 1347 828 quac
1375 774 1535 814 ratione
1566 782 1678 814 certa
1709 773 1902 814 ordinem
1934 782 2118 824 servant,

162 863 209 894 ut
245 855 286 895 in
326 856 507 911 duplici,
552 857 623 897 vel
666 856 891 908 hemiolio,
937 855 1005 896 vel
1045 855 1086 894 in
1130 854 1243 905 aliis,
1282 867 1393 907 quac
1424 853 1505 893 alia
1536 853 1696 893 ratione
1726 853 1975 909 junguntur.
2031 855 2115 895 Ar-

162 934 368 990 rhythma
399 947 518 989 sunt,
558 953 668 992 quac
699 939 776 978 sibi
807 938 925 979 nulla
959 937 1132 978 omnino
1163 936 1253 990 lege
1285 936 1572 986 consentiunt,
1615 949 1660 975 ac
1691 935 1779 975 sine
1812 945 1923 976 certa
1955 936 2115 977 ratione

162 1016 386 1069 conjuncta
424 1029 532 1060 sunt.

162 1093 407 1149 despiciunt.

602 1020 916 1074 Rhythino'ides
958 1033 1062 1060 vcro
1100 1018 1142 1058 in
1193 1017 1281 1057 aliis
1326 1031 1559 1057 numerum
1601 1025 1795 1065 servant,
1852 1018 1894 1056 in
1941 1016 2116 1070 aliisque

468 1098 670 1147 Quorum
709 1109 953 1154 temporum
996 1100 1075 1139 aha
1116 1100 1353 1149 στρογγύλα,
1406 1098 1487 1138 lice
1519 1107 1578 1138 cst
1612 1097 1794 1139 rotunda
1826 1098 2120 1153 perhibentur,
2149 1094 2237 1135 975

161 1175 241 1216 alia
265 1180 472 1228 περιπλέω.
518 1179 571 1218 Et
591 1178 772 1219 rotunda
797 1188 908 1230 sunt,
940 1193 1052 1234 quae
1076 1177 1306 1233 proclivius
1331 1186 1370 1216 et
1396 1176 1574 1227 facilius,
1598 1191 1728 1231 quain
1756 1178 1912 1232 gradus
1939 1179 2117 1232 quidam

164 1265 290 1310 atque
331 1257 436 1297 ordo
479 1257 689 1312 legitimus
729 1258 904 1313 expetit,
955 1258 1310 1313 praecipitantur3
1362 1261 1561 1309 περιπλέω
1611 1273 1735 1309 vero,
1785 1273 1896 1314 quac
1935 1259 2118 1315 amplius

161 1353 296 1394 quam
343 1338 462 1379 decet
507 1354 647 1380 moras
699 1340 954 1395 compositae
1000 1338 1298 1381 modulationis
1342 1338 1580 1391 innectunt,
1623 1353 1756 1394 seque
1799 1339 1889 1396 ipsa
1934 1340 2118 1382 tardiore

162 1419 510 1475 pronunciatione
540 1418 817 1475 suspendunt.

236 1558 464 1607 quaternaria]
506 1558 666 1592 Aristides
703 1557 942 1601 Quinctilianus
979 1557 1026 1600 (p.
1055 1556 1113 1587 44.

159 1621 236 1664 43)τ
264 1618 416 1656 τούτων
448 1613 520 1656 οὖν
554 1617 681 1660 οὕτως
713 1617 892 1665 ἑχόντων
927 1617 1115 1654 δέδεικται

159 1680 209 1718 τὰ
227 1682 375 1730 μεγέθη
396 1683 477 1718 τῶν
506 1682 716 1728 στοιχείων
743 1687 828 1721 τοῖς
860 1676 1114 1726 διαστήμασιν

160 1741 343 1791 ἰσάριθμα
367 1744 439 1780 τοῦ
468 1741 608 1779 τόνου·
639 1741 683 1779 τὸ
707 1742 778 1788 μὲν
803 1740 876 1789 γὰρ
904 1738 1115 1787 ἐλάχιστον

160 1803 293 1840 αὐτῶν
324 1805 395 1841 τοῦ
433 1805 616 1851 μεγιστου
656 1801 955 1851 τεταρτημόριόν
991 1804 1112 1846 ἐστιν,

161 1866 217 1909 ὠς
234 1866 257 1915 ἡ
276 1868 394 1909 δίεσις
414 1869 485 1903 τοῦ
503 1865 634 1903 τόνου.
662 1869 776 1912 Itaque
799 1881 863 1899 non
880 1868 983 1898 solum
999 1867 1113 1907 longas

161 1937 193 1964 et
219 1932 350 1971 breves,
390 1943 499 1963 verum
524 1930 617 1961 etiam
639 1930 781 1961 brevium
811 1929 954 1960 dimidius
985 1928 1112 1968 statuit,

162 2008 296 2040 quarum
320 1994 434 2026 notitia
457 2006 496 2025 ex
514 1999 623 2026 nostra
646 1993 776 2025 metrica
793 2004 925 2037 prorsus
949 1992 1114 2035 disparuit.

235 2059 424 2101 eni-hyllnna
450 2077 498 2081 —
526 2055 731 2102 arrhylhma]
770 2056 826 2089 Sic
862 2061 948 2088 reete
984 2056 1111 2087 codices

160 2120 366 2155 Meibomiani
394 2120 443 2164 (p.
462 2121 535 2152 539
568 2132 597 2151 v.
616 2118 698 2162 17),
730 2131 827 2162 quum
855 2118 939 2162 apud
963 2117 1112 2149 Grotium

161 2190 308 2227 corrupte
331 2184 455 2226 legatur
482 2184 679 2225 eurythmia-a
707 2187 739 2213 et
761 2183 951 2225 mytlamata.
986 2181 1113 2212 Pariter

162 2252 194 2279 et
217 2246 377 2278 Aristides
400 2247 433 2278 iu
456 2247 529 2278 loeo
555 2246 700 2289 superius
726 2246 778 2289 (ad
803 2245 831 2289 ἓ.
849 2246 936 2288 970)
960 2245 1055 2276 citato
1079 2250 1112 2276 et

164 2308 402 2353 Quinctilianus
425 2309 477 2351 (9,
506 2308 546 2348 4,
574 2309 640 2349 563
666 2320 697 2351 p.
712 2308 784 2340 564
807 2306 999 2351 Spalding.).
1026 2306 1112 2338 Con-

162 2374 209 2404 fer
228 2371 427 2404 Boeeh'nium
449 2371 502 2414 (de
524 2376 615 2403 metr.
638 2384 668 2414 p.
684 2371 755 2414 57).
782 2370 875 2402 Alias
899 2370 982 2401 inter
1005 2382 1038 2401 se
1058 2382 1112 2413 op-

163 2442 327 2481 ponuntur
348 2432 549 2480 εὒρυθμον
567 2439 599 2465 ot
621 2431 844 2481 ἄρῥυθμον,
871 2439 907 2466 ut
935 2434 1019 2478 apud
1039 2434 1114 2465 Pla-

163 2506 272 2532 tonem
299 2498 434 2544 (republ.
455 2499 494 2538 5,
528 2510 559 2541 p.
577 2496 663 2540 7100)
686 2503 718 2529 ct
749 2497 959 2529 Aristotelem
980 2498 1114 2542 (rhetor.

162 2564 203 2603 5,
233 2562 292 2604 8),
321 2561 379 2594 sed
399 2559 519 2605 aliquid
553 2559 709 2592 interesse
743 2558 826 2592 inter
854 2559 1054 2606 ἔνρυθμον
1080 2564 1114 2592 et

1167 1553 1367 1602 εὔρυθμον
1391 1562 1477 1588 reete
1497 1563 1605 1588 monet
1625 1555 1801 1600 Dionysius
1821 1556 2117 1589 llaticarnassensis

1166 1618 1219 1661 (de
1247 1630 1387 1661 compos.
1412 1630 1481 1649 voc.
1504 1619 1541 1648 Τ.
1566 1618 1609 1658 V,
1633 1631 1663 1662 p.
1680 1618 1753 1650 ‘223
1780 1617 1914 1661 Reislz.).

1220 1679 1439 1726 ‘despit-innt]
1469 1680 1525 1713 Sic
1555 1687 1640 1714 recte
1673 1681 1824 1724 Grotius5
1865 1681 2040 1714 anteriores
2071 1681 2116 1713 di-

1165 1747 1315 1789 spiciunt.

1240 1804 1456 1852 περιπλέω]
1489 1806 1583 1838 Hane
1608 1807 1779 1839 lectionem
1803 1807 1928 1839 restitui
1951 1818 1990 1839 ex
2016 1819 2046 1850 p.
2068 1808 2118 1839 54

1165 1881 1195 1904 v.
1220 1871 1243 1901 2
1268 1869 1431 1901 Aiistidis.
1477 1870 1620 1914 Uterque
1653 1871 1790 1915 scriptus
1819 1883 1912 1903 verae
1941 1870 2118 1915 proximam

1164 1932 1261 1963 hahet
1296 1931 1432 1973 legendo
1465 1931 1725 1967 ΠΕΡΙΠΛΕΟ.
1768 1933 1915 1964 Pessime
1952 1933 2057 1964 editur
2085 1938 2118 1964 et

1163 1995 1215 2027 hie
1246 2000 1278 2026 et
1305 1995 1401 2038 paulo
1432 2000 1506 2039 post
1535 1992 1833 2042 περιπλεόμενα,
1867 2002 1899 2028 at
1921 1995 1954 2028 iu
1977 1995 2118 2037 filargine

1164 2059 1326 2101 aliquanto
1345 2058 1456 2089 melius
1473 2058 1607 2090 habetur
1622 2058 2028 2105 ffeplffs'tfi'a.lihzmo)1.—
2041 2058 2115 2090 Ari-

1164 2123 1254 2154 stidis
1273 2123 1368 2154 verba
1386 2123 1465 2155 haee
1482 2129 1570 2154 sunt:
1587 2124 1624 2157 οὶ
1642 2121 1682 2157 δὲ
1703 2122 1914 2169 περιπλὲω,
1940 2123 1977 2158 00‘
1991 2121 2113 2157 πλέον

1162 2181 1238 2230 ἤδη
1267 2180 1341 2230 τὴν
1365 2179 1588 2230 βραδύτητα
1607 2181 1671 2219 διὰ
1692 2183 1898 2219 συνθέτων
1920 2179 2113 2230 φθόγγων

1164 2243 1400 2291 ποιούμενοι.
1432 2248 1602 2280 Pertineut
1630 2254 1734 2279 autem
1763 2249 1843 2279 haee
1869 2247 1910 2278 ad
1940 2247 2113 2279 oratorium

1162 2321 1344 2350 numerum,
1372 2309 1411 2341 de
1435 2321 1499 2353 quo
1526 2309 1655 2341 omnino
1678 2308 1862 2340 conserendi
1889 2313 1964 2339 sunt
1985 2307 2112 2340 Aristo-

1163 2371 1244 2403 teles
1265 2371 1395 2415 (rhetor.
1413 2372 1453 2411 5,
1483 2371 1537 2415 8),
1567 2370 1681 2403 Cicero
1705 2369 1800 2413 (orat.
1819 2371 1866 2401 (35
1890 2369 2009 2413 sequ.),
2033 2370 2110 2401 Dio-

1163 2435 1274 2478 nysius
1300 2434 1612 2474 llatiearnassensis‚
1648 2433 1902 2475 Quinctilianus,
1934 2432 2004 2473 alii3
2028 2432 2111 2465 iuter

1161 2498 1356 2531 recentiores
1378 2504 1482 2529 autem
1500 2497 1643 2542 inprimis
1669 2496 1856 2528 Baitai-sius
1882 2496 1928 2540 (in
1949 2508 2040 2529 mem.
2071 2497 2110 2530 de

1161 2560 1271 2595 l'acad.
1298 2561 1337 2594 Τ.
1361 2561 1503 2602 XXXV,
1528 2572 1560 2604 p.
1576 2559 1648 2591 415
1674 2557 1786 2602 sequ).

1619 2619 1667 2652 93
1686 2616 1708 2643 ⁷¹³
