2310 2860
731 276 932 320 Martiani
970 275 1170 332 Capellae
1208 274 1278 317 lib.
1305 274 1357 316 II.
1397 275 1430 326 §-
1467 273 1566 315 218.

2040 273 2125 327 251

159 386 344 428 sinerent
361 384 542 428 recitari.
575 383 710 440 Cujus
734 382 922 441 petitioni
938 383 1192 437 justissimae
1217 380 1401 423 deorum
1430 388 1601 423 senatus
1632 379 1841 432 attribuit,
1871 388 1919 421 ut
1948 380 1990 420 in
2021 394 2126 421 con-
2159 373 2245 415 218

159 481 281 510 sessu
312 467 511 509 coelitum
544 465 761 510 offerenda
790 465 1089 523 probarentur.
1144 464 1255 507 Hinc
1298 461 1501 503 Phoebus
1543 461 1733 518 exsurgit
1763 460 1903 502 fratris
1934 459 2123 502 officium

158 562 244 591 non
275 547 532 601 detrectans,
570 562 618 590 ac
647 547 833 603 singulas
863 562 916 588 ex
947 545 1158 588 famulitio
1188 544 1447 600 delectuque
1475 543 1671 600 Cyllenio
1702 542 1846 599 incipit
1879 541 2123 593 admovere,

159 643 274 686 quae
303 640 391 675 tam
422 629 633 688 pulchrae
663 627 822 670 cunctis
853 641 987 684 quam
1019 625 1312 667 ornatissimae
1341 624 1567 667 refulsere.

557 710 848 762 Transcursa‚
879 707 1024 760 lector,
1058 716 1178 764 parte
1208 721 1364 764 magna
1393 706 1558 758 fabula,

2158 703 2246 743 219

557 791 686 842 Quae
718 800 808 833 tam
841 789 1021 832 morosis
1057 787 1275 844 implicata
1305 787 1504 830 ductibus

553 873 699 916 Tenui
729 873 952 914 lucernam
986 871 1194 927 palpitare
1223 870 1388 912 lumine

556 953 705 1011 Coegit
733 955 892 996 instans
922 954 1102 995 innitens
1134 952 1465 1008 crepusculum3

559 1037 621 1078 Ao
651 1037 696 1077 ni
729 1036 875 1077 rosetis
905 1044 1168 1090 purpuraret
1199 1034 1391 1075 eulmina

557 1117 729 1159 Aurora
759 1116 901 1172 primo
936 1124 976 1156 et
1007 1124 1318 1156 convenustans
1348 1112 1500 1155 habitu

556 1199 743 1254 Surgens
773 1197 976 1239 fenestras
1002 1194 1229 1236 dissecaret
1259 1193 1444 1245 lumine,

556 1279 713 1323 Adhuc
743 1279 887 1335 jugata
917 1286 1187 1333 compararet
1217 1275 1373 1332 pagina

558 1355 838 1411 Quocunque
869 1355 999 1398 dueta
1027 1357 1260 1413 largiorem
1293 1340 1518 1397 circulum.

556 1435 687 1478 Nunc
717 1451 816 1494 ergo
847 1437 1020 1493 mythos
1050 1437 1324 1490 terminatus,
1360 1433 1515 1477 infiunt

158 1577 277 1611 sultam
309 1588 399 1611 more
427 1577 648 1612 Romanorum
678 1578 782 1611 aereis
808 1579 926 1612 tabulis
959 1580 1113 1620 incisum3

156 1642 297 1675 imitatur
312 1653 399 1676 nunc
419 1641 589 1685 Senecam,
615 1642 701 1688 apud
720 1655 816 1687 quem
838 1643 976 1688 (apocol.
998 1643 1114 1676 Claud.

156 1717 190 1749 p.
203 1705 277 1739 854
293 1704 397 1750 Lips.)
416 1704 488 1749 lege
508 1704 663 1739 Cornelia
677 1706 717 1738 de
734 1705 856 1739 sicariis
872 1706 906 1738 in
926 1705 998 1750 ipso
1016 1717 1113 1750 quac-

155 1767 236 1799 ritur
266 1779 352 1800 orco.
391 1767 441 1800 Ita
469 1767 653 1812 Appulcjns
681 1768 776 1800 etiam
806 1767 884 1800 deos
912 1779 978 1800 non
1008 1767 1114 1800 solum

156 1829 282 1872 legibus
303 1831 451 1863 humanis
481 1832 574 1876 (met.
601 1833 635 1864 G.
662 1845 692 1876 p.
709 1833 794 1865 591.
818 1832 893 1866 597
915 1831 1014 1875 oud.)
1039 1832 1114 1863 sub-

153 1893 233 1935 jicit,
258 1895 316 1927 scd
332 1895 463 1939 Jupiter
481 1907 610 1939 quoque
634 1897 718 1940 apud
740 1896 877 1928 eundem
895 1895 990 1937 jubet
1012 1896 1114 1927 »Mer-

156 1955 280 1988 curium
303 1956 381 1987 deos
402 1968 513 1989 omnes
536 1957 577 1988 ad
600 1957 787 1990 concionem
812 1968 1003 2001 provocare,
1029 1969 1065 1989 ac
1086 1956 1114 1989 si

157 2018 213 2062 qui
242 2023 337 2051 coetu
367 2018 555 2051 coelestium
579 2018 753 2059 defuisset,
788 2018 822 2051 in
846 2031 984 2063 poenam
1006 2020 1114 2051 decem

155 2081 292 2113 millium
321 2083 456 2112 numum
482 2086 675 2114 conventum
699 2081 747 2113 iri.
756 2096 767 2110 u
816 2081 943 2114 Deinde
967 2082 1112 2126 Psyches

156 2149 189 2176 et
211 2144 383 2190 Cupidinis
407 2145 536 2190 nuptias
569 2146 745 2189 »legitimas
767 2145 843 2178 facit
871 2150 904 2178 et
923 2146 1002 2192 jure
1026 2146 1115 2180 civili

156 2217 342 2249 congruas.«

231 2266 432 2316 delectuque]
461 2267 595 2301 Grotius
626 2268 749 2301 dilecto.
792 2266 862 2302 Sed
884 2280 925 2301 ex
946 2267 1111 2301 Vossiano

156 2329 389 2363 restituendum
419 2331 602 2378 dilectuque
630 2330 684 2363 vel
713 2331 918 2379 delectuque,
957 2330 1045 2376 quod
1077 2331 1111 2362 in

158 2392 229 2425 aliis
251 2400 309 2426 est.
335 2394 499 2427 Amvrznu.
523 2394 633 2439 (misc.
660 2407 691 2439 p.
710 2394 813 2439 214).
836 2415 884 2420 —
916 2396 1111 2442 Dilectuque

157 2457 309 2490 exhibent
341 2457 554 2490 Monacenses
584 2459 644 2502 (B.
667 2458 706 2492 C.
727 2459 770 2492 D.
787 2458 857 2503 E),
892 2458 1110 2499 Basileensis,

157 2520 373 2563 Bodlejanus,
399 2520 690 2562 Cantabrigiensis,
722 2521 1003 2567 Britannicusque.
1042 2522 1108 2554 De·

157 2583 305 2630 lectuque
322 2582 477 2627 praebent
489 2581 780 2625 Reichenauensis,
801 2584 973 2626 Bongarsii
995 2588 1027 2616 et
1039 2583 1109 2615 Hu-

157 2647 200 2691 gii
223 2646 334 2681 codex.
360 2645 540 2690 Utrumque
564 2645 697 2681 honum.

232 2708 393 2757 innitens]
421 2709 470 2744 In·
491 2709 602 2744 codice
623 2709 884 2753 Lugduno-Bat.
905 2715 969 2743 est:
994 2715 1044 2744 net
1063 2711 1111 2744 in·

2156 1429 2242 1473 220

1165 1581 1313 1619 nitens«,
1341 1578 1427 1610 unde
1447 1576 1581 1609 emendo
1610 1583 1660 1609 »et
1683 1580 1818 1610 nitens.«
1846 1577 1973 1612 ARN'rz.
1993 1577 2047 1623 (ad
2068 1590 2122 1623 pa·

1164 1655 1237 1685 neg.
1253 1648 1316 1675 vet.
1330 1642 1372 1674 Π.
1387 1655 1419 1686 p.
1442 1640 1537 1684 755).
1552 1659 1598 1664 —
1623 1640 1691 1673 Sed
1715 1642 1938 1685 crepusculum
1962 1642 2014 1674 vix
2034 1642 2123 1680 nitet,

1164 1704 1250 1738 Num
1274 1705 1356 1736 forte
1380 1715 1438 1749 pro
1463 1704 1632 1734 imminens
1659 1702 1746 1735 istud
1768 1704 1912 1736 innitens
1936 1703 2124 1749 scripserit?

1166 1768 1336 1802 Geminata
1358 1767 1442 1800 enim
1460 1766 1616 1809 adjectiva
1637 1779 1703 1798 non
1725 1778 1802 1799 curo
1826 1766 1867 1812 (§.
1886 1768 1957 1800 197
1981 1767 2071 1812 not.).

1237 1829 1477 1877 crepusculum]
1514 1831 1766 1875 Crepuscnlum,
1799 1831 1887 1876 quod
1915 1831 1982 1874 jam
2014 1833 2118 1871 instat,

1164 1896 1240 1929 facit
1263 1902 1298 1928 ut
1320 1896 1450 1929 lucerna
1472 1906 1489 1927 a
1514 1894 1656 1928 claritate
1686 1895 1812 1928 deficiat
1836 1901 1871 1929 et
1894 1896 1982 1927 tenui
2001 1895 2118 1927 lumine

1164 1960 1314 2006 palpitet,
1348 1959 1585 2005 narrationique
1616 1966 1680 1992 tam
1711 1960 1820 1992 multis
1848 1960 2032 2002 amhagibus
2062 1960 2117 1991 im-

1164 2025 1291 2069 peditae
1318 2025 1413 2055 finem
1434 2024 1578 2069 imponit.
1597 2023 1699 2057 Gonz.
1714 2044 1761 2050 -·
1787 2023 1909 2057 Confer
1935 2035 2030 2068 supra
2053 2035 2116 2056 ere-

1162 2099 1275 2131 perum
1301 2084 1343 2130 (§.
1365 2085 1458 2129 116).

1236 2145 1449 2193 ριινριινανεί]
1477 2147 1600 2181 Confer
1623 2147 1819 2192 superiorem
1845 2145 1886 2191 (§.
1906 2145 1990 2190 116)
2011 2146 2113 2178 Ani-0-

1163 2221 1218 2243 rae
1246 2210 1504 2254 descriptionem.
1538 2208 1676 2252 Egregie
1701 2208 1843 2240 Rutilius
1871 2208 1987 2252 (itiner.
2012 2206 2113 2248 277):

1221 2274 1377 2306 »Roscida
1402 2273 1537 2316 puniceo
1561 2272 1683 2316 fulsere
1708 2272 1896 2316 crepuscula
1922 2272 2014 2304 coelo.
2023 2284 2034 2297 «ι

1234 2337 1336 2379 primo
1353 2333 1396 2380 et]
1421 2334 1471 2367 Ita
1491 2338 1577 2366 recte
1595 2334 1804 2367 Basileensis.
1830 2334 1916 2368 Male
1932 2334 1963 2365 in
1980 2331 2110 2373 reliquis

1161 2402 1194 2430 et
1221 2397 1316 2429 editis
1347 2402 1379 2429 et
1404 2395 1557 2428 omissum
1581 2402 1639 2428 est.

1234 2458 1416 2506 largiorem]
1445 2460 1567 2493 circuli
1590 2459 1770 2503 epitheton,
1794 2457 1879 2502 quod
1901 2455 2028 2487 omnino
2044 2465 2107 2486 me—

1159 2522 1238 2562 lius,
1272 2534 1365 2565 quam
1399 2521 1591 2553 Grotianum
1622 2522 1806 2564 lotzqior·e²²;.
1836 2516 2001 2548 Exhibent
2027 2514 2107 2547 illud

1160 2583 1371 2624 Basileensis,
1391 2581 1667 2619 Darmstattensis,
1690 2577 1971 2621 Guelferbytanus,
1986 2576 2107 2620 Hngia·

1161 2659 1233 2689 nus,
1246 2647 1463 2687 Britannicus,
1477 2642 1759 2685 Cantabrigiensis‚
1770 2646 1803 2673 et
1812 2640 1983 2682 Bongarsii
1996 2641 2105 2673 codex.

1233 2724 1320 2745 nunc
1345 2709 1438 2757 erqo]
1471 2709 1601 2743 Absunt
1624 2712 1745 2750 septem
1764 2706 1916 2753 postremi
1938 2706 1970 2739 hi
1994 2717 2102 2739 versus

1618 2768 1667 2800 52
1689 2765 1711 2791 *
