2310 2860
762 119 962 162 Martiani
998 116 1198 173 Capellae
1235 115 1308 157 lib.
1333 114 1366 156 I.
1410 117 1439 166 §.
1458 116 1529 156 51.

579 226 784 284 Bupaeda
814 224 996 268 vixdum
1028 222 1097 264 vel
1128 231 1304 278 paterna
1334 230 1600 262 contremens

576 310 807 365 Praecepta
838 306 975 356 adire,
1005 303 1049 346 ni
1078 302 1221 358 jugata
1250 300 1452 342 coelitum

581 389 723 431 Omen
751 395 951 445 pararent
980 395 1241 441 prosperum
1272 381 1481 422 consortia

578 471 839 528 Tabensque
870 469 1024 511 divum
1053 478 1169 507 nuuc
1199 471 1393 505 moneret
1423 461 1562 502 nexio.

577 550 745 595 Junone
774 551 986 594 thalamos
1017 547 1114 605 quis
1144 559 1299 602 rogare
1331 541 1497 584 conscia

257 686 425 734 Bupaeda]
452 687 595 721 Pubeda.
631 687 688 721 Sic
719 688 801 720 libro
829 698 914 719 nono
946 682 1139 728 »Phrygium

183 754 362 799 puhedam«
396 753 492 794 dixit,
517 753 563 785 uti
583 764 643 784 nos
669 752 883 784 emendamus.
919 749 1057 782 Glossae
1081 746 1140 778 Isi-

185 815 290 847 dori«:
315 814 468 855 Pubeda,
492 814 545 846 vel
572 814 715 854 Pubeta,
753 813 969 845 adolescens.«
1021 810 1142 842 Glossa

185 884 310 910 nostra:
333 878 495 919 ·›Pubeda,
510 877 639 919 juvenis
657 878 724 908 sine
746 877 859 920 puhe.«
882 875 927 907 Et
948 874 1041 906 alibi·-
1057 873 1141 905 »Pu-

184 941 278 981 beda,
303 939 459 971 adultus«
484 938 588 971 Gnor.
601 959 648 964 --
666 937 753 969 Sane
775 938 899 970 bubeda
914 935 1022 968 inveni
1038 935 1071 966 in
1090 946 1142 965 ve-

185 1000 307 1031 teribus
334 1000 524 1032 membranis
557 999 720 1043 Capellae.
751 999 869 1030 Festus
892 998 937 1042 (iu
959 995 1141 1039 bulimam):

193 1064 297 1095 ..Hinc
312 1070 372 1104 est,
389 1064 476 1107 quod
487 1063 623 1105 grandes
639 1074 758 1108 pueros
772 1062 934 1106 bupaeclas
951 1060 1143 1106 appellant«

185 1125 314 1157 Menneu.
338 1125 391 1170 (ad
413 1125 560 1166 Fulgent.
589 1137 621 1168 p.
647 1124 741 1167 103).
758 1143 804 1147 ——
834 1124 872 1155 In
893 1122 1057 1155 codicibus
1075 1121 1145 1153 Μο-

187 1187 378 1218 nat-ensibus
408 1186 600 1229 quibusdam
624 1185 683 1228 (C.
711 1190 743 1215 et
767 1184 829 1228 G.)
856 1184 974 1226 legitur
1000 1183 1148 1226 pabala,

657 1245 757 1290 Apud
783 1245 1019 1278 WValthardum
1047 1243 1148 1276 variat

186 1311 301 1352 lectio,
326 1310 483 1354 siquidem
497 1309 712 1351 Bongarsium
728 1309 846 1351 legisse
868 1309 1013 1353 bupueda
1038 1307 1148 1340 obser-

186 1248 221 1279 in
255 1246 439 1278 Basileeusi
474 1246 606 1279 bubeda.

187 1378 251 1405 vat.
288 1373 392 1404 Tanta
413 1371 594 1415 scriptionis
621 1371 788 1402 diversitas
813 1371 886 1403 iude
910 1377 978 1402 orta
1006 1381 1078 1400 esse
1104 1368 1148 1400 vi-

189 1437 303 1476 detur,
335 1434 423 1479 quod
452 1434 506 1466 alii
532 1446 660 1474 vocem,
686 1434 834 1465 Latinam
855 1439 1024 1479 putantes,
1052 1444 1070 1463 a
1094 1443 1151 1476 pu-

187 1501 229 1533 be
262 1498 460 1537 derivarent,
501 1496 574 1538 alii,
609 1496 727 1531 Graeci
756 1492 926 1538 βούπαις
951 1507 1018 1528 non
1039 1495 1153 1538 ignari,

188 1562 264 1594 hine
288 1562 432 1594 facerent
457 1561 624 1604 bupaeda,
652 1561 736 1593 sieut
759 1567 909 1593 monente
927 1560 1105 1593 Munckero
1137 1570 1155 1589 a

188 1624 306 1668 perdix
345 1624 490 1654 fecerunt
521 1622 671 1664 perdica,
714 1622 754 1653 ab
785 1623 891 1654 Arcas
924 1621 1074 1661 Arcada,
1116 1619 1155 1651 ab

190 1687 287 1719 Atlas
311 1684 462 1724 Atlanta,
498 1695 515 1714 a
540 1685 642 1726 tripns
666 1683 809 1728 tripoda,
846 1685 950 1716 omnia
970 1682 1156 1716 nominandi

194 1762 283 1789 casu,
302 1748 390 1792 quod
406 1746 564 1790 improbat
579 1745 819 1788 Quinctilianus
837 1748 885 1791 (1,
903 1749 936 1787 5,
958 1747 1017 1779 82.
1035 1760 1065 1790 p.
1084 1746 1155 1777 ‘129

192 1810 329 1858 Spald.).
357 1809 425 1843 Sed
448 1815 559 1841 noster
578 1807 619 1854 (ἓ.
644 1809 727 1841 550.
747 1809 831 1840 895.
853 1809 942 1850 924)
965 1810 1061 1839 etiam
1088 1810 1157 1843 Tri-

194 1873 307 1907 tonida
330 1872 401 1916 (pro
423 1869 577 1914 Tritonis)
602 1881 677 1901 casu
702 1875 789 1901 recto
815 1869 951 1914 scripsit.
978 1868 1094 1901 Restat
1124 1875 1160 1901 ut

196 1948 405 1981 quaeramus,
444 1947 500 1967 eur
524 1933 646 1978 Apollo
677 1935 747 1977 ipse
776 1933 838 1966 sibi
865 1935 926 1966 hoe
955 1945 1072 1965 nomeu
1101 1933 1157 1964 im-

196 2000 369 2045 posuerit?
397 1997 435 2031 Si
464 1998 541 2042 quid
566 1998 659 2029 xideo
682 1996 760 2028 lusit
789 1997 966 2030 Martianus
997 1997 1029 2028 in
1052 1996 1159 2029 verbis

197 2062 346 2095 ‚Phoebus
364 2066 399 2092 et
420 2060 582 2104 ephebus,
604 2070 702 2102 quum
720 2058 893 2090 nonnullos
918 2059 1013 2090 etiam
1038 2058 1076 2090 al)
1097 2059 1160 2090 hoe

204 2124 286 2158 illud
309 2136 426 2156 nomen
449 2123 579 2156 duxisse
608 2134 648 2154 ex
674 2121 799 2154 Isidoro
825 2121 933 2165 (etym.
957 2123 1000 2162 8,
1032 2122 1089 2161 11,
1113 2120 1161 2153 54

199 2201 232 2234 p.
248 2188 323 2222 588
341 2187 451 2231 Arev.)
476 2184 599 2231 pateat,
632 2191 665 2217 et
691 2191 778 2217 certe
810 2185 960 2217 imberbis
989 2185 1043 2217 ille
1062 2190 1159 2217 esset.

279 2249 436 2295 moneret]
457 2250 591 2283 Grotius
606 2255 765 2289 moveret5
784 2249 1005 2282 WValthardus
1020 2261 1060 2281 ex
1073 2249 1161 2280 Bon-

203 2314 299 2358 garsii
319 2314 457 2346 lectione
483 2319 516 2345 et
533 2312 665 2346 Curtius
690 2325 730 2345 ex
752 2313 812 2345 alia
834 2318 994 2352 moneret,
1019 2312 1102 2345 sieut
1129 2317 1163 2343 et

202 2378 331 2412 codices
357 2377 476 2408 habent
499 2376 780 2417 Darmstatteusis,
819 2376 1093 2409 Reichenauensis
1127 2381 1160 2407 et

205 2439 416 2473 Basileensis.
465 2438 740 2480 Cantabrigiensis
775 2439 904 2482 quidem
933 2439 1066 2483 praebet
1096 2450 1162 2470 ma-

205 2507 315 2542 neret,-
342 2501 399 2533 sed
420 2500 505 2531 haud
523 2499 638 2531 dubius
653 2500 789 2544 praetuli
810 2506 972 2541 motzeret3
999 2501 1038 2532 dc
1058 2500 1163 2532 omine

208 2565 292 2596 enim
318 2575 421 2596 sermo
447 2569 498 2595 est
526 2562 622 2607 (conf.
647 2561 675 2607 §.
698 2563 768 2606 10).

1265 675 1378 722 nexio]
1406 674 1555 709 Mai-[iani
1571 674 1734 719 popularis
1757 673 1934 718 (Arnobius
1958 676 1990 707 5.
2012 686 2042 718 p.
2064 670 2149 715 156)

1192 742 1251 773 hae
1275 752 1354 773 voce
1380 740 1490 772 utitur.
1523 739 1655 771 Priores
1683 739 1778 781 liujus
1803 738 1949 771 carminis
1967 749 2078 770 versus
2105 735 2151 768 sie

1193 801 1402 836 construendi
1420 813 1491 833 esse
1508 801 1657 833 videntur
1673 806 1768 844 atque
1784 799 1982 844 explicandi:
1999 800 2153 831 »Possem

1195 867 1282 899 adire
1304 864 1451 911 (adirem)
1473 864 1602 897 vixdum
1630 864 1776 909 bupaeda
1799 863 1850 896 vel
1876 869 2010 908 paterna
2029 867 2151 894 contre-

1197 941 1287 963 mens
1310 933 1480 973 praeeepta
1505 928 1648 972 (vixdiuu
1670 928 1773 972 pubes
1794 932 1825 959 et
1846 926 1946 972 patris
1971 926 2074 957 adhue
2091 936 2153 956 me-

1195 999 1290 1025 tuens
1319 992 1451 1035 monita)
1480 992 1597 1024 minori
1625 992 1789 1033 ambigens
1818 990 1934 1022 fiducia
1966 989 2071 1020 solum
2093 989 2155 1020 To-

1200 1062 1330 1088 nantem
1365 1055 1492 1099 (minori
1525 1055 1654 1099 quidem
1676 1055 1791 1086 fiducia
1811 1054 1929 1085 «Iovem
1954 1051 2072 1094 solum)
2099 1062 2157 1095 pro

1199 1120 1329 1152 foedere
1346 1119 1489 1162 pignoris
1506 1118 1559 1162 (de
1579 1117 1791 1149 concedendis
1810 1117 1910 1160 ipsius
1930 1116 1996 1148 filio
2014 1114 2157 1160 nuptiis),

1200 1182 1234 1214 ni
1258 1181 1410 1213 coelitum
1429 1180 1541 1222 jugata
1565 1179 1726 1211 consortia
1753 1178 1829 1223 (uisi
1849 1178 1980 1222 Jupiter
2005 1176 2160 1220 Junoque

1196 1244 1314 1289 juncti)
1354 1255 1448 1276 oulen
1481 1248 1631 1287 pararent
1660 1253 1872 1287 prosperum,
1904 1241 2082 1284 tahensque
2114 1238 2159 1270 di-

1200 1321 1275 1341 vum
1315 1307 1411 1339 nexio
1442 1307 1630 1350 (eorumque
1668 1305 1816 1336 blandior
1849 1303 2049 1347 complexus)
2078 1314 2162 1334 nune

1202 1376 1347 1404 moueret
1368 1370 1419 1414 (de
1444 1380 1599 1414 prospero
1626 1368 1821 1411 successu).u

1276 1431 1422 1478 chnovre]
1457 1433 1542 1465 Vide
1570 1444 1611 1464 an
1634 1443 1652 1463 e
1674 1431 1776 1463 tribus
1804 1430 1891 1462 hisce
1923 1429 2070 1462 versibus
2094 1440 2162 1462 ver-

1204 1495 1320 1527 borum
1339 1495 1418 1527 ordo
1437 1494 1482 1525 sie
1504 1493 1607 1537 possit
1629 1492 1773 1523 restitui:
1800 1491 1902 1534 »Quis
1927 1491 2059 1522 deorum
2076 1489 2165 1521 nolet

1205 1569 1319 1600 rogare
1344 1557 1501 1588 thalamos
1521 1555 1652 1587 Juuone
1675 1554 1820 1594 conseia,
1854 1565 1953 1598 quum
1978 1554 2089 1585 eadem
2116 1554 2164 1584 fu-

1208 1628 1279 1653 tura
1312 1620 1474 1665 pronuba,
1509 1630 1656 1663 quaeque
1681 1618 1728 1662 (et
1755 1629 1791 1649 ea
1820 1617 1862 1648 sit
1889 1617 1992 1660 quae)
2021 1617 2165 1661 profecto

1209 1684 1461 1726 suffragabitur.«
1494 1682 1580 1715 Vide
1597 1682 1690 1713 etiam
1713 1681 1809 1725 paulo
1832 1685 1906 1724 post
1932 1679 1974 1724 (§.
1988 1679 2066 1723 54)2
2092 1691 2165 1711 »nu-

1862 1743 1949 1776 Satis
1975 1743 2060 1774 enim
2092 1749 2167 1775 nota

1207 1811 1297 1843 June
1313 1809 1466 1841 Pronuba
1488 1814 1537 1840 est
1562 1807 1614 1839 vel
1638 1819 1656 1839 e
1676 1808 1780 1852 poetis
1803 1807 1906 1850 (Virg.
1923 1805 2006 1837 Aen.
2021 1807 2057 1847 4,
2085 1807 2167 1839 166.

1209 1871 1306 1904 ovid.
1330 1871 1397 1902 lier.
1415 1870 1457 1910 2,
1481 1870 1514 1900 4.
1547 1869 1589 1909 4,
1614 1870 1695 1900 158.
1729 1870 1764 1908 G,
1789 1869 1848 1900 45.
1884 1867 2052 1900 claudian.
2077 1867 2167 1912 epist.

1210 1934 1246 1974 2,
1266 1931 1338 1975 54),
1367 1943 1384 1963 e
1406 1936 1517 1962 nostro
1546 1928 1588 1974 (§.
1612 1930 1693 1962 705.
1716 1929 1803 1972 905)
1826 1934 1858 1962 et
1875 1940 1893 1961 e
1911 1928 2086 1962 Plutarcho
2102 1928 2167 1973 (qu.

1211 1997 1304 2029 Rom.
1330 2007 1360 2038 p.
1384 1993 1480 2036 ⁶264).

1286 2054 1426 2100 conscia]
1454 2055 1681 2087 Consentanea
1699 2059 1731 2085 et
1748 2054 1883 2086 favente.
1898 2054 2000 2087 va.
2013 2071 2059 2077 —-
2077 2051 2167 2084 Hau-

1213 2119 1294 2151 sisse
1310 2117 1403 2150 Mart.
1422 2117 1482 2148 hoe
1502 2116 1628 2147 videtur
1651 2116 1702 2147 vel
1724 2128 1764 2147 ex
1776 2115 1885 2147 Ovidii
1909 2115 1988 2158 (her.
2006 2113 2063 2154 12,
2088 2114 2168 2156 87)=

1269 2181 1424 2214 „Conscia
1441 2181 1483 2210 sic
1502 2180 1606 2218 Juno,
1627 2180 1728 2211 sacris
1747 2177 1912 2222 praefecta
1935 2178 2098 2217 maritis«,-

1212 2243 1264 2277 vel
1283 2254 1300 2274 e
1322 2241 1467 2275 Maronis
1487 2239 1583 2284 (Aen.
1601 2241 1634 2279 4,
1665 2238 1767 2282 116):

1263 2326 1309 2332 ...-
1326 2325 1374 2330 --
1390 2310 1438 2336 »εἰ
1460 2305 1605 2336 conscius
1630 2303 1741 2334 aether
1760 2303 1956 2334 connubii‘sm

1207 1749 1282 1792 ptiis
1304 1748 1393 1779 Juno
1418 1758 1483 1778 non
1507 1745 1602 1776 solita
1633 1744 1812 1786 refragat-L«

1281 2364 1419 2412 jugalis]
1447 2365 1525 2396 Alio
1553 2364 1680 2408 quidem
1713 2363 1785 2394 loeo
1814 2362 1855 2408 (ξ.
1882 2364 1945 2406 22)
1977 2368 2087 2395 noster
2111 2364 2169 2395 hae

1211 2440 1289 2464 voce
1322 2427 1508 2471 simpliciter
1531 2425 1699 2467 conjugem
1725 2424 1903 2464 intellexit,
1938 2426 1999 2456 hoc
2035 2436 2112 2456 vero
2137 2429 2169 2455 et

1215 2492 1345 2526 inst-:ius
1374 2491 1414 2536 (ἓ.
1444 2492 1507 2534 59)
1538 2501 1607 2520 eam
1636 2488 1836 2520 eminentiori
1867 2499 1964 2520 sensu
1992 2487 2169 2532 usurpavit.

1215 2556 1387 2601 Serviique
1421 2554 1589 2588 verborum
1620 2564 1741 2585 memor
1776 2552 1853 2593 fuit,
1885 2553 1939 2596 qui
1967 2552 2006 2585 ad
2030 2550 2115 2585 Aen.
2135 2551 2169 2583 4.
