2310 2860
693 206 891 249 Martiani
930 205 1130 263 Capellae-
1170 206 1319 249 lib.11.
1356 208 1389 260 ᾗ.
1416 206 1517 250 142.

2002 212 2086 253 ’195

119 316 403 361 simulacrum
434 316 534 372 Syri
563 314 788 371 eujusdam
819 313 1016 370 dogmate
1046 313 1305 368 verberarit,
1347 329 1427 357 nec
1460 314 1582 357 Phasi
1612 317 1720 360 senis
1750 318 1836 360 ritu
1858 317 2083 361 Charontis

117 450 301 496 nequirent,
327 450 414 482 varia
439 449 678 492 excogitarunt,
706 454 742 481 ut
768 447 976 480 similitudine
1003 459 1080 492 qua-

117 513 190 545 dam
224 512 277 545 vel
307 513 399 556 signo
432 513 539 557 aliquo
570 512 678 544 locum
701 511 814 543 saltem
841 510 1078 552 describerent,

118 576 173 609 ubi
201 577 310 610 sedem
353 577 475 619 fixerit,
510 589 574 622 quo
604 576 719 609 melius
750 580 869 609 arctam
900 575 970 618 ejus
1007 586 1081 607 cum

118 653 253 686 corpore
274 642 534 685 conjunctionem
561 641 784 687 explicarent«
832 640 920 674 Hine
948 639 1078 684 quidam

119 717 237 750 eorpus
262 706 384 739 animae
405 719 477 739 esse
501 707 722 738 indumentum
742 701 884 750 (Maxim.
905 704 1022 749 Tyrius
1046 705 1080 745 1,

117 769 153 808 5,
172 768 195 801 4
214 774 246 801 et
268 770 289 801 5
306 782 336 813 p.
352 769 435 801 259.
459 769 533 801 240
554 767 690 813 Reisk.)‚
711 768 778 800 sive
796 773 918 800 vestem
937 767 1078 811 (Lucrct.

119 831 159 870 2,
198 831 309 874 615),
345 831 412 863 sive
442 830 658 863 velamentum
686 829 817 875 (Senec.
843 829 876 861 in
907 829 999 873 epist.
1021 829 1079 861 92.

118 904 149 936 p.
159 893 231 924 583
246 893 350 938 Lips.)
368 893 525 925 dixerunt.
544 894 638 925 Plato
656 893 702 938 (in
714 893 801 926 Crat.
820 905 850 937 p.
864 893 938 924 400
953 891 1080 936 Steph.)

118 958 151 989 in
171 970 306 1003 corpore
332 959 423 1003 quasi
446 960 479 991 in
497 959 637 992 elaustro
659 959 746 991 illam
768 959 940 1000 inclusam,
966 957 1079 990 etalio

118 1022 340 1067 10c0(P1·aed.
362 1036 392 1066 p.
407 1022 468 1066 82)
490 1035 605 1067 corpus
630 1024 700 1066 ejus
721 1035 880 1056 carcerem
895 1035 967 1054 esse
989 1022 1080 1061 dixit,

117 1082 151 1115 id
179 1084 265 1128 quod
291 1085 406 1116 Cicero
434 1085 496 1128 (ap.
520 1085 662 1116 Maerob.
689 1085 723 1116 in
749 1097 850 1117 somn.
874 1084 930 1117 Se.
957 1086 995 1125 1,
1020 1081 1079 1125 10)

119 1154 150 1180 et
171 1149 310 1181 Hermes
334 1149 380 1192 (in
405 1147 496 1180 Stob.
513 1148 570 1180 cel.
591 1150 623 1190 1,
652 1150 710 1189 52,
735 1149 784 1181 45
803 1161 835 1193 Ρ.
854 1150 949 1181 1005
966 1148 1079 1192 lIeer.)

119 1217 277 1258 repetunt.
305 1211 469 1244 Chaldaea
493 1212 621 1243 oracula
639 1212 756 1256 (295),
775 1211 963 1245 Antoninus
981 1212 1079 1255 impe—

120 1280 207 1306 rator
230 1274 304 1318 (11,
325 1276 375 1307 58
395 1273 429 1317 s.)
447 1279 480 1305 ct
498 1274 614 1306 Cicero
638 1273 684 1318 (in
706 1273 804 1304 Tuse.
825 1276 865 1312 1,
889 1275 938 1303 22
960 1274 994 1315 s.)
1014 1270 1079 1302 ani-

122 1349 191 1368 mae
222 1348 338 1380 corpus
371 1335 535 1379 appellant
559 1347 636 1377 vas3
674 1334 801 1366 Seneca
831 1333 926 1365 animi
952 1332 1080 1377 pondus

123 1406 155 1433 et
187 1411 324 1445 poenam
353 1398 466 1442 (epist.
498 1399 546 1429 65
576 1410 607 1442 p.
624 1398 698 1429 434
723 1397 833 1441 Lips.)
857 1402 890 1428 et
918 1397 1080 1429 vinculum'

121 1463 259 1510 (consol.
286 1465 343 1496 11.
371 1475 402 1506 p.
428 1462 475 1494 82
501 1460 604 1505 Lips.)
633 1473 704 1493 cum
733 1460 892 1494 Cicerone
918 1460 1027 1505 (divin.
1047 1461 1079 1501 1,

121 1528 205 1573 49),
233 1540 291 1560 nec
318 1527 446 1558 domum
472 1537 545 1557 esse
572 1526 633 1557 lnoc
657 1537 792 1569 corpus,
823 1525 880 1556 scd
906 1523 1080 1568 hospitium

121 1590 251 1636 (Senec.
266 1589 358 1633 epist.
383 1588 464 1620 120.
485 1599 515 1633 p.
533 1585 630 1630 664).
661 1586 814 1618 Ceterum
837 1597 904 1618 non
923 1591 988 1617 tam
1010 1597 1080 1617 eor-

121 1664 183 1698 pus
216 1652 248 1686 ln.
280 1651 301 1685 l.
333 1650 456 1682 animae
497 1648 701 1681 simulacrum
732 1647 886 1692 appellari
925 1647 1080 1687 arbitror,

123 1714 180 1748 sed
203 1714 291 1762 quod
314 1714 476 1745 Homerus
498 1711 672 1756 appellavit
690 1709 880 1754 εἷὸωλον,,
906 1709 993 1753 quod
1012 1720 1079 1741 cre-

122 1785 208 1812 mato
232 1790 367 1823 corpore
388 1777 428 1808 ad
450 1777 571 1808 inferos
593 1775 768 1808 descendat
788 1774 923 1819 (odyss.
947 1773 981 1809 λ.
1006 1774 1079 1806 205

126 1848 159 1876 ct
180 1843 276 1882 4753
302 1840 394 1873 Iliad.
412 1847 458 1880 ψ,
479 1839 525 1870 72
549 1844 581 1871 ct
615 1837 717 1882 104);
745 1837 778 1869 id
806 1838 893 1882 quod
912 1849 1000 1869 more
1021 1848 1080 1868 suo

124 1904 207 1937 ridet
234 1903 397 1936 Lueianus
428 1902 482 1947 (in
515 1901 588 1933 dial.
621 1906 715 1933 mort.
748 1901 805 1932 16.
829 1912 859 1943 p.
884 1900 952 1932 191
986 1896 1082 1944 Bip.)

124 1966 284 2000 Hercules
305 1965 508 1997 simulacrum
531 1963 698 1995 inducens.
723 1961 876 2007 Optimus
902 1962 998 2004 hujus
1014 1961 1082 2005 pla-

124 2030 179 2064 citi
195 2029 353 2073 interpres
376 2027 509 2060 Servius
531 2025 606 2066 erit,
637 2025 692 2070 qui
712 2024 864 2057 Martiani
884 2023 1082 2069 temporibus

123 2096 157 2128 in
180 2093 322 2127 omnium
348 2092 494 2124 manibus
519 2097 587 2123 erat
611 2090 666 2136 (ad
687 2089 772 2122 Aen.
787 2090 824 2131 4,
853 2089 959 2132 654);
991 2088 1081 2121 »Tri-

124 2158 185 2190 bus
208 2161 408 2190 constamus:
438 2156 569 2193 anima,
599 2165 681 2198 quae
702 2164 840 2197 superna
865 2157 931 2192 est,
964 2156 996 2183 et
1020 2151 1081 2182 ori—

126 2220 230 2262 ginem
252 2230 343 2250 suam
362 2217 455 2262 petit,
478 2228 621 2260 corpore,
648 2215 734 2260 quod
755 2215 788 2246 in
810 2220 928 2246 terram
951 2213 1083 2255 defecit3

126 2283 238 2314 umbra
246 2305 258 2321 ,
289 2293 384 2325 quam
412 2279 582 2312 Lueretius
604 2278 649 2310 sic
672 2277 797 2310 definit:
827 2289 943 2322 »supra
965 2276 1082 2321 spolia-

127 2350 179 2376 tus
201 2343 319 2376 lumine
345 2348 426 2376 aen«
459 2342 549 2384 Ergo
578 2341 688 2373 umbra
714 2341 742 2372 si
770 2353 810 2372 ex
837 2352 971 2385 corpore
995 2351 1081 2372 crea-

128 2414 189 2450 tur,
213 2409 280 2440 sine
304 2407 401 2439 dubio
419 2407 502 2451 perit
520 2419 590 2439 cum
616 2419 665 2447 eo,
686 2418 746 2438 nee
767 2411 817 2437 est
836 2406 1010 2450 quidquam
1030 2416 1080 2436 re-

129 2473 251 2519 liquum
272 2484 313 2504 ex
337 2471 482 2512 homine,
511 2472 598 2516 quod
621 2471 740 2504 inferos
761 2477 857 2516 petat.
884 2471 953 2505 Sed
971 2471 1083 2515 depre-

130 2537 309 2570 henderunt
335 2548 406 2568 csse
426 2536 586 2579 quoddam
608 2537 829 2577 simulacrum,
853 2537 941 2581 quod
962 2537 1001 2568 ad
1025 2547 1082 2568 no-

130 2601 188 2633 stri
217 2600 357 2643 eorporis
388 2599 522 2640 effigiem
554 2599 664 2631 fictum
694 2599 815 2631 inferos
841 2605 938 2644 petat.
960 2618 1006 2622 —
1039 2598 1084 2630 Et

131 2663 293 2697 sciendum
323 2662 496 2695 simulacra
528 2672 598 2694 esse
630 2662 709 2696 llaec
741 2661 834 2695 etiam
865 2674 989 2704 eorum,
1030 2660 1084 2706 qui

1129 461 1189 494 per
1214 450 1402 494 apotheosin
1432 449 1480 481 dii
1505 449 1588 494 facti
1617 457 1720 484 sunt«
1760 451 1805 483 Ut
1830 452 1915 496 apud
1937 456 2082 485 nostrum

1130 511 1228 554 igitur
1258 512 1451 555 philologia.
1486 512 1627 545 Videtur
1660 519 1765 545 autem
1803 526 1861 546 sua
1897 513 2030 547 Servius
2063 525 2081 546 e

1131 574 1367 609 Chaldaeorum
1381 576 1519 621 placitis,
1541 589 1622 621 quae
1647 582 1679 608 et
1703 577 1876 609 Zoroastro
1897 577 2080 609 adscribun—

1130 645 1202 682 tur,
1236 640 1405 683 hausisse3
1439 640 1472 672 in
1500 641 1615 685 quibus
1639 640 1799 676 εἴδωλον
1825 642 1942 673 Pletho
1977 639 2081 684 (apud

1132 702 1302 735 Gallaeum
1341 703 1376 736 in
1410 702 1585 748 appendice
1614 715 1686 748 pag.
1718 704 1784 747 87)
1817 703 1956 748 explieat
1993 713 2082 735 neam

1130 766 1253 798 animae
1283 772 1425 811 partem,
1467 778 1549 810 quac
1576 778 1673 810 quum
1698 766 1790 797 bruta
1818 766 1857 797 sil
1886 771 1918 797 et
1948 764 2081 796 rationis

1129 843 1266 876 expers,
1303 844 1376 864 cum
1406 836 1496 876 parte
1532 831 1680 862 rationali
1711 830 1881 872 conjuncta
1915 830 1954 861 ab
1979 829 2082 874 ipsius

1128 896 1273 928 vehiculo
1296 896 1456 940 dependat
1474 914 1521 919 --
1543 908 1647 939 neque
1673 907 1812 938 unquam
1838 895 1998 938 deponere
2018 892 2082 925 ani-

1129 971 1213 990 mam
1237 970 1328 990 suum
1356 959 1418 990 sibi
1443 958 1626 1001 adjunctum
1651 957 1857 989 xelniculum.·
1891 956 1946 987 Ad
1966 957 2083 987 Roma-

1130 1033 1190 1053 nos
1217 1027 1330 1066 poetas
1365 1021 1480 1053 deinde
1508 1020 1674 1052 transiisse
1709 1020 1789 1051 illud
1821 1019 1942 1051 animae
1967 1030 2084 1051 nomen

1131 1083 1269 1116 Oxidius
1287 1083 1392 1124 docet,
1417 1083 1473 1128 qui
1495 1083 1581 1127 (met.
1602 1084 1659 1123 10,
1687 1081 1747 1125 14)
1769 1081 1936 1126 Orpheum
1952 1081 2083 1112 descen-

1130 1147 1216 1179 disse
1240 1147 1326 1179 canit

1187 1210 1337 1256 »Perque
1364 1209 1451 1240 leues
1476 1208 1611 1251 populos
1642 1207 1874 1250 simulacraque
1896 1207 2012 1251 funeta
2038 1219 2083 1239 se-

1529 1272 1677 1314 pulcris.«

1129 1334 1325 1367 Praesertim
1352 1346 1393 1365 ex
1413 1334 1574 1378 Epicurea
1598 1334 1708 1366 schola
1728 1334 1873 1367 Lucretii
1893 1335 1955 1367 hos
1975 1347 2085 1367 versus

1134 1400 1166 1440 1,
1198 1398 1282 1442 121)
1309 1398 1503 1440 subjungere
1523 1399 1634 1440 juvat:

1188 1460 1251 1492 „Et
1274 1461 1305 1492 si
1332 1466 1501 1503 praeterea
1526 1466 1634 1492 tamen
1656 1472 1724 1491 esse
1741 1460 1922 1492 Acherusia
1947 1460 2063 1504 templa

1180 1522 1311 1553 Enm'us
1334 1523 1475 1554 aeternis
1503 1523 1635 1565 exponit
1657 1522 1802 1552 versibus
1823 1522 1938 1553 edens:

1184 1584 1257 1628 sz
1290 1596 1395 1631 neque
1422 1590 1613 1627 pemmnent
1646 1585 1794 1623 animae,
1824 1595 1928 1631 neque
1955 1595 2087 1627 corpora

1530 1651 1662 1685 nostra,-

1181 1706 1249 1741 Sed
1260 1707 1418 1752 quaedam
1430 1706 1599 1739 simulacra
1613 1706 1714 1738 modis
1727 1707 1883 1750 pallentia
1898 1708 2015 1747 miris«,
2027 1714 2085 1739 cet.

1131 1771 1332 1817 Porphyrius
1364 1772 1411 1816 (in
1443 1771 1539 1805 stol».
1563 1771 1646 1814 elog.
1672 1772 1709 1812 1,
1743 1771 1809 1812 52,
1843 1772 1903 1803 46.
1931 1784 1962 1816 p.
1981 1772 2088 1805 1015.

1135 1838 1243 1870 1055.
1273 1837 1380 1869 1041.
1406 1835 1520 1881 Heer.)
1541 1836 1719 1868 Homerum
1739 1841 1868 1868 sce..tns
1889 1847 1926 1867 ea
1949 1836 2087 1881 appella-

1132 1899 1179 1932 vit
1207 1900 1394 1932 »simulacra
1422 1899 1487 1931 vita
1519 1898 1685 1930 carentiam
1733 1898 1876 1929 Homero
1901 1897 1985 1930 euim
2012 1904 2088 1930 sunt

1139 1970 1219 2004 οψυ
1220 1961 1297 2008 χαὶ
1319 1961 1458 1997 εἴδωλα
1482 1958 1722 2006 καμόντων.»

1207 2026 1284 2070 Syri
1304 2024 1484 2072 enjusdam]
1510 2026 1729 2070 Pherecydem
1750 2025 1865 2067 innuit,
1888 2025 1944 2069 qui
1965 2025 2086 2058 animae

1132 2090 1403 2123 immortalitatem
1421 2091 1582 2122 docuerat.
1597 2089 1700 2122 Guo'r.
1717 2108 1768 2113 ——-
1788 2089 1840 2122 Ac
1863 2095 1948 2122 certe
1964 2089 2085 2122 Phere-

1133 2153 1229 2198 cydes
1256 2153 1311 2185 ille
1334 2159 1418 2194 erat,
1448 2153 1540 2195 cujus
1566 2152 1778 2184 meminerunt
1803 2151 2024 2196 Apollodorus
2054 2157 2086 2183 et

1132 2217 1251 2250 Strabo
1269 2218 1342 2262 (10.
1357 2230 1389 2262 p.
1404 2217 1478 2249 487
1495 2215 1586 2259 Cas.)
1599 2216 1675 2248 item
1686 2216 1801 2249 Cicero
1812 2216 1923 2260 (Tuse.
1939 2217 1972 2257 1,
1991 2216 2036 2247 16
2049 2214 2083 2258 f.)

1131 2286 1165 2311 et
1181 2279 1366 2324 Appulcjus
1384 2279 1465 2324 (flor.
1479 2279 1515 2320 2,
1540 2280 1595 2310 15.
1614 2291 1643 2322 p.
1666 2280 1713 2310 57
1733 2278 1849 2322 Qut),
1879 2278 1935 2322 qui
1957 2289 2028 2309 eum
2043 2287 2084 2308 ex

1130 2344 1236 2376 insula
1253 2343 1337 2388 Syro
1350 2343 1520 2375 oriundum
1531 2342 1631 2375 fuisse
1649 2342 1785 2387 scripsit.
1799 2341 2084 2376 Verumenimvero

1131 2405 1308 2440 Martianus
1337 2406 1453 2448 dogma
1484 2405 1524 2437 de
1549 2405 1671 2437 animae
1703 2405 1938 2436 immortalitate
1972 2403 2025 2435 hic
2048 2403 2082 2435 in

1132 2473 1238 2502 mente
1274 2468 1391 2500 habere
1427 2479 1492 2500 non
1517 2467 1640 2511 potuit,
1681 2465 1938 2512 quandoquidem
1976 2465 2016 2498 de
2041 2465 2081 2497 iia

1133 2537 1256 2564 tantum
1282 2542 1364 2574 quae
1388 2529 1540 2575 patienda
1561 2529 1625 2560 sint
1648 2528 1809 2560 animabus
1830 2526 1967 2559 disserit.
1999 2527 2082 2560 Gro-

1134 2593 1198 2625 tius
1221 2598 1386 2637 praeterca
1408 2603 1568 2636 perpauca
1601 2590 1640 2622 de
1664 2588 1851 2632 Pherecydc
1877 2588 2005 2631 cognita
2027 2590 2080 2621 ha-

1135 2657 1244 2690 huis-se
1266 2656 1409 2698 videtur,
1434 2656 1468 2690 id
1489 2654 1576 2700 quod
1592 2653 1776 2696 neutiquam
1799 2653 1963 2695 miramur,
1986 2665 2082 2698 quum

1599 2717 1646 2749 οὔ»
1669 2714 1691 2741 :3

1599 2738 1632 2748 au.-
