2310 2860
1044 731 1221 785 VIRO

558 864 1080 915 ILLUSTRISSIMO,
1126 861 1700 912 SPLENDIDISSIMO,

979 983 1265 1018 AMPLISSIMO
1273 1005 1283 1024 ,

153 1106 251 1200 a
280 1108 362 1201 Ε,
386 1109 475 1201 ΕΞ
498 1107 602 1201 ΕΞ
626 1106 723 1200 Ε..
745 1109 845 1200 ΕΞ
868 1106 964 1201 ΞΕ
990 1107 1093 1201 ΕΞ
1121 1108 1219 1201 ΕΞ
1450 1105 1547 1199 ὦ

263 1266 373 1291 MAGNI
399 1267 498 1292 DUCIS
526 1267 691 1293 BADARUM
717 1266 935 1292 CONSILIARIO
961 1267 1100 1295 INTmo,
1128 1266 1337 1292 PROVINCLOE
1364 1265 1550 1291 RHENANAE
1580 1265 1758 1291 INFERIORI
1781 1255 2004 1294 PRAEFECTO,

678 1470 925 1506 -GAROLUS
951 1471 1275 1506 FRIDERICUS
1302 1470 1584 1515 HERJIANN,

889 1556 1095 1581 PROFESSOR
1113 1556 1382 1581 MARBURGENSIS.

834 1652 1429 1676 »affl—*Q

323 1793 450 1887 En
480 1844 589 1887 redit
614 1844 667 1886 ad
689 1844 754 1886 Te
777 1840 980 1884 heredem
1007 1841 1139 1882 soceri
1159 1841 1267 1893 Tui,
1303 1842 1383 1883 viri
1408 1842 1680 1895 immortalis,
1712 1852 1955 1886 extremum
1985 1859 2104 1901 opus,

158 1927 274 1983 quod
310 1929 432 1969 illum
475 1928 695 1968 absolvere
740 1925 831 1966 dira
869 1922 1089 1964 necessitas
1134 1938 1218 1964 non
1257 1933 1316 1964 est
1354 1938 1495 1979 passa,
1547 1925 1618 1965 Tu
1661 1934 1802 1966 tamen
1842 1941 1919 1981 pro
1957 1926 2105 1982 insigni

155 2007 256 2050 Tua
292 2008 443 2064 pietate
482 2017 521 2048 et
559 2005 844 2048 munificentia
881 2003 1079 2045 affectum
1118 2005 1254 2058 jacere
1289 2006 1481 2056 noluisti,
1525 2021 1577 2046 ne
1610 2006 1712 2060 quid
1744 2009 2009 2049 monumenti
2038 2010 2104 2050 in-

157 2090 318 2141 teriret,
378 2088 496 2144 quod.
542 2088 611 2128 ille
655 2087 723 2129 vel
765 2086 922 2128 debere
960 2101 1004 2126 se
1051 2086 1278 2141 posteritati
1322 2087 1618 2138 existimasset,
1677 2088 1745 2129 vel
1796 2098 1958 2143 gratam
2001 2091 2102 2132 olim

155 2170 437 2224 posteritatem
461 2168 540 2208 sibi
564 2177 787 2223 acceptum
817 2166 977 2208 referre
1008 2166 1215 2209 voluisset.
1274 2169 1485 2219 Quamvis
1517 2170 1630 2209 enim
1661 2168 1827 2210 dudum
1854 2170 2103 2225 praeclaris-

154 2250 268 2291 simis
302 2249 418 2290 libris
449 2247 566 2289 editis
594 2262 679 2288 non
711 2247 838 2288 modo
872 2247 1120 2302 aequalibus
1144 2264 1298 2291 nomen
1324 2264 1450 2291 suum
1474 2250 1686 2306 insigniter
1714 2250 2100 2300 commendaverat,

157 2344 309 2371 verum
345 2329 468 2370 etiam
502 2329 642 2369 famae
675 2329 904 2369 aeternitati
935 2328 1104 2369 abunde
1137 2332 1426 2382 consuluerat,
1464 2331 1552 2386 ipse
1582 2340 1725 2371 tamen
1747 2330 1826 2370 sibi
1847 2331 2095 2385 neutiquam

153 2411 396 2452 satisfecisse
429 2409 674 2461 videbatur,
727 2409 803 2450 nisi
837 2410 1096 2451 Martianum
1134 2411 1351 2467 Capellam
1387 2411 1509 2466 quasi
1546 2411 1801 2466 postliminio
1837 2410 1880 2450 in
1913 2409 2097 2465 philolo-

156 2505 308 2546 gorum
331 2505 484 2535 manus
513 2491 770 2545 reduxisset,
801 2492 922 2548 eujus
947 2492 1226 2549 multiplicem
1256 2492 1606 2548 reconditamque
1628 2492 1861 2533 doctrinam
1887 2504 2023 2545 quum
2055 2490 2095 2530 in

1688 2573 1705 2605 1
