2310 2860
678 149 874 193 Martiani
906 149 1103 208 Capellae
1134 150 1205 195 lib.
1232 152 1305 195 VI.
1338 156 1366 206 ᾗ.
1390 153 1490 196 629.
1996 160 2083 201 :517

141 258 213 310 qui
251 265 343 297 tum
381 255 610 313 Hispaniae
647 257 852 298 limitatur
891 257 1152 299 excursibus.
1220 257 1269 299 In
1304 260 1394 313 ejus
1429 273 1604 316 quoque
1648 261 1828 305 confinio
1873 277 2083 317 equarum

139 334 274 376 fetura
318 338 450 377 ventis
493 337 786 378 maritantibus
819 338 1027 389 inolescit,
1074 338 1269 380 volucres
1310 340 1418 395 proli
1449 356 1620 393 cursu5‚
1663 345 1752 399 ipso
1783 344 1966 400 spirante
1999 345 2083 387 Fa-

137 419 276 456 vonio.
336 417 502 458 Verum
534 417 701 458 Baetica
732 426 901 458 cunctas
935 418 1124 459 ubertate
1148 418 1413 462 fecunditatis
1438 423 1675 477 provincias
1710 426 1940 478 antevenit3
1971 439 2083 479 quae
2112 425 2203 467 650

135 496 310 550 quidem
351 498 479 539 habet
508 498 708 552 juridicos
740 506 973 539 conventus
1002 496 1128 547 duos,
1169 497 1429 539 Gaditanum
1460 509 1499 541 ct
1532 500 1877 555 cordubensem,
1923 506 2077 560 oppida

132 587 303 619 centum
343 579 605 634 septuaginta
646 579 863 633 quinque,
922 577 1202 619 habitantium
1243 580 1518 621 multitudine
1563 582 1846 637 frequentata.

131 672 232 698 vero
265 659 532 715 longitudinis
563 660 826 701 dimensione
857 658 1106 700 distenditur
1137 674 1160 700 a
1191 658 1427 701 Castulonis
1458 661 1600 717 oppidi
1629 662 1710 703 line
1744 665 1785 704 in
1817 665 2074 706 Gaditanum

127 738 353 792 oppidum,
385 740 573 782 ducentis
608 741 917 796 quinquaginta
947 740 1134 781 millibus
1172 742 1354 797 amplior
1387 743 1653 795 aestimatur,
1695 744 1870 785 latitudo
1903 759 2076 799 quoque

1917 586 2080 627 Eadem
2114 585 2198 628 651

126 818 166 857 in
200 818 381 862 ducenta
423 823 565 877 viginti
601 832 787 877 quatuor
824 822 956 863 millia
997 822 1196 863 excurrit.
1253 822 1308 862 At
1337 822 1537 864 universa
1566 824 1788 879 provincia
1817 825 1944 866 habet
1975 841 2075 866 con·
2104 823 2193 866 652

125 907 274 939 ventus
316 910 498 955 septem,

557 901 956 957 Carthaginensem,
1010 903 1398 953 Tarraconensem,
1453 902 1910 959 caesaraugustanam,

1969 904 2072 945 Clu-

120 976 329 1030 niensem,
387 981 615 1031 Asturum,
675 982 936 1032 Lucensem,
1000 982 1256 1035 Bracarum3
1327 984 1512 1025 civitates
1562 999 1665 1026 vero
1705 994 1872 1041 praeter
1916 986 2072 1027 insulas

188 1129 360 1176 equarum]
394 1131 497 1163 Varro
532 1132 590 1175 (de
621 1143 655 1163 re
692 1133 819 1165 rustica.
849 1134 889 1173 2,
927 1135 964 1173 1,
1006 1135 1069 1174 193
1530 1135 1674 1168 GENIO

113 1190 233 1234 p.265
261 1191 391 1235 Gesu.):
426 1193 480 1224 »In
512 1193 615 1224 fetura
646 1205 698 1225 res
728 1194 923 1227 incredibilis
955 1200 1005 1226 est
1035 1195 1069 1226 in
1477 1197 1699 1231 CONVENT

113 1252 285 1297 Hispania,
328 1256 384 1287 sed
419 1262 469 1287 est
506 1268 596 1297 vera,
638 1257 726 1301 quod
761 1258 794 1289 in
827 1258 994 1289 Lusitania
1028 1258 1069 1290 ad
1420 1259 1770 1294 ASTURICENSIS.

113 1315 280 1348 Oceanum
296 1318 329 1349 in
349 1330 385 1350 ca
407 1319 553 1360 regione,
575 1319 629 1350 ubi
650 1325 699 1351 est
717 1319 870 1364 oppidum
894 1319 1066 1364 Olysippo,

111 1386 218 1412 monte
243 1381 366 1423 Tagro,
404 1382 558 1425 quaedam
587 1394 604 1413 e
631 1387 726 1413 vento
756 1382 941 1425 concipiunt
978 1389 1064 1414 certo

108 1446 251 1485 tempore
274 1455 375 1486 equae
396 1462 442 1467 —-
462 1444 519 1474 sed
545 1455 586 1474 ex
612 1443 662 1474 his
688 1442 779 1486 cquis
804 1443 859 1486 qui
886 1443 951 1474 nati
972 1444 1063 1487 pulli,

108 1516 172 1536 non
189 1505 262 1549 plus
287 1506 458 1538 triennium
477 1507 611 1538 vivunt«
646 1506 740 1538 Unde
763 1505 865 1538 Silius
885 1507 938 1549 (5,
960 1507 1062 1549 579):

163 1567 246 1599 ‚Hie
259 1568 350 1606 adeo,
369 1580 468 1615 quum
486 1580 543 1600 ver
558 1569 719 1611 placidum
733 1568 899 1614 flatusque
919 1570 1062 1611 tepescit,

156 1627 352 1661 Concubitus
367 1641 502 1661 servans
525 1632 638 1662 tacitos
654 1641 736 1673 qrex
753 1635 878 1672 perstat
891 1641 1061 1676 equarum,

154 1690 197 1721 Et
221 1691 379 1722 Venerem
406 1692 560 1723 occultam
577 1692 714 1735 qenitali
737 1692 874 1733 percipit
887 1703 998 1722 auram

102 1750 192 1782 Idem
212 1752 368 1794 Virgilius
392 1753 514 1796 (georg.
532 1754 572 1792 5,
596 1752 682 1794 275)
706 1751 877 1795 Bithyniae
904 1752 976 1785 loco
1004 1751 1057 1784 tri-

103 1812 187 1852 buit,
212 1813 265 1845 ubi
285 1814 357 1845 vide
380 1814 553 1856 lleynium.
580 1812 677 1844 Adde
697 1813 911 1845 Columellam
923 1814 976 1857 (6,
996 1814 1056 1859 27,

103 1876 155 1918 4),
182 1876 323 1907 Plinium
346 1876 399 1920 (4,
423 1878 471 1908 55
500 1882 531 1907 et
560 1878 598 1916 8,
633 1876 710 1918 (37),
740 1875 890 1908 Solinum
913 1877 954 1919 (c.
977 1876 1054 1918 25),

103 1938 287 1982 Oppianum
307 1940 429 1983 (cyneg.
444 1941 479 1979 5,
504 1938 609 1982 556),
631 1939 796 1970 Justinum
820 1939 898 1982 (44,
919 1939 972 1981 5),
999 1939 1054 1982 qui

98 2006 204 2032 tamen
230 2001 368 2032 fabulam
390 2012 461 2032 csse
485 2001 528 2031 ait
549 2012 606 2031 »ex
625 2011 778 2043 equarum
805 2000 996 2031 fecunditate
1021 2006 1054 2031 et

98 2074 229 2104 gregum
258 2062 462 2094 multitudine
487 2068 609 2102 natam,
645 2061 700 2105 qui
723 2061 802 2092 tanti
827 2061 860 2092 in
887 2061 1051 2094 Gallaecia

97 2130 129 2157 et
150 2124 317 2156 Lusitania
339 2130 371 2156 et
395 2130 458 2155 tam
485 2124 631 2168 pernices
656 2122 817 2162 visantur,
847 2128 965 2156 utnon
991 2124 1048 2156 im-

95 2188 208 2221 merito
231 2194 326 2220 vento
348 2189 419 2232 ipso
443 2188 589 2231 concepti
614 2188 806 2219 rideamne«

168 2248 323 2293 Baetica]
356 2250 476 2283 Confer
507 2250 652 2294 inprimis
685 2249 877 2282 Strabonem
906 2252 950 2296 (p.
974 2250 1045 2282 142

96 2324 186 2357 sequ.
214 2312 375 2355 casaub).

167 2372 360 2418 conventus]
387 2374 428 2406 V.
448 2374 598 2406 Plinium.
636 2375 686 2406 Dc
712 2380 870 2407 conventu
892 2374 1044 2407 Tarraco-

92 2437 184 2470 nensi
213 2443 317 2469 exstat
348 2439 426 2469 hace
459 2437 638 2480 inscriptio:
673 2439 736 2471 »BL
752 2438 912 2470 ACILIO
945 2438 987 2482 Q.
1006 2439 1043 2470 F.

92 2499 134 2541 Q.
152 2499 256 2531 VED.
280 2497 543 2531 PROCURAT.
563 2497 815 2533 CAESARUM
838 2499 1042 2532 CONVEN-

90 2558 178 2592 TUS
219 2558 483 2594 TARRACON.
525 2560 576 2593 De
604 2558 760 2594 Asturum
787 2566 945 2596 conventu
971 2559 1041 2595 illa:

1120 1320 1277 1353 GROT.—
1303 1319 1425 1353 Confer
1438 1322 1611 1354 Gruterum
1627 1323 1734 1366 (inser.
1751 1321 1832 1364 110,
1856 1322 1902 1366 6).
1926 1323 1977 1355 De
1995 1334 2067 1357 cou-

1117 1389 1214 1415 ventu
1230 1383 1368 1424 juridico
1392 1384 1425 1415 in
1448 1384 1630 1416 universum
1655 1385 1810 1417 videndus
1831 1385 2001 1418 Ernestius
2021 1387 2067 1430 (in

1117 1445 1197 1479 clavi
1220 1445 1351 1488 Cicer.).

1186 1506 1357 1553 universa]
1397 1507 1547 1552 Imperite
1577 1511 1655 1542 haee
1688 1510 1866 1543 Martianus
1897 1511 2066 1556 descripsit

1114 1584 1153 1604 ex
1178 1573 1285 1604 Plinio
1317 1572 1370 1615 (5,
1396 1572 1452 1613 4),
1484 1572 1574 1615 quasi
1598 1573 1637 1603 ad
1664 1573 1843 1605 universam
1874 1574 2063 1619 Hispaniam

1112 1635 1163 1667 vel
1197 1641 1283 1667 certe
1319 1634 1358 1666 ad
1394 1634 1557 1666 Baeticam
1599 1636 1839 1668 antecedentem
1872 1638 2060 1680 pertineret,

1111 1708 1209 1740 quum
1226 1696 1293 1738 jam
1316 1696 1355 1727 de
1378 1695 1536 1739 Hispania
1556 1695 1700 1727 citeriore
1719 1696 1785 1728 sive
1801 1698 1963 1740 provincia
1984 1700 2059 1730 Tar-

1108 1758 1277 1791 raconensi
1301 1768 1405 1789 sermo
1432 1757 1482 1788 sit.
1519 1756 1671 1788 Fortasse
1700 1763 1807 1790 tamen
1833 1759 2061 1792 sententiarum

1109 1820 1187 1852 ordo
1211 1820 1363 1852 confusus
1391 1823 1441 1849 est
1462 1818 1569 1862 itaque
1589 1818 1822 1860 restituendus,
1850 1826 1885 1851 ut
1910 1820 2059 1853 inferiora

1107 1883 1202 1915 verba
1227 1883 1300 1914 inde
1324 1894 1341 1914 a
1366 1881 1524 1912 »tenditur
1552 1887 1675 1914 autema
1704 1893 1807 1925 usquc
1832 1883 1872 1914 ad
1900 1884 2058 1915 „latitudi-

1105 1945 1155 1976 nis
1181 1948 1434 1976 excrementum«
1470 1949 1542 1974 ante
1579 1949 1631 1974 »at
1662 1943 1826 1975 universa«
1858 1944 2055 1986 inserantur,

1103 2018 1176 2037 nam
1197 2017 1278 2049 quae
1304 2005 1383 2035 infra
1411 2004 1449 2035 de
1475 2003 1639 2048 Agrippae
1665 2015 1772 2036 errore
1798 2012 1990 2048 sequnntur,
2014 2018 2054 2039 ex

1102 2067 1210 2098 Plinio
1231 2067 1283 2110 (5,
1308 2068 1330 2098 5
1353 2066 1387 2108 f.)
1409 2071 1540 2108 apparet
1565 2066 1604 2096 ad
1629 2065 1811 2097 ulteriorem
1843 2067 1949 2109 potius
1976 2067 2052 2099 His-

1099 2127 1223 2171 paniam
1243 2127 1411 2171 pertinere.
1444 2127 1596 2158 Ceterum
1615 2126 1756 2158 Plinium
1775 2133 1904 2159 secutus
1930 2129 2052 2161 servavi

1097 2189 1131 2221 in
1159 2189 1367 2233 sequentibus
1393 2188 1589 2227 Lucensem,
1616 2188 1692 2220 licet
1718 2188 1845 2220 codices
1872 2190 2048 2221 Darmstat-

1096 2250 1196 2282 tensis
1213 2256 1245 2281 et
1258 2249 1532 2281 Reichenauensis
1546 2250 1935 2293 praebeantLucrensem,
1953 2262 2046 2293 quam

1097 2312 1230 2345 Grotius
1254 2322 1382 2355 quoque
1408 2310 1442 2341 in
1460 2310 1601 2352 margine
1618 2311 1787 2343 lectionem
1807 2310 1945 2350 notavit,
1975 2311 2044 2343 Μο-

1095 2375 1242 2407 nacensis
1266 2374 1323 2417 (C)
1344 2374 1423 2405 adeo
1446 2374 1699 2413 Luerenensem,
1729 2373 1815 2417 quod
1839 2378 1944 2405 tamen
1967 2374 2043 2407 ὃιτ-

1094 2434 1290 2482 τογραφίᾳ
1315 2434 1469 2477 originem
1496 2435 1611 2468 debere
1637 2435 1770 2467 videtur.

1168 2500 1315 2531 civitates
1343 2496 1436 2543 vero]
1475 2498 1585 2531 Verba
1619 2509 1700 2542 quae
1725 2497 1758 2528 in
1785 2495 1878 2527 editis
1903 2507 2040 2540 sequun-

1092 2567 1144 2594 tur
1183 2562 1235 2595 »in
1257 2561 1437 2604 Hispania«
1462 2559 1564 2594 delevi
1592 2558 1777 2593 auctoritate
1802 2557 1945 2593 codicum
1969 2559 2037 2593 Mo-
