2310 2860
165 120 257 165 524
744 113 943 156 Martiani
973 112 1174 168 Capellae
1202 110 1372 178 lih.111.
1403 113 1434 163 §.
1457 111 1560 153 526.

169 244 282 285 quae
313 234 553 269 attestentur
584 232 658 264 aut
686 222 906 264 nescientis
938 233 1151 270 errorem,
1183 227 1256 259 aut
1287 217 1527 260 affectatam
1560 217 1818 260 doctioribus
1850 232 2131 264 venustatem.

171 309 296 359 Quae
335 308 369 348 si
407 307 459 346 ab
502 304 768 346 scholaribus
814 301 1120 345 inchoamentis
1166 301 1210 343 in
1255 311 1451 342 senatum
1498 302 1697 343 coelitum
1743 301 1883 354 ducis,
1927 303 2131 346 decursae

171 389 343 445 peritiae
380 387 559 443 gratiam
600 387 840 428 deflorabis.
909 386 1023 426 Nam
1067 383 1101 424 si
1145 384 1444 440 rhythmicum
1492 384 1598 440 quid.
1638 385 1979 441 metricumque,
2027 387 2132 428 sicut

171 470 279 511 inter
304 469 490 510 'citratos
531 467 685 519 audes,
733 467 1005 518 assumseris,
1054 464 1242 521 profecto
1281 464 1464 505 Musices
1505 464 1692 519 impetu,
1744 465 1865 520 cujus
1898 466 2130 521 praevertis

173 551 385 601 officium,
440 550 701 606 discerpcris.
766 550 973 590 Formam
1004 547 1131 601 igitur
1169 544 1411 601 praedictae
1440 545 1750 601 praeceptionis
1793 546 2046 596 absolveris,
2102 547 2133 586 si

172 633 411 689 praecipuis
449 632 694 673 memoratis
731 632 819 686 jam
856 640 896 671 te
927 630 979 671 ab
1015 629 1418 670 inchoamentorum
1455 625 1701 680 vulgarium
1734 625 1965 666 vilitatibus
1995 625 2135 666 vindi-

172 714 292 754 caris.
347 713 422 754 His
466 727 695 768 germanae
735 712 876 753 verbis
915 725 1016 752 cum
1047 724 1204 766 sponso
1236 708 1388 748 Delius
1432 708 1697 759 annuebant,
1748 717 1786 748 et
1816 708 2133 749 Grammaticen

173 795 225 836 ad
264 794 437 850 virginis
479 793 658 834 transire
701 790 909 846 obseqhia
952 790 1268 846 compulerunt.

1331 789 1386 830 At
1431 799 1532 830 tunc
1571 789 1696 831 aliam
1743 789 2004 832 seminarum
2042 790 2135 845 pari

174 875 437 930 sponsalium
468 888 648 914 munere
679 871 983 913 conferendam
1016 870 1184 910 Clarius
1216 868 1454 910 intromisit.

178 982 454 1022 »Soloeeismus«,
492 981 615 1024 inquit,
654 980 757 1023 »apud
790 986 902 1023 poc-tas
930 981 1057 1011 schema
1082 979 1127 1011 di·

171 1047 268 1087 citur,
308 1046 435 1090 quoties
465 1043 658 1077 necessitate
690 1043 784 1074 metri
814 1043 917 1074 sactus
947 1042 1127 1084 invenitur,

171 1121 269 1152 quum
290 1113 396 1140 autem
413 1119 478 1138 non
494 1106 655 1139 invenitur
671 1103 863 1146 necessitas',
888 1112 1053 1150 permanet
1075 1118 1126 1139 so-

170 1170 315 1203 loecismi
335 1170 454 1213 culpam

244 1230 337 1276 vitia]
360 1230 557 1273 Obloquitnr
570 1229 798 1270 Cassiodorus,
821 1228 890 1272 qui:
909 1243 920 1256 u
929 1230 1127 1270 schemata«,

170 1293 290 1337 inquit,
321 1305 358 1325 »a
381 1293 519 1337 quodam
553 1292 751 1335 artigrapho,
785 1291 913 1322 nomine
938 1289 1126 1331 Sacerdote,

170 1357 305 1390 collecta
325 1362 400 1388 sunt
424 1368 556 1387 numero
577 1355 750 1397 nonaginta
770 1359 802 1386 et
823 1360 913 1394 octo,
940 1354 983 1384 ita
1009 1359 1125 1394 tamen,

170 1425 205 1451 ut
230 1432 311 1463 quae
338 1432 355 1451 a
380 1420 509 1451 Donato
537 1421 623 1450 inter
646 1420 726 1449 vitia
754 1418 858 1461 posita
883 1423 969 1457 sunt,
998 1417 1031 1449 in
1055 1417 1126 1461 ipso

168 1495 301 1516 numero
333 1483 468 1515 collecta
502 1483 704 1514 claudanturz
730 1482 817 1526 quod
841 1487 873 1512 et
898 1481 974 1512 mihi
997 1493 1126 1525 quoqne

168 1545 282 1577 durum
304 1545 431 1576 videtin·
454 1546 534 1576 vitia
561 1545 686 1582 dicere,
722 1555 804 1586 quae
831 1549 998 1575 auctorum
1021 1555 1126 1575 exem-

166 1609 245 1652 plis,
273 1614 305 1639 et
326 1608 461 1639 maxime
479 1608 559 1650 leqis
576 1608 704 1638 diuinae
724 1607 911 1637 auctoritate
929 1607 1120 1638 tii-mantum«

167 1672 284 1704 Melius
308 1677 414 1702 tamen
440 1670 566 1702 Seneca
591 1670 695 1713 (epist.
729 1670 816 1708 1143
852 1682 882 1712 p.
907 1671 980 1700 6118
1006 1670 1126 1713 Lips.)=

174 1733 266 1763 »Hoc
284 1732 384 1773 magis
402 1731 507 1762 mirari
529 1736 638 1774 potes,
665 1730 751 1774 quod
775 1742 840 1761 non
863 1735 984 1762 tantum
1000 1731 1125 1771 vitiosa,

168 1796 226 1827 scd
251 1801 283 1826 et
313 1795 389 1826 vitia
415 1795 593 1825 laudantur.
634 1794 717 1825 Nam
742 1794 821 1824 illud
855 1806 981 1838 semper
1007 1796 1125 1828 factum

168 1862 232 1888 est:
256 1856 379 1888 nullum
403 1856 472 1886 sine
498 1855 590 1886 venia
618 1855 735 1898 placuit
764 1854 935 1895 ingenium.
971 1856 1021 1887 Da
1049 1856 1125 1888 mihi

168 1929 390 1961 quemcunque
410 1917 458 1948 vis
484 1916 588 1958 magni
615 1916 753 1947 nominis
777 1916 898 1956 virum3
926 1916 1027 1949 dicam
1048 1918 1125 1961 quid

168 1979 215 2010 illi
241 1984 327 2009 aetas
360 1990 416 2009 sua
448 1978 621 2019 ignoverit,
654 1978 730 2021 quid
762 1978 793 2008 in
820 1978 876 2009 illo
901 1978 1007 2010 sciens
1032 1979 1124 2010 dissi-

168 2039 343 2072 mulaverit.
370 2039 491 2071 Multos
509 2039 608 2078 dabo,
628 2039 744 2082 quibus
763 2039 838 2070 vitia
852 2051 917 2070 non
941 2041 1124 2080 nocuerint,

168 2103 339 2148 quosdam,
368 2102 482 2145 quihus
508 2101 694 2145 profuerint.
720 2103 830 2143 Dabo,
856 2103 1001 2146 inquam,
1026 2104 1123 2135 maxi-

169 2179 237 2199 mae
257 2167 378 2206 famae,
410 2170 442 2196 et
465 2165 547 2195 inter
579 2165 738 2196 mirandos
761 2166 964 2210 propositos,
992 2178 1073 2211 quos
1097 2167 1124 2198 si

169 2230 241 2275 quis
259 2229 399 2270 corrigit,
426 2227 539 2259 delet«

241 2289 455 2336 attestentur]
483 2291 550 2322 Pro
568 2295 764 2322 attestantur
783 2293 888 2335 recepi
903 2304 920 2324 e
937 2293 1125 2326 Monacensi

169 2354 224 2398 (C)
250 2360 282 2388 et
307 2352 555 2387 Darmstattensi
582 2352 762 2387 codicibus;
798 2354 893 2397 paulo
923 2361 997 2398 post
1029 2355 1123 2386 etium

1179 979 1372 1010 ‹lection-ibus
1396 990 1454 1022 pro
1483 979 1664 1011 doctoribus
1692 991 1709 1011 e
1732 980 1873 1011 variante
1894 979 2032 1012 lectione
2053 979 2136 1024 apud

1179 1042 1328 1074 Grotium
1352 1042 1391 1072 ad
1415 1043 1587 1083 marginem
1609 1043 1736 1084 rejecta.

1253 1103 1440 1150 deflorabis]
1476 1106 1525 1136 Ita
1551 1106 1678 1137 codices
1711 1105 1915 1138 Monacensis
1943 1104 2016 1148 (C),
2059 1104 2135 1135 Rei-

1178 1168 1405 1207 chenauensis,
1441 1168 1722 1209 Darmstattensis,
1762 1173 1794 1200 et
1825 1179 1934 1210 margo
1963 1167 2135 1207 Grotiana3

1177 1227 1273 1268 vulgo
1301 1228 1504 1270 deson-vitabis.

1254 1289 1402 1334 cirratas]
1432 1290 1549 1322 Cirrati
1570 1291 1775 1330 grammatici.
1801 1291 1951 1321 Persius:

1236 1366 1246 1379 n
1259 1352 1337 1381 Ten'
1357 1351 1544 1382 cirratorum
1565 1357 1692 1383 centum
1713 1352 1833 1383 dictata
1852 1351 1957 1395 fids-se

1228 1414 1296 1445 Pro
1315 1415 1415 1446 nihilo
1435 1415 1581 1458 pendas?
1595 1433 1643 1439 -—
1659 1434 1706 1438 —
1728 1415 1834 1448 Gno'r.

1176 1476 1279 1508 Immo
1297 1477 1389 1521 pueri
1411 1478 1535 1510 nobiles
1553 1478 1827 1521 grammaticorum
1855 1478 2014 1521 discipuli,
2051 1489 2133 1508 nma-

1177 1541 1272 1572 tufini
1290 1544 1410 1573 cirrata
1433 1548 1557 1574 caterva
1578 1542 1757 1583 magistri«,
1778 1547 1814 1572 ut
1826 1540 1982 1573 Martialis
2002 1541 2049 1584 (9,
2070 1540 2133 1583 50)

1178 1603 1237 1642 ait-3
1266 1614 1369 1645 neque
1389 1603 1480 1634 aliter
1498 1603 1530 1634 in
1552 1603 1658 1634 Persii
1680 1603 1752 1635 loco
1780 1603 1832 1647 (l,
1858 1602 1920 1645 29)
1944 1602 1999 1633 uhi
2025 1602 2134 1634 confer

1178 1664 1415 1696 casaubonum.
1450 1664 1586 1695 Correxi
1611 1664 1705 1695 etiam
1729 1676 1746 1695 e
1772 1664 1935 1696 codicibus
1960 1663 2039 1695 meis
2063 1675 2132 1707 pra·

1176 1737 1247 1757 vam
1270 1725 1430 1756 scribendi
1456 1725 1611 1757 rationem
1635 1726 1803 1757 Cim-Inatos
1823 1725 1856 1756 in
1880 1725 1984 1756 editis.

1250 1789 1406 1835 ssltcsices]
1430 1790 1539 1822 »Citra
1549 1790 1701 1822 musicam
1713 1790 1945 1832 grammaticam
1960 1790 2132 1834 perfectam

1175 1862 1247 1882 esse
1263 1863 1327 1882 non
1347 1863 1461 1894 posse«
1480 1851 1716 1894 Quinctilianus
1728 1852 1775 1895 (1,
1792 1852 1826 1891 4,
1845 1852 1888 1891 43
1909 1853 1996 1894 p.57
2007 1851 2133 1894 Spald.)

1177 1915 1231 1955 ait,
1261 1927 1379 1958 »quum
1397 1915 1426 1946 ei
1443 1915 1481 1946 de
1503 1915 1612 1946 metris
1630 1915 1849 1958 rhythmisque
1867 1915 2034 1946 dicendum
2054 1915 2094 1946 sit
2102 1927 2132 1954 «3

1177 1989 1310 2020 quarum
1334 1977 1373 2008 de
1398 1988 1483 2008 nexu
1509 1977 1618 2008 confer
1642 1977 1779 2008 eundem
1805 1976 1867 2008 alio
1892 1976 1964 2008 loco
1990 1977 2045 2020 (1,
2073 1977 2129 2015 10,

1179 2042 1242 2081 173
1268 2054 1297 2084 p.
1313 2040 1399 2083 219)
1424 2045 1456 2071 et
1480 2040 1688 2072 Plutarchum
1714 2040 1767 2084 (de
1790 2039 1910 2072 musica
1931 2052 1964 2084 p.
1984 2037 2105 2081 1151).

1251 2101 1456 2147 discerperis]
1498 2103 1553 2135 Sic
1585 2103 1718 2135 Grotius
1747 2116 1788 2134 cx
1827 2102 1900 2134 MS.
1930 2113 1988 2133 suo
2022 2113 2127 2133 emen-

1176 2167 1229 2198 dax
1238 2167 1262 2198 it
1289 2167 1448 2208 vulgatam
1479 2166 1648 2198 lectionem
1682 2167 1904 2208 discerpseris,
1943 2176 2024 2208 qnae
2057 2178 2127 2197 cnm

1174 2232 1295 2274 impetu
1319 2230 1446 2262 omnino
1475 2242 1539 2262 non
1570 2229 1734 2268 convenit,
1768 2228 1867 2259 facilis
1892 2240 1980 2259 error
2004 2234 2071 2260 crat
2091 2228 2126 2259 li-

1174 2292 1368 2333 brariorum,
1392 2291 1445 2335 qni
1464 2292 1652 2334 discerpet-is
1672 2290 1813 2322 futurum
1831 2289 1950 2334 passivi
1970 2301 2042 2323 esse
2062 2301 2127 2322 non

1175 2355 1328 2386 viderent.

920 2464 1390 2488 ww*-
