2310 2860
709 121 907 164 Martiani
939 122 1139 179 Capellae
1168 123 1238 164 lib.
1262 121 1337 165 VI.
1366 126 1397 176 §.
1422 124 1524 166 714.
2013 129 2102 173 575

144 227 249 268 tium
280 241 412 281 genus
444 236 503 269 est
525 227 752 283 planorum
779 229 1071 280 schematum,
1103 229 1220 284 quod
1252 231 1406 285 partim
1432 232 1574 274 curvis
1605 233 1724 274 lineis
1754 235 1907 290 partim
1933 235 2100 278 directis

143 307 396 358 includitur,
439 318 486 349 ut
527 319 587 349 est
621 311 934 360 semicirculus,
983 311 1104 363 cujus
1138 321 1182 351 ut
1211 327 1339 367 supra
1372 313 1461 353 dixi
1494 329 1648 369 gyrum
1682 330 1816 357 curva
1848 317 1955 358 linea
1991 318 2102 371 facit,

143 397 181 429 et
205 388 283 429 alia
307 388 489 441 directa,
521 405 633 445 quae
664 391 773 432 linea
804 392 910 432 sicut
941 392 1027 433 dixi
1059 391 1261 442 διάμετρος
1292 392 1466 443 dicitur,
1512 395 1659 435 Latine
1691 396 1955 449 distermina,
1988 414 2100 454 quae

140 470 172 510 si
197 471 238 511 in
264 471 422 512 circulo
447 472 570 527 pleno
600 473 672 522 sit,
706 487 782 529 per
807 484 1000 514 centrum
1026 475 1115 527 ejus
1140 474 1190 515 ad
1218 484 1446 529 utramque
1471 475 1856 519 circumferentiam
1889 483 2096 535 pervenit.

140 551 189 592 In
214 551 277 592 his
301 552 526 607 generibus
555 553 783 608 planorum
813 554 892 594 alia
924 554 1137 594 schemata
1162 554 1364 595 dicuntur
1388 557 1600 610 ergastica,
1631 557 1708 599 alia
1733 560 1976 614 apodictica.
2017 563 2099 604 Er-

140 634 293 689 gastica
319 643 436 685 sunt,
469 649 581 689 quae
614 635 830 676 faciendae
862 635 1088 688 cujuslibet
1118 636 1280 677 formae
1312 647 1534 693 praccepta
1571 642 1804 693 continent3
1856 643 2100 698 apodictica,

140 728 252 768 quae
292 713 502 769 probandi
538 713 655 768 quod
692 723 934 755 asseverant
965 715 1149 757 afferunt
1181 716 1451 759 documenta.
1510 719 1676 761 Verum
1711 723 1884 763 Graecis
1916 724 2100 765 nomini-

140 794 220 835 bus
244 794 302 834 sie
334 795 620 851 appellantur:
652 795 818 850 primus
848 794 1093 841 ὄυότατικὸς,
1130 798 1341 838 secundus
1373 799 1639 846 ἰθμεματικὸς,
1676 802 1822 842 tertius
1853 802 2097 852 ἀνάγραφος,

140 887 317 931 quartus
356 880 570 927 ἔγγραφος,
614 880 788 935 quintus
832 880 1092 927 περίγραφος,
1138 887 1279 918 sextus
1310 880 1610 926 παρεμβολικὸς,
1653 883 1856 936 septimus
1888 896 2099 932 προςευρε-

139 956 253 1000 vmdc-
321 960 563 1002 Συότατικὸς
612 971 692 1013 est,
742 961 817 1016 qui
858 961 979 1001 docct
1018 960 1176 1014 quibus
1220 962 1477 1014 argumentis
1526 963 1655 1004 lineas
1705 964 2002 1019 praecidamus
2045 966 2101 1008 ad

138 1040 396 1094 imperatum
442 1043 636 1085 modum.
705 1041 968 1088 ’[θμεματικὸς
1007 1040 1183 1092 dicitur,
1232 1056 1319 1096 quo
1363 1043 1563 1095 docetur,
1630 1046 1787 1099 quibus
1837 1049 2098 1101 argumentis

137 1120 376 1174 propositae
421 1120 557 1160 lineae
608 1119 778 1173 adjungi
815 1128 855 1158 et
890 1118 1015 1158 scribi
1056 1121 1225 1173 possint.
1280 1120 1519 1170 Ἀνάγραφος
1554 1123 1728 1174 dicitur,
1784 1140 1870 1179 quo
1909 1127 2101 1179 docetur,

137 1199 355 1254 quomodo
388 1199 729 1241 concludendum
763 1199 813 1240 sit
843 1199 1061 1254 reliquum
1093 1199 1287 1251 schema,
1325 1203 1441 1256 quod
1474 1204 1732 1258 imperatum
1775 1215 1844 1246 est.
1878 1205 2100 1258 Ἔγγραφος

138 1288 216 1329 est,
260 1280 336 1334 qui
381 1288 608 1329 monstrat,
663 1278 821 1332 quibus
865 1278 1124 1331 argumentis
1162 1278 1259 1320 dato
1304 1282 1461 1321 circulo
1504 1283 1623 1323 verbi
1666 1285 1797 1338 gratia
1840 1287 2100 1341 imperatum

137 1361 350 1415 trigonum
382 1361 448 1402 vel
480 1360 583 1415 quid
611 1359 725 1400 aliud
756 1359 797 1398 in
825 1358 964 1398 medio
996 1359 1207 1413 possimus
1233 1362 1533 1403 convenienter
1557 1363 1809 1405 adscribere.
1848 1368 2100 1416 Περὶγραφος

137 1451 284 1498 tropus
315 1452 394 1493 est,
436 1442 511 1496 qui
542 1441 684 1492 docet,
731 1439 1102 1495 quemadmodum
1142 1440 1291 1481 datum
1324 1441 1533 1482 circulum
1575 1443 1694 1483 verbi
1725 1445 1857 1497 gratIa
1889 1446 2099 1500 quadrato

138 1523 444 1564 concludamus
483 1521 711 1563 schemate.
783 1520 1081 1568 Παρεμβολικός
1130 1531 1208 1574 est,
1265 1522 1341 1576 qui
1390 1522 1511 1563 docet
1560 1524 1933 1579 quemadmodum
1973 1528 2098 1570 verbi

193 1666 279 1699 »Sub
299 1668 389 1699 laeva
409 1667 619 1698 Geminorum
641 1666 798 1697 obductus
816 1671 908 1709 parte
924 1665 1070 1710 feratur«
1079 1688 1092 1705 ,

137 1730 190 1762 nbi
215 1731 297 1762 male
324 1730 470 1761 nonnulli
496 1729 663 1771 conjecere
687 1730 855 1762 abductus.

202 1797 294 1841 'quae
315 1792 413 1838 linea]
430 1793 583 1836 Expunxi
601 1804 711 1824 vocem
733 1799 799 1831 est,
822 1803 903 1836 quae
925 1802 1091 1834 perperam

136 1857 255 1888 inserta
278 1862 344 1888 erat
361 1857 394 1888 in
413 1857 518 1896 editis,
538 1856 727 1887 auctoritate
751 1855 896 1887 codicum
918 1855 1090 1885 Monacen-

137 1919 217 1950 sium
243 1917 299 1962 (Α.
322 1918 380 1959 C),
404 1917 687 1955 Darmstattensis,
712 1922 744 1947 et
764 1915 1049 1947 Reichenauensis.

209 1978 412 2024 distermina]
440 1980 513 2011 Hoc
534 1980 690 2011 vocabulo
716 1979 787 2022 quis
813 1984 939 2021 praeter
960 1977 1089 2009 Martia-

134 2055 212 2075 num
236 2043 282 2075 sic
313 2053 390 2073 usus
421 2041 462 2072 sit
484 2041 616 2082 ignoro,
643 2040 730 2084 quod
755 2039 839 2071 enim
864 2040 948 2084 apud
973 2038 1090 2072 Silium

134 2104 250 2147 legitur
273 2104 326 2147 (5,
352 2102 457 2145 589)ε

192 2168 314 2199 ‚Audit
341 2168 507 2199 Tartessos
528 2166 601 2196 lulis
624 2164 808 2196 distermina
832 2165 961 2204 terris«,

135 2231 231 2271 longe
257 2230 339 2261 alius
363 2229 488 2271 generis
514 2234 572 2260 est.

210 2289 455 2336 συστατικὸς]
473 2293 561 2333 Lege
582 2297 614 2323 et
628 2296 817 2334 transpone:
831 2286 1090 2329 »Συστατικὸς

136 2354 262 2394 dicitur,
283 2365 347 2397 quo
361 2353 495 2384 docetur
504 2353 620 2396 quibus
638 2352 832 2394 argumentis
850 2352 1032 2395 propositae
1054 2352 1090 2383 li-

133 2430 213 2450 neae
229 2417 359 2459 adjungi
375 2422 407 2448 et
426 2416 521 2448 scribi
538 2417 657 2459 (malim
674 2416 825 2458 adscribi)
835 2416 971 2459 possint.
987 2415 1088 2462 Τμη-

134 2476 294 2525 ματικὸς
317 2485 383 2521 est,
410 2480 464 2524 qui
489 2479 597 2519 docet,
624 2479 740 2523 quibus
768 2480 962 2520 argumentis
988 2480 1090 2511 lineas

133 2542 352 2588 praecidamus
377 2541 418 2573 ad
438 2542 626 2585 imperatum
644 2541 799 2573 modum«
834 2540 980 2574 Similem
1003 2553 1088 2573 erro-

1142 1677 1207 1696 rem
1230 1665 1375 1697 Graecae
1397 1666 1486 1698 voeis
1511 1668 1723 1711 transpositae
1747 1681 1841 1713 supra
1867 1671 1899 1703 in
1926 1672 2099 1705 Rhetorica

1142 1729 1351 1761 ostendimus.
1369 1729 1536 1761 Gn0†.—
1572 1732 1779 1764 Monacensis
1811 1735 1913 1765 codex
1939 1735 2011 1779 (C)
2042 1748 2100 1780 pro

1141 1789 1348 1831 ὐότατικὸς
1369 1793 1501 1836 praebet
1524 1793 1756 1838 σιστατικὸς,
1783 1797 1866 1828 unde
1889 1804 2010 1830 rectam
2036 1800 2099 1831 lee-

1141 1855 1260 1887 tionem
1272 1856 1418 1899 reposuit,
1438 1856 1560 1899 reliqua
1577 1858 1722 1900 quamvis
1734 1871 1807 1890 vere
1821 1872 1837 1891 a
1856 1860 1970 1893 Grotio
1991 1874 2097 1894 emen-

1142 1919 1213 1950 data
1235 1930 1306 1950 esse
1329 1919 1512 1959 videantur,
1540 1920 1646 1952 invitis
1669 1922 1833 1954 codicibus
1854 1931 1975 1956 mutare
1998 1926 2097 1958 nolui.

1218 1978 1434 2026 ἔγγραφος]
1462 1980 1546 2012 Vide
1569 1982 1662 2014 Encl.
1686 1983 1769 2014 idem
1791 1984 1843 2016 lib.
1864 1987 1880 2016 1
1909 1984 1998 2032 περὶ,
2027 1986 2098 2022 τοῦ

1141 2038 1410 2088 ἐγγράφεσθαι
1435 2039 1493 2077 καὶ
1522 2041 1844 2093 περιγράφεσθαι.
1858 2048 1962 2080 Οιιοτ.

1213 2105 1288 2136 dato
1308 2105 1439 2150 cfrcnlo]
1468 2106 1541 2139 Hoc
1560 2120 1688 2151 quoque
1710 2110 1796 2141 haud
1818 2111 1884 2143 seio
1905 2124 1944 2144 an
1967 2123 2005 2143 ex
2024 2113 2097 2144 Pla-

1140 2169 1225 2199 tonis
1253 2169 1392 2200 Menone
1424 2169 1467 2212 (p.
1485 2170 1547 2213 87)
1578 2172 1712 2214 petitum
1747 2173 1802 2211 sit,
1836 2175 1889 2206 ubi
1920 2177 1999 2207 liaeo
2028 2176 2098 2219 ipsa

1140 2229 1285 2271 quaestio
1316 2230 1522 2273 proponitur,
1562 2231 1593 2266 εἰ
1617 2228 1703 2267 οἷόν
1742 2245 1782 2268 τε
1821 2235 1862 2274 ἐς
1892 2232 2002 2269 τόνδε
2027 2233 2096 2270 τὸν

1139 2285 1284 2324 κύκλον
1300 2287 1388 2325 τόδε
1404 2288 1449 2324 τὸ
1467 2291 1621 2338 χωρίον
1646 2293 1838 2339 τρίγωνον
1861 2294 2095 2341 ἐνταθῆναις

1141 2365 1205 2396 quo
1231 2353 1270 2384 de
1295 2353 1368 2385 loco
1393 2360 1519 2397 praeter
1542 2356 1660 2387 multos
1685 2357 1765 2387 alios
1789 2357 1852 2398 egit
1877 2358 2022 2389 *vegius
2042 2360 2094 2401 (de

1140 2415 1213 2446 loeo
1236 2415 1457 2447 mathematico
1474 2416 1508 2448 in
1526 2417 1673 2448 Platonis
1687 2418 1837 2455 Meno-10,
1863 2419 1966 2449 Halae
1988 2421 2094 2455 1825,

1141 2484 1174 2509 et
1196 2478 1228 2509 in
1251 2479 1361 2510 Jahnii
1387 2478 1508 2515 Annal.
1532 2481 1641 2524 philol.
1673 2482 1786 2520 1850,
1815 2481 1851 2511 Τ.
1871 2481 1950 2522 ΧΠ,
1974 2495 2004 2526 p.
2024 2486 2095 2518 130

1139 2542 1252 2586 sequ.).

2137 564 2222 606 715
