2310 2860
198 213 259 256 92

796 210 995 253 Martiani
1033 209 1233 266 Capellae
1271 210 1343 251 lib.
1367 209 1399 252 I.
1438 211 1565 263 §.45

211 325 319 365 citur
346 320 513 363 coelum
541 333 668 360 omne
693 319 896 375 regiones.
942 318 991 360 In
1018 332 1209 373 quarum
1232 318 1373 374 prima
1403 318 1521 359 sedes
1550 319 1710 362 habere
1742 331 2038 364 memorantur
2068 331 2163 380 post.

208 405 350 461 ipsum
388 403 539 444 Jovem
585 401 643 443 dii
683 401 932 453 Consentes,
987 402 1185 453 Penates,
1238 401 1361 442 Salus
1406 415 1454 442 ac
1497 401 1651 454 Lares,
1703 403 1861 456 Ianus,
1908 404 2161 460 Opertanei,

119 486 180 528 »16
208 488 556 540 Nocturnusque.
623 486 672 527 In
717 486 903 527 secunda
945 484 1090 526 itidem
1129 483 1412 524 mansitabant
1456 492 1624 539 praeter
1653 483 1832 527 domum
1870 485 2008 537 Jovis‚
2049 500 2160 541 quae

203 567 260 608 ibi
292 582 468 626 quoque
497 566 691 608 sublimis
722 576 802 619 est,
839 576 888 607 ut
919 576 979 607 est
1008 566 1051 606 in
1084 566 1284 607 omnibus
1315 565 1579 623 praediatus,
1627 566 1860 619 Quirinus,
1898 568 2015 609 Mars
2046 567 2160 608 mili-

274 699 384 745 Salus]
412 699 536 732 Eadem
554 701 632 732 haee
654 699 713 731 dea
737 698 891 731 Romanis
918 710 998 741 quae
1022 697 1156 730 Graecis

202 761 316 806 Hygea
340 763 491 806 (Martial.
516 763 557 795 11
571 786 580 803 ,
606 763 673 803 61,
698 761 736 805 6)
761 761 826 792 sive
847 760 956 803 Hygia
979 760 1076 803 (Plin.
1094 760 1155 799 54,

200 825 234 864 8,
258 825 314 856 19.
345 825 412 865 55,
440 826 503 865 11,
525 822 599 868 40).
631 823 670 855 In
705 823 826 855 Salutis
850 823 928 854 haee
955 822 1082 866 templis
1106 834 1153 854 re·

198 887 313 928 ligiose
347 888 512 920 colebatur
536 887 659 932 (Livius
681 888 721 927 9,
753 887 813 919 45.
845 887 908 926 10,
942 887 973 918 1.
999 886 1066 926 40,
1094 887 1152 919 57.

199 950 302 981 Taciti
325 950 430 981 annal.
455 951 517 991 15,
550 951 597 982 55
624 954 655 980 et
682 949 739 981 74.
761 949 824 989 12,
850 948 909 981 25.
935 948 1004 979 Cic.
1029 948 1067 979 de
1091 948 1153 990 leg.

195 1011 230 1051 2,
257 1012 313 1043 11.
336 1012 376 1043 N.
399 1011 441 1043 D.
462 1011 503 1051 2,
525 1011 584 1044 25.
609 1012 651 1051 5,
676 1011 736 1043 56.
765 1010 838 1042 val.
858 1009 944 1042 Max.
961 1011 1001 1050 8,
1027 1010 1092 1051 14,
1119 1011 1152 1042 6.

194 1073 335 1104 Macroh.
370 1072 502 1105 Saturn.
534 1074 573 1113 1,
611 1073 656 1104 16
684 1078 715 1103 ct
746 1072 804 1104 20.
849 1072 937 1103 Fest.
961 1083 989 1103 v.
1013 1071 1152 1104 Salutar.

194 1133 288 1166 Ovid.
306 1136 376 1166 fast.
392 1136 427 1175 5,
450 1134 534 1166 822.
554 1134 690 1166 Kalend.
715 1134 765 1165 die
787 1134 819 1166 V
832 1134 906 1165 Ral.
922 1133 1002 1177 Apr.
1022 1134 1150 1165 Terent.

192 1199 274 1230 nec.
296 1200 339 1237 5,
366 1198 407 1238 2,
433 1197 490 1241 5),
523 1203 555 1229 et
580 1209 674 1241 saepe
704 1197 798 1229 etiam
828 1197 861 1228 in
885 1196 1027 1240 lapidum
1049 1197 1150 1229 titulis

193 1261 301 1305 (Grut.
320 1263 380 1302 68,
407 1262 463 1293 12.
483 1262 565 1301 100,
597 1262 629 1292 1.
653 1261 685 1291 2.
711 1259 798 1303 118)
821 1266 853 1292 et
879 1260 913 1291 in
934 1260 1039 1291 numis
1065 1273 1149 1293 com—

192 1331 282 1369 paret
300 1326 429 1370 (Raseh.
452 1325 514 1357 lex.
534 1337 622 1357 num.
635 1325 670 1365 4,
696 1326 726 1356 1.
747 1337 777 1369 p.
794 1325 900 1357 1564.
926 1325 1022 1356 1609
1037 1324 1150 1368 sequ.)-

189 1388 240 1419 De
270 1387 340 1429 ejus
374 1386 527 1430 symbolis
562 1386 637 1417 alibi
671 1386 721 1427 egi
748 1386 793 1429 (in
815 1386 976 1429 palaeogr.
1005 1386 1072 1417 crit.
1098 1386 1150 1419 IV

188 1448 217 1491 ξ.
231 1449 304 1481 816
326 1448 369 1491 fi).
398 1448 592 1479 Conferatur
611 1452 777 1490 praeterea
795 1447 905 1477 Bossii
921 1448 1147 1480 commentatio

188 1512 226 1543 de
250 1511 309 1543 dea
333 1510 455 1542 Salutis
481 1510 526 1554 (in
554 1509 767 1542 WVoltereck.
793 1510 884 1542 elect.
909 1510 1053 1554 numan).

262 1573 377 1619 Lares]
404 1574 484 1606 Illos
513 1575 574 1606 hoe
598 1574 671 1606 loco
695 1574 860 1615 intelligo,
888 1575 1005 1617 quihus
1020 1575 1144 1606 Romae

185 1637 338 1680 templum
356 1641 424 1667 erat
442 1635 608 1679 publicum
626 1634 735 1679 (Ovid.
752 1635 823 1665 fast.
842 1636 876 1675 6,
898 1635 1000 1678 791),
1024 1635 1142 1679 quique

186 1700 218 1730 in
243 1699 452 1730 marmoribus
477 1697 585 1741 (Grut.
611 1697 706 1730 inser.
728 1698 810 1738 106,
833 1698 867 1730 4.
894 1698 1011 1730 Donat.
1032 1699 1092 1739 46,
1108 1700 1144 1743 5)

183 1763 284 1793 Lares
301 1763 422 1806 publici
439 1761 648 1804 appellantur.
680 1760 777 1792 Adde
798 1760 998 1805 Appulejum
1025 1763 1142 1805 (dogm.

181 1827 264 1858 Plat.
287 1838 318 1869 p.
339 1826 412 1857 206
438 1824 537 1867 oud.)
565 1830 598 1855 et
618 1825 800 1856 inferiorem
821 1831 928 1856 notam
954 1825 1007 1870 (ad
1031 1825 1141 1870 §.54).

257 1887 379 1933 Janus]
403 1888 609 1930 Legebantur
626 1887 710 1932 apud
728 1887 876 1920 Grotium
898 1889 981 1921 inter
1001 1891 1087 1922 hune
1110 1896 1142 1922 et

182 1951 385 1996 Opertaneos
401 1951 580 1982 »Favores«
588 1973 600 1990 ,
620 1963 701 1994 quos
719 1952 913 1984 omittendos
932 1965 1003 1985 esse
1019 1955 1140 1995 censui,

181 2014 256 2056 quia
284 2014 364 2046 infra
395 2019 445 2045 ter
474 2011 517 2057 (ἓ.
539 2012 599 2044 48.
625 2013 683 2044 50.
712 2012 774 2056 55)
798 2013 909 2045 Fauor
935 2015 1070 2056 legitur,
1108 2022 1140 2048 et

183 2075 256 2118 quia
282 2088 300 2106 a
327 2075 489 2107 codicibus
519 2073 768 2106 Monacensibus
798 2074 851 2117 (B.
870 2075 912 2108 D.
930 2075 982 2119 Ε.)
1009 2078 1138 2119 rectius,

182 2144 217 2169 ut
240 2144 335 2181 puto,
369 2150 431 2169 vox
453 2137 596 2169 Fauor-es
617 2149 750 2181 prorsus
778 2137 878 2169 abest.
905 2139 1046 2171 Volebat
1069 2141 1136 2184 qui-

183 2202 255 2233 dem
268 2201 434 2233 Vouckius
451 2201 513 2246 (sp.
532 2200 600 2233 erit.
616 2213 648 2245 p.
664 2199 726 2245 80)
752 2200 888 2245 Sopor-es
911 2215 970 2246 pro
993 2204 1137 2236 Favores

183 2274 358 2308 reponere,
398 2263 509 2294 audaci
547 2274 624 2294 sane
666 2263 868 2305 conjectura:
900 2264 958 2296 sed
992 2267 1135 2310 quamvis

192 2326 329 2370 »Sopor,
355 2326 611 2368 consanguineus
633 2326 726 2358 Leti«
758 2327 862 2371 (Virg.
884 2327 968 2360 Aen.
990 2330 1031 2370 6,
1052 2329 1136 2362 278.

183 2388 262 2421 Seu.
285 2388 383 2419 llere.
403 2387 463 2418 fur.
485 2388 568 2419 690.
593 2387 675 2420 Stat.
700 2387 802 2419 Theb.
822 2388 884 2429 12,
909 2390 993 2422 508.
1022 2391 1136 2424 Claud.

184 2452 291 2484 Rufin.
307 2450 341 2491 2,
366 2449 450 2484 525.
476 2450 574 2494 Prop.
592 2452 624 2491 1,
648 2452 682 2491 5,
706 2450 769 2495 45)
789 2452 881 2483 uobis
906 2453 991 2485 haud
1007 2454 1135 2496 ignotus

185 2515 244 2556 sit,
269 2513 445 2547 Martianus
470 2519 577 2545 tamen
602 2514 683 2545 male
709 2515 855 2547 finxisset
880 2517 1007 2560 plures,
1038 2532 1136 2564 quum

185 2591 270 2612 unus
290 2584 412 2610 tantum
434 2578 542 2622 Sopor
566 2589 637 2610 esse
656 2585 778 2623 posset.

258 2639 444 2685 open-tanei]
471 2640 509 2673 Id
526 2645 575 2673 est
595 2656 606 2671 »
614 2639 741 2674 obscuri
765 2645 797 2674 et
813 2653 830 2674 a
851 2641 983 2676 scientia
998 2644 1133 2677 humana

1207 698 1350 729 remotim
1373 699 1533 732 Vnc.·—
1558 698 1605 730 Hi
1623 698 1667 729 dii
1692 698 1747 741 qui
1771 698 1834 729 sint
1851 710 1890 729 ex
1913 706 2023 732 octavo
2047 700 2160 744 liquet,

1206 763 1261 794 ubi
1282 763 1342 794 ait:
1370 775 1453 807 »quo
1478 763 1630 795 miraculo
1663 763 1831 807 stupefacti
1861 763 1953 803 aerii,
1980 769 2158 805 terrestreS,

1205 825 1381 868 mariuique
1404 825 1478 865 divi,
1507 831 1539 857 et
1558 826 1584 856 si
1602 837 1683 869 quos
1705 825 1813 857 clausa
1835 824 1959 855 telluris
1978 827 2151 868 operiunt.-

1204 887 1350 919 Meminit
1373 887 1500 919 Plinius
1527 899 1690 919 sacrorum
1710 892 1963 931 opertaneorum.
1984 886 2088 919 Gno'r.
2110 905 2158 911 ——

1202 949 1288 980 Plin.
1308 949 1364 989 10,
1394 951 1452 981 56.
1477 949 1586 982 valer.
1606 950 1712 982 Flace.
1733 950 1768 990 2,
1795 950 1887 982 440:

1251 1031 1300 1036 —
1325 1027 1335 1041 »
1343 1014 1508 1059 sacrisque
1526 1019 1645 1044 metum
1664 1024 1827 1044 servemus
1849 1013 1994 1055 opertis.«

1204 1071 1306 1104 Gonz.
1321 1091 1368 1096 —
1390 1073 1490 1106 Sacra
1504 1075 1583 1106 haee
1602 1075 1664 1106 hue
1681 1085 1747 1105 non
1759 1073 1921 1119 pertinere
1941 1078 2028 1105 reete
2049 1078 2160 1106 censet

1200 1136 1359 1169 Malles-us
1385 1137 1525 1181 (Etrusc.
1548 1137 1591 1169 Π.
1615 1150 1647 1181 p.
1668 1138 1761 1181 151).

1276 1199 1542 1248 D'octurnusque]
1569 1201 1785 1233 Meminerunt
1808 1201 1963 1241 Plautus,
1988 1200 2156 1243 Papinius,

1201 1263 1263 1294 alii.
1289 1263 1393 1296 Gnor.
1411 1283 1459 1287 »-
1474 1265 1532 1294 Bis
1552 1264 1681 1307 quidem
1705 1264 1866 1295 inducitur
1893 1275 1911 1294 a
1933 1268 2045 1294 nostro
2071 1263 2157 1295 idem

1199 1325 1252 1356 dei
1270 1337 1404 1366 nomen,
1437 1325 1493 1357 sed
1513 1338 1611 1369 quum
1627 1326 1660 1356 in
1680 1325 1827 1356 omnibus
1853 1330 1918 1355 tam
1940 1325 2034 1355 editis
2061 1336 2156 1368 quam

1201 1386 1327 1429 scriptis
1355 1387 1445 1418 libris
1479 1388 1624 1429 legatur,
1666 1386 1838 1430 repetitum
1873 1398 2057 1429 expungere
2090 1398 2156 1418 non

1199 1450 1318 1490 audeo,
1359 1451 1417 1482 sed
1449 1450 1710 1492 distinguendum
1740 1450 1849 1494 potius
1876 1449 1959 1481 inter
1985 1455 2155 1494 utrumque

1197 1512 1343 1545 arbitror.
1383 1513 1584 1556 Hesperum,
1617 1524 1713 1556 quem
1736 1512 1873 1544 Plautus
1899 1510 2030 1554 (Amph.
2054 1513 2093 1551 1,
2121 1513 2153 1551 1,

1198 1573 1282 1616 116)
1308 1579 1340 1605 et
1373 1574 1496 1605 Statius
1523 1572 1640 1617 (Theb.
1663 1575 1705 1613 6,
1730 1572 1817 1616 240)
1844 1584 1861 1603 a
1887 1572 2002 1604 Grotio
2032 1572 2154 1604 laudati

1195 1636 1349 1674 inuuunt,
1374 1635 1436 1666 hoc
1460 1635 1532 1665 loco
1555 1634 1691 1675 intelligi
1711 1634 1763 1665 vix
1788 1645 1885 1677 posse
1909 1634 2055 1667 arbitror.
2094 1634 2151 1667 Vi-

1195 1696 1287 1728 detur
1303 1696 1387 1728 enim
1408 1696 1586 1729 Martianus
1607 1696 1808 1728 Nocturnum
1831 1696 1881 1727 vel
1904 1696 2150 1737 Nocturninum,

1194 1760 1289 1791 deum
1316 1760 1431 1800 noctis,
1459 1760 1617 1801 voluisse,
1655 1759 1695 1791 de
1722 1771 1786 1803 quo
1810 1760 2027 1792 consulendus
2044 1761 2150 1793 Taub-

1193 1833 1328 1852 mannus
1347 1821 1400 1866 (ad
1428 1822 1581 1854 Plautum
1604 1834 1637 1865 p.
1654 1821 1703 1853 28
1722 1821 1830 1866 ibique
1848 1821 1978 1866 Varro).
2004 1821 2151 1855 Suadent

1193 1889 1278 1915 certe
1309 1885 1391 1915 haue
1429 1883 1725 1927 interpretationem
1745 1884 1842 1928 paulo
1874 1890 1947 1915 ante
1982 1885 2149 1916 memorati

1192 1949 1357 1991 opertanei
1378 1946 1432 1980 dii.
1458 1947 1533 1979 Nox
1559 1952 1644 1979 certe
1671 1947 1731 1979 dea
1749 1947 1809 1978 suit
1833 1947 2054 1991 antiquissima
2069 1948 2148 1992 (He-

1191 2011 1272 2044 siod.
1295 2013 1402 2053 theog.
1426 2011 1509 2044 125.
1536 2010 1640 2056 Orph.
1664 2012 1772 2054 hymn.
1800 2011 1834 2044 2.
1859 2011 2002 2045 Pausan.
2024 2013 2064 2053 5,
2089 2013 2145 2051 18,

1191 2076 1224 2109 1.
1252 2076 1317 2116 10,
1345 2076 1404 2107 58.
1437 2074 1494 2118 5),
1522 2087 1617 2118 quam
1648 2081 1680 2106 et
1708 2075 1817 2107 Latini
1843 2081 1958 2120 poetae
1985 2075 2146 2107 celebrant

1188 2139 1294 2183 (Virg.
1315 2138 1401 2171 Aen.
1420 2139 1461 2179 6,
1486 2139 1572 2171 590.
1598 2140 1631 2179 7,
1659 2140 1742 2172 158.
1762 2139 1847 2172 551.
1872 2139 1930 2179 12,
1954 2138 2038 2171 846.
2059 2138 2144 2172 860.

1187 2202 1285 2237 Ovid.
1308 2208 1384 2236 met.
1401 2204 1440 2243 8,
1469 2202 1528 2235 82.
1557 2204 1620 2243 11,
1647 2203 1742 2242 607,
1767 2202 1840 2234 fast.
1872 2202 1910 2241 1,
1942 2201 2028 2234 455.
2059 2201 2143 2235 Stat.

1187 2265 1290 2297 Theb.
1310 2266 1342 2304 1,
1365 2265 1449 2297 498.
1468 2263 1586 2297 Senec.
1602 2264 1702 2295 llere.
1725 2263 1785 2293 sur.
1803 2263 1888 2294 705.
1902 2262 2014 2295 Manil.
2031 2264 2065 2303 5,
2082 2265 2141 2296 60.

1187 2326 1356 2360 claudian.
1372 2326 1449 2358 bell.
1465 2325 1555 2359 Gild.
1572 2324 1678 2368 215),
1708 2324 1824 2367 quibus
1848 2323 1929 2355 adde
1950 2324 2141 2358 Ciceronem
2161 2318 2166 2323 ¹

1185 2390 1239 2436 (N.
1256 2390 1298 2422 D.
1314 2391 1349 2430 5,
1371 2387 1430 2433 17)
1448 2393 1480 2420 et
1499 2388 1666 2431 Hyginum
1683 2387 1745 2431 (pr.
1762 2399 1793 2431 p.
1813 2386 1858 2431 1).
1882 2386 1979 2420 Alius
1996 2389 2140 2431 ejusdem

1185 2453 1321 2487 nominis
1352 2453 1431 2485 deus
1454 2452 1536 2484 infra
1559 2450 1603 2496 (§.
1619 2450 1680 2495 60)
1701 2457 1902 2485 memoratur.

1257 2513 1457 2561 praediatus]
1484 2513 1592 2545 Utitur
1613 2514 1672 2545 hae
1693 2525 1771 2546 voce
1793 2513 2016 2546 Madaurensis
2035 2514 2136 2559 philo-

1185 2581 1304 2624 sophus
1329 2579 1532 2611 Floridorum
1552 2577 1614 2611 IV.
1637 2577 1772 2610 Glossa:
1799 2578 2010 2619 Prae-diatim,
2037 2578 2137 2611 dives.

1184 2645 1287 2678 Gne-r.
1308 2662 1355 2670 -
1381 2643 1507 2678 Sensus
1532 2648 1596 2675 est:
1623 2641 1753 2688 Jupiter
1766 2642 1875 2675 sedem
1888 2648 1919 2675 et
1941 2641 2134 2676 domicilium
