2310 2860
685 142 886 184 Martiam
917 120 1118 199 capenae
1148 141 1220 183 lib.
1248 140 1327 183 lx.
1357 143 1388 194 ς.
1413 142 1514 184 889.
1992 144 2084 186 695

121 251 302 308 piditatis
342 265 445 292 cura
490 251 719 301 concussit,
764 259 812 290 ut
841 249 1035 290 omittere
1067 248 1193 290 vellet
1237 264 1349 304 quac
1383 250 1494 291 circa
1524 251 1762 306 sponsalem
1804 260 1971 292 coetum
2010 266 2081 293 or-

607 332 735 373 Tanti
777 332 937 387 quippe
976 332 1116 373 visum
1155 345 1382 385 nunquam
1422 331 1586 372 Veneri
1622 332 1855 387 displicere.
1913 323 2079 375 Vei-um

119 333 283 374 natiora
320 332 537 388 disposuit.

119 412 326 464 superum
360 421 498 467 pater,
545 411 640 452 licet
669 410 950 452 insinuatione
989 425 1218 466 germanae
1262 420 1308 452 ut
1347 422 1595 467 properaret
1637 413 1898 465 admonium,
1935 423 2080 456 tamen

117 507 172 534 ne
203 493 308 549 quid
333 492 595 548 nuptialibus
619 492 841 547 derogaret
863 493 1107 542 ornatibus,
1139 500 1212 531 aut
1235 500 1372 532 tantae
1405 492 1650 533 eruditionis
1673 508 1853 535 examen
1879 495 2079 536 deliciosa

118 571 381 613 festinatione
421 573 695 623 convelleret,
742 573 818 627 qui
856 572 1178 627 prebendarum
1220 587 1430 612 numerus
1461 583 1718 628 superesset,
1762 575 1866 615 nihil
1900 575 2080 617 afferens

116 652 388 694 festinationis
427 655 626 709 exquirit.
687 653 769 694 Cui
810 653 960 694 Delius
988 653 1258 717 ‘Medicinam
1300 654 1486 708 suggerit
1526 655 1999 712 Architectonicamquc
2034 658 2078 699 in

116 735 378 789 praeparatis
418 735 625 787 assistere3
671 733 745 775 sed
777 732 982 788 quoniam
1023 732 1088 773 his
1120 733 1369 774 mortalium
1400 749 1547 775 rerum
1581 750 1683 777 eura
1717 745 2077 795 terrenorumque

114 814 299 856 sollertia
343 825 422 867 est,
476 830 555 856 nec
594 829 693 855 cum
739 813 911 855 aethere
959 811 1201 868 quidquam
1247 814 1407 856 habent
1451 816 1705 872 superisque
1751 818 1936 871 confine,
1989 821 2076 861 non

113 896 366 953 incongrue,
418 899 540 953 quasi
586 897 752 939 fastidio
792 905 1070 952 respuantur,
1121 895 1165 936 in
1208 905 1356 936 senatu
1399 897 1555 938 coelico
1595 899 1852 950 reticebunt,
1900 901 1953 941 ab
1986 901 2076 956 ipsa

1231 992 1320 1020 una
1362 994 1487 1031 vero,
1548 995 1661 1035 quae
1706 982 1923 1037 potissima
1969 984 2075 1025 coeli

112 978 311 1036 deinceps
361 980 524 1036 virgine
576 978 865 1035 explorandae
918 978 1168 1030 discussius3

111 1059 393 1115 siderumque
414 1060 580 1101 dilectio
612 1070 690 1111 est,
722 1060 928 1100 examinis
951 1058 1081 1112 hujus
1109 1067 1197 1099 tam
1226 1059 1378 1101 favore
1403 1074 1535 1115 quam
1564 1062 1782 1117 voluptate
1807 1063 2074 1118 disquiritur,

111 1142 282 1195 tuisque
321 1142 614 1197 conspectibus
654 1156 739 1182 non
786 1141 937 1196 poterit
977 1141 1065 1180 sinc
1095 1141 1254 1181 scelere
1285 1141 1467 1182 viduari.
1528 1142 1610 1182 Sed
1640 1143 1749 1184 illud
1780 1160 1882 1199 prae
1914 1148 2073 1188 cunctis

109 1222 351 1263 intimatum
382 1222 533 1274 velim,
570 1221 688 1277 quod
711 1221 817 1262 dotis
843 1219 1086 1262 offerendae
1118 1219 1496 1275 cumulandaeque
1526 1222 1744 1277 reciproco
1771 1224 1872 1265 alias
1904 1225 2076 1268 advexit

111 1301 284 1356 virginis
318 1311 455 1342 mater
485 1302 670 1357 puellas,
714 1316 823 1355 quas
861 1301 1071 1356 opulentis
1109 1301 1332 1341 collocatas
1355 1299 1635 1343 ’muneribus
1671 1305 1867 1346 examine
1897 1307 1974 1348 isto
1999 1323 2074 1349 ex-

111 1381 281 1437 plorare
321 1381 546 1422 constituit.
604 1381 697 1421 Hae
731 1380 858 1434 igitur
898 1395 977 1420 nec
1007 1379 1194 1436 dispares
1239 1396 1423 1423 numero
1461 1397 1540 1422 nec
1577 1383 1794 1439 disgregae
1832 1397 2073 1439 venustate,

111 1462 357 1503 eruditionis
405 1462 532 1503 etiam
585 1460 782 1516 dignitate
828 1461 975 1517 paucis
1031 1461 1285 1503 adstantium
1333 1462 1636 1515 conferendae,

110 1558 288 1600 quoque
336 1544 510 1599 virginis
554 1544 811 1598 secretisque
857 1543 1136 1586 sanctioribus
1176 1544 1442 1596 alumnatae,

179 1698 325 1744 coetum]
363 1699 477 1732 Codex
507 1699 713 1733 Monacensis
741 1698 807 1743 (C)
840 1711 973 1740 ern-am,-
1005 1698 1064 1731 sed

108 1768 231 1797 coetum
262 1764 442 1807 sponsalem
479 1763 624 1805 intellig-o
662 1764 787 1795 turbam
823 1763 1062 1808 disciplinarum

107 1825 277 1866 dotalium,
304 1837 383 1869 quas
405 1837 544 1869 sponsae
569 1826 794 1858 destinaverat.

179 1886 557 1935 Architectonieamque]
596 1887 716 1920 Glossa
745 1887 792 1919 B:
829 1888 1062 1931 »principatum

106 1949 349 1982 aedificiorum«
399 1949 486 1981 Ecce
512 1948 670 1982 Graecam
696 1948 886 1991 glossatoris
909 1948 1062 1981 eruditio-

105 2014 193 2046 neml
220 2014 365 2045 Mutuom.

180 2077 277 2123 quasi
295 2072 449 2119 fastidio]
489 2074 618 2106 Reduxi
647 2073 819 2106 lectionem
847 2086 865 2105 a
889 2073 1005 2106 Grotio
1027 2073 1062 2107 in

103 2137 277 2179 marginem
302 2136 470 2178 rejectam,
500 2136 715 2181 adstipulante
738 2136 848 2169 codice
871 2136 1060 2168 Monacensi

103 2200 178 2246 (C)3
212 2201 309 2243 vulgo
344 2213 383 2233 ae
410 2203 458 2242 si,
486 2201 545 2233 sed
570 2200 737 2235 Meihomii
767 2212 896 2245 quoque
924 2206 1059 2244 uterque

101 2264 207 2298 codex
229 2274 267 2294 ae
289 2263 415 2295 omittit.

179 2323 319 2370 dilectio]
345 2326 455 2368 Vulgo
482 2327 638 2368 dileclim',
665 2326 723 2359 sed
748 2326 858 2372 recepi
886 2327 974 2372 quod
991 2326 1059 2369 jam

103 2387 238 2423 Grotius
266 2399 307 2419 ex
343 2387 453 2420 codice
488 2400 548 2421 suo
578 2390 798 2434 recipiendum
824 2395 985 2431 suaserat,
1018 2401 1058 2422 ne

104 2449 262 2494 adjectivo
283 2451 451 2493 potissima
477 2450 711 2484 substantivum
735 2464 829 2484 suum
850 2453 988 2484 deesset.

174 2510 348 2558 reciproco]
375 2514 513 2556 Magnus
530 2513 585 2546 ille
609 2515 762 2557 Cujaeius
785 2516 818 2548 in
839 2515 998 2561 paratitlis
1019 2514 1059 2548 ad

103 2575 150 2621 ²³².-
167 2575 207 2609 de
223 2575 297 2619 jure
318 2574 456 2610 dotiunn
482 2576 569 2610 »Dos
589 2583 639 2610 est
659 2578 808 2624 pensatio
837 2590 971 2613 oncrum
993 2590 1058 2613 ma-

1697 1465 1741 1505 in
1784 1468 2072 1521 penetralibus

1504 1559 1648 1600 quove
1688 1545 1784 1586 odio
1824 1547 2073 1605 quibusque

1114 1700 1277 1742 trimonii,
1304 1713 1368 1745 qua
1394 1701 1518 1733 ratione
1540 1701 1719 1735 Martianus
1747 1703 1882 1747 Capella
1904 1717 1969 1737 non
1987 1706 2070 1740 male

1112 1763 1198 1795 dotis
1226 1763 1407 1796 offerendae
1442 1763 1716 1808 cumulandaequc
1744 1765 1943 1809 reciprocum
1971 1768 2069 1809 dixit,

1113 1831 1146 1857 et
1170 1825 1232 1857 alio
1256 1825 1346 1856 loco:
1378 1830 1484 1856 utrum
1507 1826 1707 1869 repensatrix
1729 1827 1830 1858 data.«
1863 1829 1972 1861 Locus
1991 1831 2071 1862 alter

1113 1901 1209 1933 quem
1234 1889 1339 1921 innuit
1354 1889 1615 1933 incomparabilis
1631 1889 1886 1931 jurisconsultus
1906 1894 2069 1938 aliquanto

1111 1951 1194 1983 infra
1218 1951 1392 1983 esthor.

1186 2011 1373 2058 collocatas]
1401 2011 1469 2045 Alii
1498 2018 1580 2045 teste
1606 2014 1722 2047 Grotio
1744 2015 1779 2065 in
1803 2016 1945 2059 margine
1974 2020 2066 2051 eollo·

1113 2081 1250 2115 catara,
1275 2075 1332 2107 sed
1349 2074 1493 2107 mutandi
1514 2087 1610 2107 eausa
1637 2076 1726 2108 nulla
1753 2083 1812 2108 est.

1185 2152 1245 2172 nec
1264 2138 1421 2184 dispares]
1441 2138 1498 2172 Sic
1521 2140 1625 2173 codex
1641 2141 1848 2174 Monacensis
1867 2142 1938 2185 (C),
1962 2155 2068 2188 neque

1109 2202 1287 2244 refragatur
1320 2202 1604 2243 Darmstattensis,
1638 2203 1693 2246 qui
1725 2203 1856 2236 exhibet
1890 2217 1976 2246 nonj
2009 2206 2067 2238 sed

1109 2264 1206 2306 vulgo
1234 2275 1367 2308 prorsus
1395 2263 1503 2308 inepte
1527 2265 1629 2297 modo.

1184 2325 1365 2371 disqreqae]
1393 2326 1585 2359 Dissimiles.
1598 2327 1744 2359 vtum.

1181 2386 1409 2432 sanctioribus]
1428 2388 1456 2419 E
1471 2388 1581 2421 codice
1598 2388 1856 2419 Reiehenaucnsi
1871 2389 1933 2422 hoe
1946 2391 2065 2436 recepi,

1108 2463 1208 2495 quum
1226 2450 1322 2493 vulgo
1339 2453 1561 2484 sanctionibus
1580 2452 1742 2493 legeretur
1765 2451 1868 2483 minus
1886 2455 2065 2490 commode.

1109 2514 1159 2545 Dc
1191 2513 1348 2545 *vocabulo
1383 2514 1472 2558 quod
1505 2513 1651 2558 sequitur
1679 2514 1865 2546 alumnaeae
1893 2515 1965 2547 vide
1995 2516 2063 2548 Ou-

1109 2576 1320 2625 dendorpium
1347 2577 1407 2624 (ad
1427 2576 1551 2625 Appul.
1576 2578 1615 2619 G,
1650 2589 1682 2623 p.
1697 2577 1771 2610 425
1796 2583 1828 2609 et
1852 2578 1891 2620 9,
1917 2591 1948 2623 p.
1965 2579 2062 2624 (362).

2111 333 2201 375 890

2114 657 2198 700 891

2109 1143 2198 1186 892
