2310 2860
641 157 841 201 Martiani
871 158 1069 216 Capellae
1099 158 1296 203 liquII.
1326 162 1356 213 ᾗ.
1382 160 1476 204 78L
1957 165 2045 208 621.

84 275 122 306 et
151 274 243 306 octo
278 266 386 306 inter
423 279 466 306 se
504 265 770 321 incompositi
810 276 918 307 sunt.
985 268 1027 308 Si
1066 277 1149 308 tres
1192 268 1325 322 juncti
1363 278 1461 310 sunt
1499 284 1551 311 ex
1590 270 1811 321 omnibus,
1853 273 1929 327 qui
1961 273 2041 313 snb

84 346 234 388 eadem
269 348 430 388 ratione
467 357 588 398 sunt,
635 363 687 388 ex
728 347 792 388 his
822 346 909 388 duo
951 346 1129 402 quilibet
1159 348 1201 388 in
1234 363 1370 389 unuin
1403 349 1487 390 dati
1520 366 1618 391 cum
1656 353 1773 393 tertio
1806 368 1889 393 non
1923 368 2042 393 com-

82 436 316 481 ponuntur.
378 428 467 468 Sint
498 437 579 468 tres
614 427 784 468 numeri
824 441 1005 478 novem,
1053 426 1305 479 duodecim,
1358 429 1564 482 sedecim3
1614 431 1772 472 horum
1816 433 2043 488 insequens

78 523 248 563 semper
290 509 419 564 priori
453 509 731 563 supertertius
772 517 854 558 est,
907 522 984 548 nec
1016 507 1091 547 ulli
1123 517 1204 548 tres
1245 508 1431 550 minores
1469 510 1555 551 duo
1594 512 1727 564 juncti
1762 514 2041 568 reperientur.

79 588 408 630 Confundantur
442 590 485 630 in
518 604 656 631 unum
698 604 854 631 novem
890 599 929 629 et
968 588 1219 640 duodecim,
1264 588 1371 631 fiunt
1408 591 1552 646 viginti
1582 607 1714 645 unus3
1765 594 1808 634 hi
1841 610 1939 635 cum
1975 610 2042 635 sc—

79 670 218 711 decim
253 686 338 712 non
367 681 697 726 componuntur.
757 670 798 711 Si
828 671 970 725 impar
997 686 1206 712 numerus
1237 686 1336 712 curn
1372 672 1516 726 aliquo
1550 675 1745 728 componi
1777 690 1860 715 non
1893 686 2039 731 potest,

77 766 157 791 nee
189 766 287 792 cum
320 752 534 807 duplicato
567 751 740 807 quidem
775 766 824 791 eo
855 752 1140 807 componitur.
1198 752 1289 791 Sint
1320 752 1512 806 quinque
1545 761 1584 792 ct
1615 762 1729 804 octo,
1775 754 1817 793 hi
1850 755 1956 795 inter
1989 770 2034 795 se

75 831 342 888 incompositi
366 842 484 885 sunt3
521 832 795 888 duplicentur
826 842 940 882 octo,
968 832 1074 874 fiunt
1096 834 1302 886 sedecim3
1338 850 1415 874 nec
1447 849 1546 874 cuin
1573 834 1636 875 his
1661 835 1835 890 quidem
1862 850 2039 891 quoquc

75 914 272 968 componi
313 923 503 969 possunt.
565 913 607 954 Si
645 913 732 954 duo
772 922 812 953 et
852 913 972 953 alteri
1009 913 1095 954 duo
1127 916 1297 956 numeri
1329 926 1549 971 ponuntur
1585 917 1668 967 sic,
1714 927 1758 958 ut
1798 926 1949 958 neuter
1984 933 2036 958 ex

73 994 288 1048 prioribus
320 1009 418 1035 cum
453 995 654 1035 alterutro
686 1009 738 1033 ex
769 994 1090 1049 insequentibus
1124 998 1320 1052 componi
1353 998 1503 1052 possit,
1548 1012 1625 1037 nec
1655 998 1690 1037 is
1726 998 1925 1052 quidem,
1959 998 2036 1053 qui

73 1073 126 1113 de
157 1074 327 1115 duobus
370 1075 583 1129 prioribus
621 1074 757 1114 factus
790 1083 869 1124 est,
920 1074 1118 1128 componi
1161 1089 1261 1116 cum
1304 1075 1506 1116 alterutro
1538 1076 1853 1131 insequentium
1890 1088 2036 1133 potest.

73 1154 162 1195 Sint
196 1154 284 1194 duo
324 1155 494 1194 numeri
534 1163 720 1207 quatuor
755 1162 793 1193 et
834 1163 946 1204 octo,
1004 1155 1103 1195 item
1142 1156 1208 1196 alii
1241 1155 1327 1196 duo
1361 1157 1554 1210 quinque
1588 1166 1628 1197 et
1657 1167 1841 1212 septem,
1886 1170 2037 1201 neuter

70 1249 122 1274 cx
171 1234 386 1289 prioribus
426 1235 625 1290 componi
664 1249 761 1274 cum
806 1234 1008 1276 alterutro
1060 1237 1376 1291 insequentium
1418 1246 1571 1292 potest,
1633 1237 1949 1280 confundantur
1990 1240 2035 1281 in

70 1327 210 1354 unum
251 1324 438 1368 quatuor
480 1323 520 1354 et
560 1323 675 1365 octo,
730 1313 838 1354 fiunt
878 1315 1129 1368 duodecim,
1186 1334 1239 1358 ne
1277 1318 1322 1358 hi
1368 1317 1543 1372 quidem
1586 1332 1685 1358 cum
1725 1318 1918 1373 quinque
1960 1330 2033 1361 aut

69 1403 230 1450 septem
271 1404 602 1450 componuntur.
661 1395 831 1435 Minimi
873 1399 1043 1437 numeri
1083 1413 1135 1438 ex
1172 1398 1260 1447 his,
1310 1397 1385 1451 qui
1423 1397 1503 1436 sub
1545 1397 1694 1437 cadem
1726 1399 1888 1439 ratione
1918 1410 2032 1449 sunt,

69 1476 176 1517 inter
214 1491 257 1516 se
295 1476 561 1531 incompositi
600 1485 719 1527 sunt,
759 1485 806 1517 ut
841 1477 884 1516 in
923 1476 1044 1532 dupli
1082 1478 1242 1518 ratione
1286 1477 1452 1517 minimi
1491 1487 1588 1518 sunt
1629 1469 1716 1518 duo
1750 1488 1789 1519 et
1819 1490 2030 1533 quatuor,

67 1558 109 1598 in
141 1556 294 1612 triplici
330 1557 417 1597 duo
460 1566 499 1597 et
536 1571 631 1606 sex,
678 1556 812 1610 hique
850 1558 960 1599 inter
989 1574 1034 1598 se
1063 1574 1148 1599 non
1183 1567 1514 1613 componuntur.
1574 1558 1629 1599 At
1658 1560 1858 1611 quamvis
1889 1564 2033 1616 magni

66 1637 237 1678 numeri
277 1646 525 1687 sumantur,
576 1636 652 1691 qui
690 1636 799 1677 inter
842 1652 887 1677 se
924 1638 1190 1693 incompositi
1229 1648 1348 1688 sunt,
1405 1639 1569 1678 minimi
1604 1648 1702 1678 sunt
1738 1654 1789 1679 ex
1830 1642 2031 1682 omnibus

68 1718 143 1772 qui
173 1717 253 1757 'sub
294 1717 441 1758 eadem
479 1717 642 1758 ratione
671 1727 780 1758 sunt.
847 1718 958 1769 Sint,
1002 1728 1048 1759 ut
1076 1719 1119 1759 in
1155 1718 1241 1759 duo
1274 1718 1328 1759 ad
1359 1732 1520 1769 unum,
1566 1718 1736 1759 ducenti
1768 1728 1807 1760 et
1837 1731 2030 1775 centum3

67 1797 112 1838 hi
142 1798 249 1839 inter
271 1813 316 1839 se
345 1814 431 1839 non
463 1808 802 1853 compo-nuntur3
844 1808 904 1840 est
934 1807 1078 1838 autem
1108 1799 1216 1839 inter
1243 1813 1314 1838 eos
1333 1798 1518 1853 partium
1554 1798 1681 1848 ratio,
1713 1798 1830 1853 quod
1859 1799 2030 1842 ducenti

67 1886 105 1917 et
136 1887 307 1918 centum
357 1887 397 1917 et
444 1892 530 1918 uno
575 1878 752 1919 dimidio
791 1888 831 1919 et
867 1879 1095 1933 nonaginta
1124 1894 1282 1919 novem
1322 1880 1514 1934 partibus
1546 1879 1813 1921 antecedunt.
1871 1883 2030 1938 Neque

64 1957 105 1998 id
128 1972 217 1998 esse
244 1958 351 1998 inter
378 1957 487 1997 ullos
523 1958 710 1998 minores
736 1973 940 1999 numeros
966 1969 1112 2014 potest.
1172 1961 1324 2010 Quum
1350 1975 1452 2001 vero
1479 1976 1707 2001 mensurae
1732 1962 1838 2002 ratio
1862 1963 2029 2017 efficiat,

64 2049 110 2080 ut
137 2038 312 2093 quidam
341 2052 417 2093 per
441 2052 484 2078 se
515 2037 780 2093 incompositi
812 2039 1105 2094 compositive,
1142 2041 1319 2094 quidam
1346 2041 1454 2082 inter
1477 2057 1520 2082 se
1553 2043 1772 2097 compositi
1802 2043 2027 2100 incompo-

63 2122 181 2163 sitive
211 2122 315 2173 sint,
344 2136 429 2161 non
455 2120 644 2162 alienum
672 2120 842 2165 videtur
872 2122 1137 2163 documentis
1164 2123 1354 2178 protinus
1384 2123 1606 2177 subjicere.
1638 2124 1792 2165 Omnis
1814 2139 2024 2167 numerus

135 2271 164 2301 si
183 2269 261 2314 tres]
289 2270 366 2303 Scil.
394 2272 537 2313 numeri,
574 2284 643 2304 non
669 2284 822 2304 numerus
850 2272 1017 2304 ternarius.
1144 2283 1186 2303 ex
1204 2270 1268 2316 lais]
1296 2272 1430 2304 Grotius
1449 2279 1480 2304 et
1493 2273 1556 2311 his,
1577 2279 1686 2305 contra
1707 2274 1900 2305 anteriorum
1916 2273 2022 2307 fidem.

62 2330 174 2362 Juneti
198 2336 304 2362 autem
328 2344 368 2363 ex
391 2334 553 2375 omnibus„
584 2334 638 2378 qui
671 2335 730 2366 sub
757 2334 868 2366 eadem
893 2335 1019 2366 ratione
1142 2334 1270 2380 quidem
1289 2332 1430 2380 quoqne]
1454 2334 1556 2365 Immo
1582 2336 1724 2382 quinque
1731 2358 1744 2373 ,
1776 2346 1841 2365 non
1860 2346 1996 2381 quoque.

63 2398 153 2432 sunt,
186 2392 335 2424 dicuntur
358 2393 397 2432 ii,
424 2394 480 2437 qui
510 2407 550 2426 ex
575 2396 700 2428 duobus
729 2396 901 2438 cujuslibet
921 2396 1016 2427 ratio·
1142 2397 1177 2427 ιἠ.
1198 2395 1327 2440 triplici]
1355 2397 1544 2439 Legendum
1565 2403 1642 2441 puto
1667 2400 1702 2429 in.
1728 2399 1833 2440 tripli,
1851 2398 2021 2430 subaudita

61 2454 109 2485 nis
136 2453 278 2485 terminis
303 2460 335 2484 et
362 2465 470 2485 secum
494 2461 526 2486 et
548 2456 632 2488 inter
653 2469 687 2489 se
709 2458 929 2503 multiplicatis
955 2458 1016 2489 orti
1068 2456 1109 2492 ἐκ
1136 2456 1208 2491 τοῦ
1228 2457 1361 2492 κοινοῦ
1387 2470 1465 2490 voce
1488 2462 1624 2492 ratione.
1635 2458 1738 2490 Gnor.
1748 2477 1796 2481 ——-
1822 2458 1962 2500 Vulgata
1978 2472 2021 2492 cx

61 2522 150 2557 sunt,
175 2522 211 2547 ut
230 2528 362 2557 novem,
384 2517 568 2559 duodecim,
595 2521 748 2561 sedecim,
773 2533 814 2553 ex
835 2526 885 2553 ter
903 2521 1013 2562 ternis,
1067 2520 1193 2554 Graeco
1215 2517 1345 2566 ,λόγος
1385 2519 1612 2568 τριπλάσιος
1650 2521 1778 2553 defendi
1800 2527 1918 2565 potest.

59 2584 108 2610 ter
137 2578 316 2623 quaternis,
357 2584 470 2622 qnater
500 2580 614 2621 ternis,
640 2587 673 2613 et
700 2588 813 2627 quater
839 2583 1012 2628 quaternis
1139 2582 1350 2629 documentis]
1373 2583 1512 2617 Codices
1529 2584 1741 2618 Monaeenses
1764 2594 1824 2628 pro
1854 2586 1915 2617 hac
1940 2596 2019 2619 voce

2076 677 2162 719 782
