2310 2860
119 454 136 481 A

167 180 255 222 228

739 173 938 217 Martiani
974 170 1174 228 Capellae
1210 169 1285 211 lib.
1309 167 1363 210 II.
1408 168 1559 222 §.176.

171 285 415 334 videbatur,
456 280 574 338 quod
600 281 774 337 quidem
807 278 1010 335 serpentis
1036 276 1194 332 gemini
1216 276 1434 318 lambebat
1462 269 1678 332 implexio.
1720 275 1876 318 Subter
1908 274 2123 331 quaedam

170 366 406 422 praenitens
446 363 588 418 virga,
635 363 758 417 cujus
797 370 924 417 caput
959 369 1181 411 auratum,
1220 358 1362 401 media
1399 359 1574 414 glauca,
1619 359 1762 414 piceus
1796 357 1889 399 finis
1923 355 2125 399 exstabat.

171 447 260 486 Sub
297 445 446 485 dextra
485 442 651 485 testudo
705 442 991 495 minitansque
1026 455 1158 496 nepa,
1199 455 1223 482 a
1261 440 1384 483 laeva
1423 455 1562 497 capra.

171 539 260 579 tulit,
286 538 379 582 plura
397 537 484 568 dabit
501 535 620 568 Strabo
640 536 712 578 (17,
736 547 766 577 p.
780 534 851 566 825
877 532 1049 573 casaub),
1076 532 1123 563 in-

172 613 233 646 que
258 599 368 645 primis
388 598 497 631 Ovidii
521 603 607 642 (met.
630 599 669 639 5,
693 597 779 639 551)
803 596 853 628 hic
877 605 989 627 versus
1012 600 1125 626 notan-

172 667 231 698 dus
256 665 329 696 erit:

226 727 338 757 »Pisce
363 725 474 756 Venus
496 725 611 761 latuit,
636 722 798 765 Cyllenius
822 721 926 752 Ibidis
952 720 1030 751 alis«

170 790 257 834 (add.
271 789 464 833 Apollodor.
483 789 514 828 1,
533 789 568 828 6,
586 789 620 820 5.
639 786 760 818 Αιιῐοῃ.
774 785 911 817 Liberal.
928 784 985 815 28.
1005 796 1036 827 p.
1055 784 1124 814 187

172 853 269 884 Verh.
286 851 408 894 Hygin.
428 855 600 881 astronom.
617 849 651 889 2,
674 848 732 879 28.
751 861 782 891 p.
801 847 875 879 404
893 846 1021 878 Munck.
1041 845 1125 876 1101·-

172 914 269 958 apoll.
292 915 331 952 1,
365 914 411 944 10
438 911 482 955 f.)-

244 973 368 1019 peluso]
391 975 441 1005 De
461 971 612 1006 Mercurii
629 970 753 1015 pennis,
778 969 897 1012 galero,
920 969 1018 1010 virga,
1041 969 1124 1010 gallo

172 1039 243 1070 vide
260 1039 409 1079 Fulgent.
428 1036 667 1081 mytliologicon
692 1035 761 1065 Lib.
784 1034 808 1066 I.
838 1039 870 1065 et
893 1032 1060 1064 Albricum
1086 1033 1125 1063 (lc

171 1102 341 1134 Mercurio.
361 1102 465 1133 Gnor.

246 1161 415 1206 numium]
452 1161 594 1193 Auream
623 1159 743 1200 virgam
769 1157 920 1190 Mercurii
948 1156 1017 1199 jam
1051 1168 1124 1198 cog-

173 1237 289 1256 nomen
311 1224 380 1266 cjus
410 1219 684 1270 χρυόὸῤῥαπις
712 1225 846 1252 testatur
870 1219 965 1264 (conf.
991 1219 1125 1251 Homer.

172 1289 200 1318 h.
223 1287 256 1318 in
277 1287 375 1318 Merc.
400 1286 483 1317 527.
516 1283 707 1327 Apollodor.
726 1284 765 1321 5,
799 1283 860 1321 10,
886 1282 918 1313 2.
944 1280 1046 1324 Orph.
1062 1280 1124 1312 Ar-

171 1363 244 1392 gon.
272 1352 354 1383 155.
380 1349 494 1379 llorat.
518 1347 582 1379 Od.
609 1348 647 1386 1,
675 1346 738 1385 10,
768 1345 823 1376 19.
847 1345 981 1376 Cornut.
1002 1345 1063 1384 16,
1091 1344 1124 1375 in

173 1414 244 1445 Gal.
271 1425 378 1456 opusc.
399 1424 430 1456 p.
458 1409 554 1453 165).
585 1408 740 1443 Martialis
768 1419 896 1451 quoque
921 1408 969 1450 (7,
994 1408 1057 1447 74,
1087 1407 1123 1451 2)

171 1490 242 1508 eum
268 1475 460 1519 alloquitur:

225 1537 353 1569 »Aurea
376 1539 430 1568 cui
452 1541 534 1568 torto
558 1534 646 1576 virga
668 1534 806 1566 dracone
829 1534 921 1565 viret.
930 1546 941 1561 u

166 1602 237 1635 ‚Sed
268 1607 378 1632 nostro
409 1600 482 1631 loco
516 1603 611 1641 caput
645 1602 768 1628 tantum
804 1601 963 1634 auratum,
1001 1594 1124 1637 reliqua

170 1661 304 1693 diversis
344 1660 506 1692 coloribus
543 1664 671 1696 notata,
710 1657 826 1700 quibus
861 1656 986 1687 diversa
1015 1655 1126 1687 mundi

168 1734 284 1765 regna,
317 1721 416 1761 coeli,
443 1720 557 1760 maris,
585 1725 617 1750 et
642 1718 738 1758 Orci,
767 1717 937 1759 significari
958 1717 1123 1756 videntur,

168 1785 218 1816 his
252 1783 336 1815 enim
369 1782 515 1814 omnibus
542 1781 660 1825 pariter
684 1780 802 1811 servire
825 1779 1003 1812 Mercurius
1029 1791 1125 1823 supra

169 1848 332 1880 dicebatur
355 1845 516 1891 (§.128).

247 1906 390 1952 testudo]
424 1907 516 1938 llaec
553 1905 646 1937 etiam
683 1904 767 1936 inter
799 1904 950 1936 Mercurii
982 1904 1125 1947 symbola

172 1973 347 2004 reserenda.
388 1971 415 2002 E
444 1970 603 2002 testudine
631 1968 715 2000 enim
741 1968 808 2012 lyra
835 1980 851 1999 a
876 1968 1036 2001 Mercurio
1063 1968 1126 2012 pri-

173 2046 258 2066 mum
279 2039 328 2065 est
346 2032 488 2064 confecta
506 2031 632 2075 (Horat.
651 2030 756 2074 Epod.
781 2031 842 2070 15,
870 2031 901 2061 7.
928 2029 991 2062 Od.
1007 2031 1042 2070 5,
1070 2031 1125 2071 11,

174 2096 211 2140 5)
236 2095 320 2127 unde
344 2095 395 2126 hic
428 2106 557 2126 »curvae
579 2094 666 2137 lyrae
690 2104 823 2136 parens«
850 2092 913 2135 (Id.
935 2094 972 2133 1,
1001 2094 1062 2133 10,
1091 2092 1125 2136 5)

176 2159 363 2204 appellatur.
391 2158 515 2189 Deinde
539 2158 607 2200 lyra
627 2157 682 2188 illa
704 2156 737 2187 in
757 2156 882 2188 coelum
905 2161 954 2187 cst
974 2157 1127 2188 translata

176 2223 308 2266 (Hygin.
329 2226 414 2265 po'et.
437 2226 511 2251 astr.
528 2221 566 2259 2,
589 2222 619 2251 7.
646 2220 830 2252 Nicomach.
854 2221 952 2253 hal-m.
975 2220 1008 2251 2.
1031 2232 1061 2263 p.
1079 2221 1127 2251 29

177 2284 273 2316 Meib.
292 2282 383 2314 Arat.
405 2282 478 2313 266
492 2299 538 2303 ——
551 2281 653 2323 274),
682 2293 779 2324 quare
804 2281 954 2313 Ciceroni
973 2281 1019 2325 (in
1035 2280 1126 2312 Arat.

178 2350 247 2380 5:31
284 2352 316 2378 et
346 2344 439 2388 465)
472 2344 569 2375 »fides
596 2343 762 2386 Cyllenia«
798 2350 863 2385 est,
902 2357 984 2389 quae
1023 2344 1127 2378 Arato

180 2409 279 2453 (2396)
304 2403 399 2453 λύρη
423 2402 665 2449 Ηυλληναίη.

255 2467 350 2513 nepa]
380 2468 492 2499 Genus
517 2471 566 2497 cst
589 2464 721 2508 scorpii,
749 2465 803 2508 qui
831 2466 930 2498 fertur
952 2467 1036 2499 filios
1054 2479 1129 2500 suos

184 2533 351 2563 demi-arc:
373 2540 436 2560 uno
461 2528 492 2559 in
516 2526 591 2558 setis
616 2526 712 2557 dorso
736 2526 804 2567 ejus
831 2527 1012 2560 inhaerente
1037 2535 1131 2573 atque

184 2596 226 2626 ita
251 2596 383 2623 mortem
410 2590 574 2621 madente.
611 2587 697 2620 Hinc
725 2593 758 2620 ct
784 2599 885 2632 nepos
914 2590 1046 2632 dicitur,
1078 2591 1132 2635 qui

1645 440 1727 482 Sed
1764 440 1925 482 dilofon
1969 439 2125 488 alitem,

1175 531 1341 563 facultates
1365 543 1440 563 suas
1462 543 1519 575 per
1541 531 1652 562 luxum
1670 531 1819 574 prodigit.
1848 532 1914 563 Per
1934 528 2126 562 testudinem

1175 600 1300 635 autem,
1337 607 1465 639 nepam,
1498 601 1530 627 et
1556 607 1700 638 capream
1728 595 1760 626 id
1784 595 1994 636 significatur:
2018 604 2125 636 quem-

1176 656 1346 688 admodum
1368 657 1495 688 tcstudo
1523 656 1662 700 undique
1685 656 1854 687 durissimo
1878 661 2003 697 tergore
2025 653 2126 685 muni-

1175 726 1244 761 tur,
1272 721 1316 752 ita
1341 732 1521 752 sermonem
1551 720 1688 751 rhetoris
1717 720 1832 751 debere
1864 719 1950 750 omni
1972 730 2012 749 ex
2038 722 2126 761 parte

1176 784 1439 828 circumspectum
1458 796 1529 816 esse
1550 790 1644 828 atque
1664 784 1765 815 instar
1780 783 1897 826 scorpii
1914 781 2127 814 adversarium

1176 845 1323 878 celeriter
1351 845 1454 877 ferire.
1505 846 1570 877 Per
1598 858 1744 889 capream
1783 845 1935 876 velocitas
1973 843 2127 874 sermonis

1177 908 1379 949 significatur.
1396 908 1499 940 vitm.
1517 928 1563 932 —-
1585 908 1675 950 Quot
1699 913 1899 951 quantaeque
1917 906 2036 947 nugae!
2061 904 2129 936 Nec

1176 971 1347 1013 Pignorius
1371 971 1423 1015 (ad
1444 972 1507 1002 tab.
1533 971 1626 1003 Isiac.
1657 985 1687 1015 p.
1709 972 1770 1013 82)
1800 973 1884 1002 hune
1907 970 2014 1001 locum
2036 968 2127 1000 intel-

1176 1033 1269 1073 lexit,
1308 1045 1423 1076 nepam
1454 1045 1514 1077 pro
1557 1033 1681 1076 scorpio
1725 1032 1893 1075 accipiens.
1934 1031 2127 1072 Ambiguam

1177 1095 1305 1127 omuino
1322 1108 1433 1128 vocem
1455 1108 1526 1127 esse
1548 1096 1664 1127 Festus
1687 1097 1731 1140 (p.
1749 1097 1835 1137 275)
1852 1100 1986 1126 testatur
2004 1094 2126 1126 verbis:

1183 1170 1283 1201 »nepa
1305 1156 1458 1189 Afrorum
1480 1157 1588 1199 lingua
1619 1157 1725 1197 sidus,
1761 1157 1848 1200 quod
1872 1157 1998 1188 Cancer
2017 1143 2126 1200 'appel-

1174 1219 1279 1259 latur,
1312 1219 1379 1259 vel,
1415 1225 1450 1250 ut
1474 1219 1603 1262 quidam
1630 1219 1758 1259 volunt,
1786 1218 1969 1262 Scorpius«
2011 1218 2127 1250 Clarus

1174 1288 1282 1314 tamen
1306 1283 1390 1326 apud
1419 1283 1571 1314 Plautum
1607 1283 1695 1315 vocis
1733 1293 1846 1313 sensus
1877 1293 1917 1312 cx
1944 1282 2005 1312 hoc
2034 1292 2128 1312 versu

1175 1346 1241 1378 exit
1262 1346 1350 1389 (Cas.
1373 1347 1407 1385 2,
1429 1348 1464 1386 8,
1490 1346 1539 1388 7)=

1232 1408 1412 1439 »Recessim
1435 1408 1545 1439 cedam
1563 1407 1608 1438 ad
1619 1408 1788 1450 parietem,
1814 1406 1962 1438 imitabor
1979 1417 2121 1449 nepam.-

1175 1469 1287 1512 Quum
1315 1474 1421 1500 autem
1450 1468 1568 1501 Cancri
1599 1468 1745 1500 tutelaris
1771 1468 1850 1500 deus
1874 1467 2053 1500 Mercurius
2074 1467 2128 1499 ha·

1174 1531 1261 1562 bitus
1279 1535 1376 1570 esset,
1394 1530 1470 1573 quid
1484 1531 1599 1561 mirum
1616 1532 1818 1560 minitantem
1837 1541 1950 1572 nepam
1964 1529 2048 1559 inter
2068 1527 2128 1558 alia

1176 1594 1245 1635 ejus
1281 1593 1429 1636 symbola
1454 1605 1471 1623 a
1492 1598 1605 1624 nostro
1624 1593 1756 1624 relatam
1773 1593 1868 1624 csse?
1895 1592 1985 1635 Quid
1996 1592 2125 1632 mirum,

1176 1669 1273 1700 quum
1297 1656 1330 1688 in
1360 1656 1492 1698 gemmis
1519 1656 1614 1689 etiam
1641 1668 1769 1696 cancer,
1802 1656 1959 1688 caduceus
1987 1661 2018 1686 ct
2048 1656 2128 1686 aries

1170 1718 1275 1760 juncti
1300 1717 1368 1761 (ap.
1397 1718 1524 1749 Passer.
1559 1718 1592 1750 in
1623 1730 1734 1760 gemm.
1762 1718 1859 1749 astris.
1890 1717 1914 1748 Ι.
1947 1717 2009 1748 tab.
2039 1718 2129 1760 154)

1175 1782 1401 1825 compareant?

1227 1841 1343 1888 capra]
1371 1842 1427 1875 Sic
1454 1843 1666 1875 Monacenses
1697 1843 1748 1886 (Β.
1765 1843 1806 1874 D.
1821 1842 1864 1886 E)
1887 1854 1946 1887 pro
1972 1843 2056 1885 vulg.
2078 1855 2128 1875 σα·

1175 1917 1251 1948 pren
1261 1928 1272 1943 ,
1294 1910 1407 1948 estque
1428 1904 1562 1936 alterum
1582 1905 1733 1937 Mercurii
1758 1904 1948 1948 symbolum.
1985 1903 2131 1937 Arietem

1178 1967 1262 1998 enim
1296 1966 1422 1997 fidelem
1456 1966 1607 1998 Mercurii
1645 1966 1792 1998 comitem
1828 1966 1929 1998 fuisse
1965 1966 2027 1998 alio
2057 1966 2128 1999 loco

1177 2030 1349 2075 (palaeogr.
1375 2030 1442 2062 crit.
1465 2030 1524 2062 111.
1546 2029 1574 2074 ξ.
1597 2030 1685 2074 280)
1708 2030 1836 2062 uberius
1863 2029 2086 2062 demonstravi.

1254 2090 1392 2136 dilofon]
1419 2091 1584 2135 Diloplion
1619 2092 1743 2133 alitem,
1775 2091 1860 2132 ibin,
1887 2091 1979 2134 quasi
2010 2090 2127 2125 ὃειλο-

1179 2165 1260 2201 φιν,
1296 2153 1383 2198 quod
1415 2153 1616 2185 formidinem
1643 2153 1844 2197 serpentibus
1871 2152 2011 2184 incutiat.
2026 2153 2128 2185 Vrec.

1180 2235 1226 2241 ——-
1243 2215 1294 2247 De
1316 2215 1416 2257 gallo,
1442 2228 1536 2259 quem
1559 2214 1727 2263 ὃίλοφον
1746 2214 1888 2246 nominat
1911 2214 2063 2258 Capella,
2085 2216 2128 2247 bi-

1181 2279 1366 2315 cristatmn,
1398 2277 1469 2308 vide
1495 2276 1657 2318 Fulgentii
1681 2275 1922 2318 mythologieon
1946 2276 2018 2307 Lib.
2043 2278 2072 2308 1.
2097 2282 2129 2307 et

1179 2338 1347 2370 Albricum
1383 2338 1421 2368 ‹lc
1452 2337 1623 2369 Mercurio.
1647 2336 1749 2369 Gnor.
1769 2356 1817 2362 —
1853 2336 1994 2369 Omnino
2017 2337 2130 2370 melior

1179 2403 1257 2434 haec
1277 2400 1382 2433 Grotii
1409 2400 1578 2443 explicatio
1600 2405 1667 2439 est,
1692 2411 1786 2443 quam
1810 2400 1971 2435 Vulcanii.
1997 2402 2129 2441 Alilem,

1182 2476 1247 2497 non
1278 2465 1397 2502 alilen,
1437 2463 1643 2495 Britannicus
1672 2463 1766 2495 etiam
1796 2469 1829 2495 et
1855 2464 2128 2506 Cantabrigicnsis

1184 2529 1345 2572 praebent.
1380 2528 1431 2559 De
1457 2527 1607 2559 Mercurii
1629 2527 1713 2569 gallo
1735 2527 1891 2571 permulta
1907 2527 1983 2559 olim
2005 2529 2050 2571 (in
2064 2529 2127 2572 pal.

1183 2590 1250 2624 crit.
1271 2590 1332 2624 IV.
1356 2587 1384 2634 ἓ.
1412 2589 1502 2631 874)
1531 2601 1549 2621 0
1581 2594 1722 2621 veterum
1749 2588 1874 2634 scriptis
1901 2589 2125 2621 monumentis-
