2310 2860
83 341 168 383 166

193 155 287 199 220

767 149 968 193 Martiani
1001 146 1199 204 Capellae
1228 146 1301 188 lib.
1324 145 1379 189 II.
1409 149 1441 200 §.
1471 145 1566 189 165.

201 261 466 317 madoreque
495 259 632 301 infero
670 258 911 300 turbidatus
965 254 1225 311 egredientes
1261 269 1284 294 e
1317 253 1566 309 corporibus
1598 254 1762 295 animas
1787 253 1977 309 quodam
2008 252 2157 295 fluenti

203 352 321 384 aestu
373 339 572 381 collidens
622 354 708 380 non
751 338 873 379 facile
927 336 1084 391 patitur
1136 334 1320 377 evolare.

1398 335 1598 390 Hincque
1638 344 1824 376 tractum
1877 334 2155 390 Pyriphlege-

202 424 348 465 thonta
388 421 572 462 sollertia
609 420 797 476 poeticae
838 416 1173 459 adumbrationis
1213 416 1376 467 allusit,
1420 425 1549 470 atque
1588 414 1631 455 in
1670 430 1719 456 eo
1762 414 1940 471 perenni
1979 413 2157 466 strepitu

200 503 392 546 volutata
414 503 628 544 colliditur
660 503 925 553 animarum,
957 513 1064 555 quas
1095 497 1258 541 Vedius
1290 496 1562 553 adjudicarit,
1593 497 1798 553 impietas.
1831 497 1951 538 Idem
1982 496 2155 537 Pluton:

200 644 319 678 ovidio
348 645 476 689 quidem
508 646 593 689 (fast.
613 646 655 686 4,
681 644 770 689 911)
797 645 856 676 dea
881 648 941 679 est.
982 643 1155 676 Praeterea

199 713 283 739 teste
304 707 417 739 Psello
444 707 593 752 (Stanley
623 707 740 751 philos.
762 707 873 738 orient.
900 706 932 738 in
955 705 1074 738 Clerici
1103 717 1154 749 op.

200 769 316 813 philos.
344 771 380 810 1,
416 769 458 810 2,
496 768 555 812 16)
587 768 742 802 Chaldaei
768 772 944 799 statuerant
971 768 1153 807 daemones,

201 830 304 862 aerios
326 835 359 862 et
379 836 563 871 terrestres,
587 830 641 874 qui
660 829 771 861 animis
789 829 952 860 hominum
975 829 1155 860 illuderent.

202 914 249 920 —
265 894 412 926 Observa
430 894 567 938 denique
589 906 607 926 a
628 893 811 926 Basilecnsi
831 893 940 925 codice
963 905 1074 924 vocem
1097 894 1153 924 tri·

198 964 268 1001 ples
293 970 426 1003 prorsus
452 959 574 990 abesse.

274 1018 480 1067 madoreque]
490 1019 677 1053 Variantem
692 1019 819 1063 quidem
833 1018 1005 1049 lectionem
1020 1029 1037 1048 e
1052 1016 1153 1049 Guel-

198 1081 364 1125 serhytano
384 1083 473 1113 affert
489 1074 621 1114 Cortins
642 1081 823 1124 »odoreque
844 1080 997 1119 inserto«,
1021 1079 1079 1109 sed
1096 1090 1153 1109 no-

201 1150 265 1176 stra
292 1145 393 1176 multo
426 1144 538 1175 melior
563 1149 623 1178 cst.
664 1143 857 1175 Laurentius
889 1143 1000 1186 Lydus
1026 1142 1072 1186 (in
1099 1153 1152 1172 ex-

200 1213 301 1252 cerpt.
331 1209 387 1239 12.
421 1221 453 1252 p.
476 1209 521 1239 10
550 1207 680 1250 Roeth.)
706 1207 745 1238 de
771 1207 890 1239 circulo
915 1206 1036 1237 Lunai-i
1065 1217 1152 1248 »per-

198 1260 376 1304 venire-ad
405 1284 513 1311 eumn,
547 1271 607 1311 ait,
644 1271 764 1302 »omnis
790 1270 939 1302 materiae
971 1281 1152 1301 excremen-

198 1339 297 1366 tum,«
330 1332 454 1365 Seneca
474 1333 553 1375 (nat.
571 1344 625 1374 qu.
645 1332 680 1371 4,
705 1332 762 1364 10.
783 1344 816 1374 p.
837 1331 908 1362 754
932 1330 1055 1373 Lips.):
1081 1335 1154 1360 »aet

198 1407 261 1438 quo
287 1394 417 1438 propior
446 1398 495 1424 est
524 1392 633 1432 terris,
665 1393 725 1424 hoc
753 1392 909 1431 crassior,
944 1403 1008 1434 quo
1038 1390 1154 1421 editior

197 1463 229 1488 et
252 1458 379 1498 longius
407 1469 424 1487 a
448 1462 603 1488 terrarum
626 1455 762 1487 colluvie
783 1455 933 1494 recessit,
962 1456 1023 1486 hoc
1051 1454 1152 1486 since—

195 1519 260 1550 rior
285 1519 458 1562 puriorque
491 1523 571 1551 est.«
614 1517 771 1549 Conseras
794 1517 845 1548 hie
875 1528 956 1560 quae
984 1517 1079 1547 Plato
1106 1516 1152 1559 (in

195 1581 315 1612 Phaed.
340 1593 371 1623 p.
395 1581 466 1611 110
490 1578 618 1622 steph.)
644 1579 683 1610 de
709 1584 792 1609 terra
819 1578 907 1609 dixit.
932 1578 1019 1609 Hinc
1042 1583 1074 1608 et
1098 1577 1151 1609 Ci-

196 1655 269 1675 cero
293 1645 408 1687 (Tusc.
434 1644 471 1682 1,
505 1642 569 1685 19)
599 1641 637 1671 de
666 1642 787 1680 animo,
824 1640 898 1682 »qui
928 1640 954 1670 si
987 1646 1152 1683 permanet

194 1707 398 1749 incorruptus
439 1704 551 1747 suique
584 1703 711 1742 similis,
746 1714 880 1734 necesse
905 1688 955 1734 est
989 1708 1024 1733 ut
1053 1715 1149 1746 pene-

194 1773 257 1799 tret
287 1773 320 1799 et
345 1766 465 1798 dividat
491 1777 583 1796 omne
608 1764 733 1796 coelum
761 1765 839 1803 hoc,
872 1764 904 1795 iu
938 1776 1002 1807 quo
1029 1765 1149 1809 nubes,

194 1829 312 1860 imbres
337 1827 488 1871 ventique
511 1832 683 1867 coguntur:
698 1826 785 1869 quod
806 1831 837 1856 et
855 1825 1017 1857 humidum
1040 1832 1073 1857 ct
1099 1837 1147 1858 ca-

194 1890 367 1931 liginosum
396 1894 445 1920 est
477 1894 607 1931 propter
641 1888 862 1918 exhalationes
888 1893 1002 1918 terrac.
1042 1887 1149 1930 ¹Quam

195 1953 357 1994 regionem
388 1964 486 1995 quum
515 1950 675 1995 superavit
704 1950 827 1981 animus
860 1956 1069 1993 naturamque
1100 1950 1150 1982 sui

196 2015 331 2048 similem
352 2015 485 2056 contigit
516 2020 548 2046 et
580 2014 725 2055 agnovit,
748 2014 881 2056 junctus
908 2026 949 2045 ex
975 2014 1077 2046 anima
1103 2020 1148 2045 te-

196 2080 252 2112 nui
282 2083 315 2110 et
339 2090 378 2110 ex
408 2078 518 2109 ardore
552 2077 640 2109 Solis
672 2083 848 2121 temperato
876 2078 1003 2119 ignibus
1030 2078 1150 2109 insistit

196 2149 229 2175 et
253 2143 349 2174 finem
376 2141 470 2172 altius
495 2152 528 2172 se
561 2141 713 2172 efferendi
737 2141 839 2173 sacit.«
879 2141 1006 2173 Pariter
1029 2141 1150 2173 Sextus

196 2205 378 2250 Empiricus
409 2204 462 2248 (9.
486 2216 516 2247 p.
548 2205 620 2236 568
646 2204 791 2248 Fabric.)
823 2205 998 2245 »animas«,
1035 2206 1150 2249 inquit,

202 2279 262 2299 «ne
282 2265 437 2310 suspicari
460 2264 589 2308 quidem
613 2265 698 2305 licet,
722 2266 809 2308 quod
833 2266 983 2298 deorsum
1000 2267 1151 2299 ferantur.

196 2331 279 2362 Nam
311 2341 411 2373 quum
440 2328 503 2359 sint
537 2327 688 2368 subtiles,
727 2334 759 2359 ct
791 2341 856 2360 non
887 2330 992 2361 minus
1021 2331 1151 2372 igneae,

199 2406 293 2437 quam
318 2398 447 2432 aereae,
476 2403 533 2422 sua
563 2391 691 2422 levitate
723 2392 822 2433 magis
850 2393 997 2425 feruntur
1017 2394 1051 2425 in
1080 2395 1152 2426 loca

200 2456 373 2500 superiora.
392 2474 440 2478 ——
472 2454 583 2497 Quum
611 2454 708 2495 igitur
735 2461 824 2486 extra
853 2455 941 2488 Solis
966 2457 1151 2490 tabernacu-

199 2520 264 2550 lum
287 2518 410 2562 positae
439 2516 573 2557 suerint,
604 2517 747 2548 habitant
778 2517 900 2557 locum,
934 2520 988 2562 qui
1014 2526 1064 2552 est
1091 2521 1151 2552 sub

199 2581 307 2620 Luna,
347 2584 380 2610 et
405 2578 478 2610 hinc
508 2583 639 2622 propter
668 2577 837 2622 puritatem
872 2579 954 2611 aeris
992 2581 1152 2625 accipiunt

1205 640 1307 683 majus
1332 646 1459 685 tempus
1478 641 1518 672 ad
1534 640 1784 685 permanendum
1802 645 1834 671 et
1852 645 1986 671 utuntur
2008 637 2158 670 alimento

1204 703 1418 743 convenienti,
1444 714 1559 746 nempe
1581 703 1786 733 exhalatione
1809 713 1851 732 ex
1877 707 1982 740 tem—a,
2001 705 2036 732 ut
2054 704 2159 732 cetera

1205 770 1301 806 astra,
1319 777 1379 797 nec
1397 766 1516 797 habent
1541 765 1575 797 in
1593 765 1634 796 iis
1653 765 1746 805 loeis,
1774 764 1862 808 quod
1882 775 1936 795 eas
1956 763 1998 795 sit
2023 763 2159 796 dissolu-

1204 834 1339 861 turum.=‹
1383 827 1493 873 Atque
1519 829 1631 860 eadem
1660 829 1745 872 apud
1767 827 1984 859 Jamblichum
2011 827 2057 871 (in
2083 826 2158 859 Sto-

1203 893 1275 924 haei
1305 893 1407 934 eclog.
1435 894 1473 933 1,
1505 893 1571 932 52,
1606 893 1664 924 55.
1696 905 1728 936 p.
1753 892 1826 923 907
1855 890 1983 934 Heen),
2013 890 2159 934 Porphy-

1204 956 1286 987 rium
1307 956 1400 1000 (antr.
1420 957 1551 999 nymph.
1573 956 1627 986 12.
1651 968 1683 999 p.
1706 955 1751 986 12
1777 953 1925 1002 quns),
1950 954 2030 986 alios
2052 953 2159 998 (Stob.

1203 1018 1223 1049 l.
1252 1030 1278 1049 e.
1304 1019 1344 1058 1,
1372 1017 1435 1058 52,
1465 1018 1515 1049 42
1539 1029 1570 1061 p.
1594 1015 1704 1060 1001)
1729 1017 1836 1059 legere
1857 1016 1943 1048 licet.
1968 1015 2158 1048 Vetustissi-

1203 1090 1326 1110 morum
1356 1078 1591 1122 Aegyptiorum
1623 1079 1706 1110 hanc
1745 1078 1928 1121 opinionem
1959 1077 2026 1119 jam
2060 1076 2158 1108 fuisse

1202 1141 1384 1184 Jablonsky
1408 1141 1454 1185 (in
1479 1143 1618 1185 pantheo
1644 1154 1678 1185 p.
1693 1140 1754 1185 50)
1778 1153 1838 1173 uos
1866 1141 1984 1172 docuit.

1279 1201 1605 1248 Pyriplnleqethonta]
1640 1202 1763 1234 Confer
1798 1214 1870 1234 cum
1909 1201 2048 1233 Arnobii
2084 1201 2157 1233 loco

1204 1278 1301 1309 supra
1322 1266 1417 1298 citato
1441 1267 1481 1297 de
1502 1266 1615 1310 poenis
1631 1267 1815 1297 animarum.
1831 1266 1984 1298 Gno'r.—
2010 1265 2056 1296 Et
2077 1265 2159 1296 adde

1205 1329 1395 1360 Ciceronem
1418 1329 1471 1371 (de
1489 1328 1528 1359 N.
1549 1329 1591 1360 1).
1608 1329 1650 1367 5,
1672 1327 1741 1370 17).
1767 1326 1931 1370 Quoniam
1953 1331 2058 1358 autem
2081 1337 2157 1370 »po-

1204 1392 1302 1423 eticae
1339 1391 1606 1422 adumbrationis«
1644 1395 1754 1421 noster
1788 1389 1947 1430 meminit,
1983 1372 2088 1433 neque
2119 1389 2159 1421 ad

1203 1454 1385 1486 Arnobium
1405 1467 1509 1498 neque
1535 1455 1573 1485 ad
1596 1453 1785 1485 Ciceronem
1806 1465 1879 1484 cum
1899 1452 2081 1496 respexisse
2105 1463 2157 1484 ve-

1202 1518 1334 1549 risimile
1367 1524 1432 1556 est,
1465 1517 1521 1548 sed
1548 1517 1655 1560 potius
1687 1517 1726 1547 ad
1753 1516 1931 1547 Homerum
1960 1515 2097 1559 (Odyss.
2122 1528 2154 1548 κ.

1203 1578 1300 1621 515).
1345 1578 1453 1609 Latini
1485 1583 1598 1621 poetae
1633 1588 1745 1608 versus
1777 1588 1872 1609 causa
1909 1588 1975 1608 non
2010 1582 2158 1620 poterant

1198 1633 1271 1672 *toto
1306 1641 1435 1672 nomine
1469 1641 1534 1681 uti,
1575 1645 1769 1684 quapropter
1806 1641 2004 1683 Phlegethon
2034 1645 2158 1671 tantum

1201 1709 1357 1747 usurpant
1384 1703 1498 1748 (Silius
1526 1705 1586 1743 15,
1613 1695 1695 1735 504.
1732 1703 1855 1735 Statius
1883 1704 1984 1735 Theb.
2001 1704 2042 1744 4,
2073 1705 2157 1736 525.

1200 1766 1314 1807 virgil.
1342 1766 1427 1799 Aen.
1454 1769 1494 1807 G,
1528 1767 1613 1799 265.
1641 1768 1723 1798 551.
1770 1766 1895 1798 Seneca
1924 1766 2042 1810 oedip.
2076 1768 2156 1799 182.

1200 1831 1332 1873 Thyest.
1364 1832 1469 1862 1019.
1500 1829 1614 1872 Agam.
1638 1829 1732 1873 748).

1272 1893 1501 1939 ίιη])ἱεία.ς],Αι]
1520 1906 1586 1926 non
1610 1895 1805 1938 impietatis?
1829 1893 2157 1935 GROT.—Minime3

1200 1950 1304 2000 neclue
1335 1969 1506 2001 assequor,
1543 1958 1620 2002 quid
1653 1958 1769 1990 Grotio
1806 1959 1840 1989 in
1877 1964 2014 1990 mentem
2049 1959 2154 1999 fuerit,

1200 2031 1299 2063 quum
1335 2019 1491 2051 vocabula
1531 2019 1752 2052 antecedentia
1794 2020 1955 2052 »volutata
1992 2020 2153 2052 colliditur

1201 2082 1403 2114 animarum«
1445 2083 1513 2113 sine
1557 2083 1752 2114 nominativo
1795 2083 1986 2114 substantivi
2019 2083 2154 2125 intelligi

1203 2144 1331 2176 omniuo
1355 2156 1420 2176 non
1447 2145 1590 2188 possint!
1616 2145 1721 2178 Multo
1748 2150 1854 2176 tamen
1876 2144 1968 2187 pejus
1987 2144 2152 2176 Voneltius

1202 2206 1300 2249 (spec.
1321 2206 1390 2238 crit.
1414 2219 1445 2249 p.
1463 2205 1541 2249 82),
1562 2206 1617 2249 qui
1634 2218 1732 2249 quum
1747 2205 1943 2249 perspiceret
1966 2205 2153 2239 Grotianam

1203 2268 1418 2309 conjecturam
1444 2279 1502 2311 per
1525 2279 1560 2298 se
1590 2272 1674 2298 stare
1702 2279 1767 2298 non
1795 2278 1911 2310 posse,
1948 2267 2079 2300 alteram
2099 2268 2152 2300 ad-

1203 2329 1292 2369 didit,
1322 2334 1417 2371 atque
1440 2329 1561 2360 »anima
1586 2339 1713 2359 eorum«
1736 2339 1794 2370 pro
1820 2339 1859 2359 co
1884 2329 1971 2371 quod
1994 2329 2026 2360 in
2053 2330 2152 2361 omni—

1202 2391 1263 2422 bus
1292 2390 1383 2421 libris
1413 2395 1517 2420 exstat
1546 2389 1755 2420 »animarum«
1780 2389 1844 2430 legi
1863 2389 1976 2431 jussit!
2006 2391 2152 2424 Pessima

1201 2453 1310 2496 ntique
1327 2450 1555 2494 interpretandi
1565 2450 1645 2481 ratio
1664 2457 1723 2491 est,
1742 2451 1905 2494 scriptoris
1921 2452 2038 2493 locum,
2057 2465 2150 2497 quem

1202 2526 1267 2545 non
1295 2513 1473 2556 capiamus,
1502 2512 1645 2543 funditus
1671 2513 1829 2544 evertere!
1855 2513 1945 2545 Nihil
1965 2513 2062 2555 igitur
2083 2527 2148 2546 mu-

1202 2584 1274 2611 tans
1289 2576 1437 2621 equidem
1454 2576 1622 2608 vex-horum
1639 2576 1782 2608 ordinem
1799 2575 1844 2609 sie
1863 2576 2013 2609 restituo:
2031 2577 2147 2610 »Hinc-
