2310 2860
767 122 966 164 Martiani
1003 121 1206 177 Capellae
1244 121 1317 162 lib.
1342 120 1374 160 1.
1416 121 1446 170 §.
1469 120 1540 163 72.

2067 123 2151 166 115

192 246 307 291 quae
335 232 464 274 etiam
495 242 655 272 coaeva
684 229 776 284 ejus
812 228 974 280 fuerat,
1021 224 1293 271 adhaerebat.
1361 226 1488 276 Quae
1528 228 1646 285 quod
1675 229 1820 273 nutrix
1849 229 1964 273 Jovis
1994 232 2149 289 i'psius,

188 327 359 370 suoque
389 326 489 354 eum
520 319 772 353 sustentasse
801 308 964 365 gremio
993 307 1232 358 ferebatur,
1273 317 1401 364 caput
1430 310 1541 366 regis
1573 325 1675 354 ausa
1705 321 1766 354 est
1795 312 1991 355 oseulari.

189 396 268 438 hos
305 393 485 438 candida
527 407 628 435 cum
666 406 812 434 sorore
849 390 922 432 Sol
961 399 1136 433 auratus
1175 391 1409 446 expetitur:
1442 392 1518 447 qui
1555 406 1660 435 mox
1699 403 1748 436 ut
1777 396 1914 451 coepit
1941 395 2148 452 ingressui

191 549 369 592 significare
378 573 390 590 ,
427 550 503 595 quia
535 562 642 583 onmes
666 560 739 594 opes
757 550 896 582 humano
926 547 1035 591 generi
1059 553 1144 579 terra

189 611 309 645 tribuit.
318 627 328 640 ιι
364 611 507 657 Orphico
524 613 643 657 (hymn.
661 613 718 654 15,
741 611 800 655 11)
821 613 899 643 haee
914 612 973 643 dea
984 611 1053 654 jam
1076 614 1144 642 erat

237 672 405 722 Εἰρήνην
443 672 668 722 κατάγουσα
709 671 782 711 σὺν
822 671 999 716 cedmae
1038 670 1143 710 κτεά-

591 738 706 773 reem.

189 796 271 830 Item
283 797 466 831 Macrobius
482 798 625 844 (Saturn.
643 801 675 840 1,
696 798 756 843 10)
772 798 869 830 tradit
884 798 1014 831 »eodem
1033 809 1145 830 mense

191 859 376 893 Saturnalia
394 867 426 893 et
442 861 559 906 Opalia
580 861 744 903 celebrari,
771 861 857 906 quod
880 860 1040 895 Saturnus
1059 861 1144 903 ejus-

191 933 253 966 que
278 934 360 954 uxor
380 928 444 954 tam
467 924 621 967 fruqnm,
656 936 751 968 quam
773 924 943 967 fructuum
962 928 1145 968 repertores

190 994 262 1016 esse
278 984 467 1026 credantur,
493 985 602 1029 itaque
621 985 708 1017 omni
725 986 792 1027 jam
810 986 902 1029 foetu
923 997 1070 1027 agrorum
1090 997 1145 1017 co-

191 1053 261 1080 acto
287 1047 326 1079 ab
349 1048 534 1080 hominihus
553 1050 614 1081 hos
642 1049 720 1080 deos
746 1049 810 1081 coli
827 1067 876 1074 -
906 1049 1147 1092 Saturnumque

190 1122 208 1142 ι
233 1116 305 1142 satu
333 1110 468 1152 dietum,
499 1116 616 1142 terram
640 1111 764 1155 Opem,
792 1112 884 1155 cujus
912 1124 968 1156 ope
989 1113 1146 1144 humanae

191 1173 271 1206 vitae
292 1174 442 1206 alimenta
465 1180 686 1219 quaerentum«

263 1236 468 1283 ferebantur]
504 1238 605 1271 Miror
635 1237 785 1270 Grotinm
810 1238 949 1270 edidisse
977 1239 1146 1282 ferebant,

192 1313 290 1344 quum
314 1306 440 1333 veteres
469 1302 626 1333 editiones
656 1301 785 1334 omnino
810 1302 928 1334 rectius
957 1302 1148 1345 ferebantur

190 1363 375 1407 praebeant,
404 1367 500 1406 atque
515 1362 559 1394 ita
575 1362 670 1394 etiam
690 1362 724 1394 in
744 1363 1013 1405 Reiehenauensi,
1032 1364 1146 1395 Darm-

193 1426 355 1466 stattensi,
383 1425 600 1469 Hugianoque
630 1425 740 1458 codiee
764 1430 883 1466 exstet,
922 1431 1018 1469 atque
1048 1427 1147 1459 casa-

192 1488 253 1520 lius
277 1489 330 1532 (de
359 1489 440 1532 prof.
469 1490 519 1520 rit.
547 1491 579 1520 5.
609 1501 638 1532 p.
661 1489 746 1532 111)
774 1489 894 1532 pariter
923 1489 999 1521 olim
1025 1490 1147 1532 legerit.

191 1550 261 1585 Sed
295 1552 411 1583 iterum
444 1552 624 1594 iterumque
666 1552 833 1583 observavi
868 1552 1026 1595 permulta
1066 1553 1150 1596 apud

191 1614 342 1649 Grotium
374 1616 490 1647 menda
520 1614 690 1659 irrepsisse
726 1616 998 1659 typographorum
1022 1616 1150 1658 quidem

192 1680 307 1724 eulpa,
332 1691 415 1724 quae
435 1679 505 1724 ipse
528 1679 571 1723 (p.
585 1678 673 1722 544)
696 1679 814 1710 fatetur
834 1690 869 1711 se
890 1690 957 1710 non
985 1679 1089 1710 omnia
1108 1679 1149 1711 ob

191 1741 348 1774 instantes
372 1741 532 1774 nundinas
554 1741 844 1772 Francofurtenses
870 1740 1061 1774 correxisse.

267 1801 473 1848 adhaerebat]
499 1802 596 1836 Multi
619 1802 704 1834 enim
730 1802 866 1835 Vestam
892 1802 1027 1834 eandem
1053 1814 1148 1845 quam

193 1866 326 1899 Terram
350 1867 506 1911 putabant
529 1866 679 1910 (Cornut.
702 1866 762 1898 28.
783 1878 814 1910 p.
835 1865 909 1898 206
930 1864 1026 1908 Gal).
1053 1864 1147 1896 Unde

194 1926 331 1960 Ovidius
354 1929 438 1972 (fast.
458 1929 493 1968 6,
520 1926 625 1970 460)=

251 1991 315 2024 »Et
337 1991 450 2023 Tellus
473 1991 642 2034 Vestaque
661 2001 784 2022 numen
805 1989 890 2021 idem
912 1994 978 2021 estu

194 2065 354 2100 porroque
379 2055 435 2098 (6,
460 2053 565 2096 267):

252 2117 372 2149 »Vesta
393 2116 505 2148 eadem
523 2120 571 2147 est
589 2125 672 2161 quae
687 2113 805 2146 Terra:
827 2113 937 2145 subest
959 2110 1041 2156 viqil
1060 2111 1147 2155 ignis

590 2177 741 2223 utrique,-

242 2239 435 2286 Sn'qnificant
455 2239 563 2271 sedem
592 2239 622 2270 T
620 2249 693 2270 erra
717 2236 888 2284 Facu-sque
910 2247 1029 2268 suanm

196 2303 318 2338 Eadem
346 2304 498 2337 docuerat
530 2301 704 2346 Euripides
728 2300 780 2345 (in
802 2301 912 2342 fragm.
938 2299 1009 2332 178
1034 2311 1051 2332 e
1077 2298 1146 2333 Ma-

197 2366 281 2398 crob.
299 2365 368 2399 Sat.
392 2367 425 2406 1,
445 2364 508 2410 25)
529 2364 694 2396 versibus:

254 2426 349 2463 -Haz
370 2432 465 2473 γαῖα
491 2427 627 2474 μῆτερ·
656 2423 788 2462 ἑστίαν
813 2422 856 2460 δέ
880 2421 1085 2471 6'013605002

245 2488 408 2533 Βροτῶν
425 2487 620 2531 καλοῦσιν,
647 2485 796 2534 ήμὲνην
814 2485 856 2522 ἐν
877 2484 1038 2532 amelec.-

197 2551 267 2586 Sed
299 2553 409 2585 eonfer
440 2551 569 2584 omnino
614 2551 744 2584 Astium
774 2552 814 2585 ad
848 2550 935 2585 Plat.
964 2548 1149 2586 Phaedrum

1174 1918 1181 1924 ¹
1196 1922 1323 1954 Lunam
1352 1928 1496 1953 sororem
1527 1920 1653 1952 Phoebi
1682 1921 1833 1965 appellat.

1192 545 1237 591 (p.
1260 545 1334 577 247
1362 545 1491 592 steph.)
1517 553 1550 580 et
1578 549 1715 582 eundem
1745 550 1779 583 in
1806 550 1939 597 Cratylo
1963 552 2008 599 (p.
2029 553 2100 588 401
2126 553 2149 586 f.

1194 608 1331 655 steph).

1268 674 1386 706 nutrix
1407 671 1513 720 Jovis]
1541 673 1665 707 Ennius
1686 676 1748 721 (ap.
1764 676 1912 715 Laetant.
1930 679 1962 720 1,
1989 679 2048 724 14)
2072 677 2148 712 »Jo-

1194 748 1301 779 vem«,
1318 737 1439 778 scribit,
1463 737 1561 771 »clam
1577 739 1777 772 abscondunt
1792 742 1931 786 dantque
1945 754 2018 775 eum
2030 743 2149 776 Vestae

1477 799 1600 833 Eadem
1624 800 1779 834 Albrieus
1814 805 1912 836 refert
1936 804 2150 850 philosophus

1196 862 1267 906 (17.
1292 875 1323 906 p.
1346 862 1419 894 519
1446 862 1598 905 munch).
1625 863 1741 896 Cicero
1759 865 1810 908 (de
1840 866 1925 897 univ.
1953 866 2028 910 10):
2056 866 2150 898 »Jam

1195 935 1273 955 vero
1296 923 1402 967 (deus)
1428 929 1560 964 terram,
1591 924 1733 958 altricem
1752 932 1895 958 nostram
1913 946 1960 953 -—
1985 928 2152 960 custodem

1194 800 1407 832 educandum.
1415 814 1427 827 «ι

1196 985 1449 1028 antiquissimam
1474 986 1606 1017 deorum
1628 987 1729 1018 voluit
1750 999 1821 1019 esse
1842 1000 1970 1028 eorum,
1993 989 2048 1032 qui
2068 988 2152 1021 intra

1599 1048 1694 1090 (conf.
1717 1055 1783 1080 not.
1807 1048 1897 1093 ad§.
1916 1049 1988 1093 95).

1273 1110 1409 1141 osculnm
1402 1108 1424 1153 i]
1444 1109 1622 1141 Ausculmi
1639 1111 1886 1154 Manuscriptus.
1902 1111 1987 1142 Vide
2004 1111 2152 1142 Festum·

1197 1047 1322 1080 coelum
1346 1047 1569 1089 gignerentur«

1196 1174 1362 1205 ansculari
1386 1173 1446 1204 dic«
1447 1173 1534 1204 bant
1565 1172 1686 1217 antiqui
1718 1186 1776 1217 pro
1807 1175 1954 1206 osculari.
1975 1174 2081 1207 Gnor.
2105 1191 2152 1197 -—

1198 1237 1372 1281 Scioppius
1402 1236 1448 1280 (in
1477 1248 1522 1278 gr.
1551 1237 1665 1281 philos.
1691 1250 1722 1281 p.
1742 1238 1816 1270 206
1843 1237 1975 1281 Herz.):
2005 1236 2156 1270 „Transit

1196 1300 1261 1334 ΑΙ]
1288 1301 1322 1332 ἰιι
1349 1300 1381 1333 Ο
1407 1300 1595 1345 productam
1625 1313 1713 1333 more
1739 1301 1887 1346 antiquo,
1918 1307 1955 1334 ut
1988 1302 2072 1333 loeus
2094 1312 2155 1345 pro

1197 1364 1326 1401 lautus,
1349 1363 1507 1406 plostrum
1526 1375 1584 1407 pro
1606 1364 1810 1406 plauslmm,
1835 1370 1922 1397 cotes
1944 1375 2004 1408 pro
2028 1368 2154 1396 cautes.—

1198 1425 1281 1457 sieut
1306 1425 1400 1455 etiam
1423 1429 1535 1457 eontra
1562 1436 1620 1468 pro
1643 1424 1825 1466 o-AU,
1857 1431 1894 1456 nt
1919 1431 2068 1457 austrum
2094 1434 2156 1469 pro

1199 1494 1338 1526 ostrum,
1369 1488 1539 1519 ans-culum
1562 1499 1620 1530 pro
1647 1489 1809 1526 osculum,
1830 1488 2156 1577 frequentissimeque

1199 1553 1261 1584 hoe
1286 1551 1445 1582 faciebant
1470 1550 1621 1594 antiqui.

1273 1611 1426 1657 candida]
1460 1613 1554 1656 Quae
1585 1614 1624 1645 ab
1656 1612 1774 1645 ovidio
1806 1612 1893 1656 (her.
1917 1614 1983 1654 18,
2008 1611 2071 1656 61)
2095 1613 2156 1646 dea

1201 1675 1340 1706 candida
1370 1674 1566 1718 appellatur,
1611 1675 1720 1705 eadem
1752 1673 1889 1715 Virgilio
1926 1672 2023 1716 (Aen.
2048 1675 2083 1716 7,
2115 1674 2153 1719 8)

1206 1736 1360 1768 »candida
1384 1737 1497 1767 Luna«
1524 1740 1583 1765 est.

1273 1795 1395 1840 sorore]
1423 1795 1578 1828 Martialis
1603 1796 1651 1839 (9,
1678 1796 1739 1835 55,
1764 1794 1811 1839 5),
1834 1801 1866 1828 et
1895 1807 1990 1840 saepe
2015 1794 2154 1829 Ovidius

1198 1859 1285 1902 (met.
1313 1860 1354 1899 5,
1379 1859 1471 1897 5503
1504 1858 1575 1888 fast.
1599 1858 1642 1897 5,
1676 1858 1758 1889 109.
1786 1859 1879 1897 11⁷3
1912 1858 1979 1890 her.
2004 1858 2068 1899 11,
2090 1859 2153 1902 45)

1873 1921 2028 1954 Pluribus
2047 1921 2152 1955 vei-his

1197 1983 1269 2025 alii,
1280 2010 1281 2013 ,
1292 1989 1331 2015 nt
1353 1983 1497 2023 Seneca·¹
1509 1981 1608 2026 (Oed.
1631 1982 1734 2025 2545:

1232 2045 1433 2091 »Soron-que
1447 2043 1555 2087 fretn'
1578 2055 1703 2086 semper
1726 2055 1897 2078 ocem-rens
1921 2050 2006 2080 tum«
2043 2072 2045 2074 .

1194 2108 1352 2150 Virgilius
1377 2107 1499 2150 (georg.
1520 2106 1693 2150 1,v.59ss)=
1718 2124 1744 2139 μ
1775 2138 1778 2140 ,
1818 2115 1820 2117 ·

1250 2169 1380 2215 »fratris
1403 2169 1506 2202 radiis
1529 2168 1668 2202 obnoxia
1687 2167 1816 2201 Lunam

1195 2230 1298 2266 Silius
1317 2231 1354 2276 (8
1363 2250 1380 2272 ‚1
1401 2230 1505 2274 175)=

1223 2318 1230 2321 .
1253 2296 1432 2343 „lunaque
1447 2294 1597 2338 fraterno
1620 2293 1770 2328 lustrabit
1797 2294 1918 2328 lumine
1937 2298 2057 2327 terrase·

1196 2364 1230 2392 et
1250 2371 1348 2405 porro
1372 2359 1454 2403 (16,
1478 2358 1557 2402 ’55)ε

1254 2429 1308 2456 »ut
1329 2422 1457 2455 Phoebe
1478 2422 1608 2462 stellas,
1631 2427 1669 2454 ut
1686 2421 1803 2466 fratris
1824 2419 1946 2451 lumina
1962 2416 2140 2448 Phoebea«

1197 2485 1293 2519 Adde
1322 2486 1529 2530 Propertium
1555 2485 1609 2530 (2,
1636 2485 1701 2525 25,
1730 2482 1808 2526 52),
1836 2479 2060 2513 Parmenidem
2085 2480 2147 2524 (ap,

1198 2549 1362 2583 Plutarch.
1383 2548 1417 2581 in
1441 2560 1494 2594 qu.
1512 2548 1607 2582 Rom.
1634 2547 1691 2579 75.
1713 2557 1744 2590 p.
1754 2542 1852 2587 282),
1876 2541 2065 2577 Cornelium
2086 2540 2146 2575 Se-

1647 2607 1693 2640 15
1719 2602 1744 2631 *

2048 315 2146 357 Post
2174 315 2234 359 75
