2310 2860
230 194 313 235 110

793 164 991 234 Martiani
1029 189 1228 246 Capellae
1266 191 1338 231 lib.
1362 190 1394 231 I.
1433 190 1558 242 §.GT

229 315 307 342 nec
337 298 570 340 flucticolor
592 296 813 352 'hyacinthi
841 297 1094 341 credebatur
1121 296 1264 338 abesse
1295 296 1573 352 profunditas.
1619 296 1701 339 Sed
1731 306 1866 339 totum
1891 297 1998 339 illud
2020 306 2180 338 sertum

231 380 375 435 capitis
417 378 669 433 fulgurantis
709 378 1020 419 Thaumantias
1061 376 1262 417 obtulisse
1302 376 1472 430 reginae
1512 376 1709 418 coelitum
1747 377 1978 422 ferebatur.

2044 378 2184 434 Ipsius

233 474 333 503 vero
363 458 489 500 divae
536 458 678 498 vultus
718 458 885 499 assidua
925 457 1148 513 perlucens
1187 455 1342 510 gratia,
1384 456 1502 497 fratri
1544 457 1796 508 consimilis,
1848 459 1925 499 nisi
1966 457 2084 513 quod
2114 457 2186 497 ille

229 540 486 582 immutabili
520 540 671 580 laetitia
703 539 943 588 renidebat,
992 537 1097 577 haec
1124 538 1506 578 commutationum
1535 538 1799 580 assiduarum
1824 540 1971 581 nubilo
1995 539 2186 581 crebrius

228 621 540 664 turbidabatur.

298 737 493 784 fluctio-olor]
520 739 609 770 Idem
638 744 687 769 est
715 738 819 777 color,
859 748 953 780 quem
990 735 1103 767 melius
1129 734 1182 766 de—

229 802 356 845 scripsit
379 801 534 834 Martialis
556 799 608 843 (4,
635 801 700 840 61,
728 799 762 842 7)
786 809 899 829 versu:

285 866 461 911 »Duasque
489 864 607 895 similes
628 863 780 907 fluetibus
803 862 902 892 maris
926 871 1094 904 qenmms.«

230 928 298 960 Sed
321 933 404 959 amat
425 933 536 959 noster
558 926 732 970 composita
754 926 849 967 hujus
869 924 993 965 generis
1017 922 1183 965 adjectiva,

230 996 280 1021 ut:
306 990 522 1021 multicolores
553 986 600 1032 (ἓ.
620 989 668 1019 66
692 987 743 1031 f.),
782 986 1009 1027 multigenum,
1035 984 1183 1016 multian-

228 1051 336 1093 gulum
357 1051 397 1095 (ξ.
421 1050 519 1093 158),
553 1049 741 1080 multifidum
764 1047 807 1092 (ξ.
833 1049 912 1079 117.
941 1047 1046 1091 227),
1079 1046 1183 1078 multi-

228 1115 334 1146 vidum
360 1114 528 1158 (§.109),
556 1113 767 1144 multinodum
790 1110 831 1156 (ἓ
845 1111 949 1155 425),
977 1110 1184 1143 diversicolor

229 1177 269 1222 (ξ.
292 1179 347 1209 14.
370 1180 424 1209 15.
451 1179 509 1208 87.
534 1177 629 1219 811).
678 1175 827 1207 Aliorum
855 1175 1042 1218 scriptorum
1070 1174 1183 1205 similia

229 1241 357 1282 collegit
370 1241 574 1271 Burmannus
590 1240 641 1283 (nd
657 1239 833 1271 Ovidmmt.
852 1239 909 1273 11,
927 1240 1017 1271 Gli:
1042 1251 1073 1281 p.
1088 1237 1182 1279 794).

304 1300 549 1346 Thaumantias]
592 1301 652 1331 Iris
682 1300 889 1331 Thaumantis
929 1300 1009 1333 filia.
1042 1298 1183 1330 ‚Iunonis

229 1365 342 1397 ancilla
363 1366 510 1409 (llesioz'l.
545 1366 650 1405 tlieog.
684 1364 767 1395 265.
803 1364 898 1403 266,
939 1363 1022 1394 Plat.
1051 1363 1185 1393 Tiieaet.

227 1442 260 1473 p.
281 1431 352 1460 155
375 1428 510 1472 8ῑοῙ)Ιι.),
537 1427 696 1459 Famssiari
716 1429 777 1458 hoc
793 1426 946 1457 Romanis
966 1426 1059 1457 etiam
1080 1425 1184 1468 poetis

228 1491 331 1534 (Virg.
357 1491 439 1523 Aen.
465 1492 508 1532 9,
541 1492 571 1522 5.
594 1490 690 1522 Ovid.
720 1496 795 1521 met.
819 1490 861 1529 4,
886 1490 971 1521 479.
1000 1490 1063 1529 11,
1101 1488 1184 1519 674.

229 1556 287 1596 14,
308 1556 391 1587 845.
417 1554 490 1587 val.
507 1554 612 1586 Flace.
636 1556 669 1594 8,
697 1554 778 1585 116.
807 1553 975 1585 Claudian.
994 1556 1074 1595 rapt.
1092 1552 1184 1587 Pros‚

180 1650 188 1655 ,
227 1620 263 1658 5,
289 1620 322 1658 1,
345 1619 414 1650 add.
441 1618 510 1649 Cic.
535 1618 575 1649 N.
593 1618 635 1649 D.
654 1619 688 1657 5,
716 1616 777 1659 20)
800 1616 928 1647 nomine
953 1615 1030 1645 satis
1054 1615 1186 1645 docetur

229 1682 369 1712 «Iunonis
391 1681 567 1711 diademate
598 1680 692 1710 modo
722 1679 882 1722 descripto
908 1690 1015 1709 areum
1041 1677 1186 1708 denotari

230 1743 413 1774 eoeiestem.
439 1741 506 1772 ‹lris
537 1741 620 1771 enim
644 1740 749 1784 (Vir-g.
767 1739 850 1771 Aen.
873 1740 914 1774 4,
939 1738 1023 1782 701)

313 1807 421 1838 »ΠΙῐῙΙε
444 1806 575 1837 trahens
601 1806 707 1835 varios
734 1805 868 1835 ‹uiverso
890 1803 964 1834 Sole
982 1804 1128 1840 colores«

230 1866 315 1899 ΑΜ.
339 1867 433 1899 Ovid.
460 1858 587 1899 Metam.
610 1867 652 1905 6,
680 1866 736 1896 65.
767 1866 821 1895 11.
848 1866 931 1896 580.
970 1864 1085 1895 Claud.
1107 1869 1188 1907 rapt.

230 1930 322 1961 Pros.
347 1930 390 1969 2,
417 1929 475 1959 98.
507 1927 583 1959 Seu.
610 1932 672 1958 nat.
695 1939 747 1970 qu.
776 1927 814 1967 1,
841 1927 882 1963 5,
911 1932 942 1958 et
967 1925 1118 1970 Appulej.
1149 1925 1187 1956 de

230 1991 347 2023 nmmlo
376 2004 406 2034 p.
425 1991 497 2021 525
523 1988 674 2020 Omlcnd.
774 1992 776 1994 ’

306 2050 440 2095 laeticia]
468 2050 673 2082 Differentiae
701 2061 811 2090 causa,
836 2061 917 2093 quae
937 2049 1020 2080 inter
1040 2049 1133 2081 «Iovis
1158 2054 1190 2080 et

232 2114 372 2146 Junonis
404 2121 548 2146 naturam
591 2114 758 2154 statuitur,
794 2114 872 2145 hacc
910 2118 977 2144 estz
1008 2113 1098 2144 illum
1130 2125 1189 2157 pro

235 2178 378 2210 aethere.
409 2178 489 2207 lianc
512 2187 570 2219 pro
594 2181 666 2206 aere
690 2181 814 2206 veteres
843 2175 1022 2206 habuerunt
1050 2174 1131 2218 (Cic.
1150 2175 1191 2206 N.

234 2238 275 2269 1).
294 2239 326 2277 1,
356 2239 410 2268 15.
428 2238 461 2273 2,
485 2238 532 2285 25
558 2242 589 2268 et
613 2237 680 2276 26,
710 2236 795 2268 acad.
822 2241 945 2281 quaest.
962 2237 1003 2277 4,
1034 2236 1093 2268 41.
1123 2237 1191 2268 Ma-

236 2301 321 2334 croh.
337 2300 497 2332 Satin-nal.
517 2303 551 2340 5,
580 2301 615 2332 4.
641 2301 798 2344 Porpliyr.
816 2313 865 2344 ap.
888 2301 1007 2332 Euseb.
1030 2300 1062 2331 in
1085 2312 1190 2345 praep.

236 2375 285 2395 ev,
309 2363 350 2403 5,
369 2363 405 2403 4,
434 2363 497 2401 113
524 2374 553 2405 p.
578 2363 647 2393 108
675 2362 748 2403 vig.
773 2362 864 2394 Serv.
891 2363 929 2393 ad
958 2363 1046 2404 ‘Vh-g.
1072 2362 1192 2403 Geni-g.

237 2425 271 2460 2.,
301 2424 394 2463 525,
432 2422 517 2454 Aen.
539 2424 579 2463 1,
609 2423 665 2454 47.
692 2423 734 2459 4,
767 2424 846 2455 122.
881 2425 942 2463 12,
974 2425 1044 2455 140
1071 2422 1192 2457 Albi-ic.

239 2488 355 2532 philos
375 2488 431 2518 11.
450 2499 480 2531 p.
497 2487 570 2518 514
593 2487 721 2517 Munck.
739 2486 870 2518 Sallust.
887 2488 999 2530 philos
1016 2489 1048 2519 G.
1067 2501 1098 2532 p.
1111 2488 1194 2519 253.

240 2551 374 2582 Cornut.
399 2551 431 2580 5.
456 2561 484 2592 p.
516 2548 595 2579 145.
619 2548 695 2579 Vita
721 2548 854 2579 Homeri
880 2562 909 2593 p.
936 2550 1008 2581 525
1040 2549 1111 2582 Gal.
1133 2549 1194 2580 Ar-

241 2614 312 2646 noh.
336 2615 368 2646 5.
394 2626 422 2656 p.
445 2611 546 2654 118),
583 2612 666 2643 unde
694 2617 804 2644 noster
825 2612 906 2644 infra
935 2612 975 2657 (ἓ.
995 2613 1078 2656 149)
1093 2614 1195 2647 Juno-

602 621 716 662 Nam
748 619 869 660 vestis
902 619 991 671 ejus
1025 616 1222 671 hyalina,
1252 615 1325 656 sed
1356 617 1532 674 peplum
1565 618 1703 659 fuerat
1733 619 2032 673 caliginosum,
2065 618 2185 675 quod

1235 747 1307 766 nem
1330 737 1451 765 a'e'riam
1475 736 1622 778 appellat.
1645 736 1748 778 Atqui
1772 742 1826 767 aex·
1846 737 2003 769 interdum
2028 738 2187 778 turbidus,

1235 799 1344 829 aether
1369 803 1479 828 contra
1502 798 1614 841 purior
1639 804 1688 830 est
1712 805 1744 830 et
1771 811 1912 831 serenus.
1946 801 2045 832 „Pars
2067 802 2188 842 eninm,

1235 867 1271 893 ut
1288 860 1433 893 Senecae
1452 861 1505 905 (de
1528 861 1575 893 ira
1593 863 1628 902 5,
1656 863 1688 894 6.
1714 875 1745 906 p.
1762 863 1811 894 44
1828 862 1934 907 LiPS.)
1957 863 2063 895 verbis
2089 870 2188 905 autar,

1243 925 1408 967 »superior
1430 923 1541 954 mundi
1563 928 1595 954 et
1618 923 1791 955 ordinatior
1819 931 1851 956 et
1874 925 2083 969 propinquior
2108 925 2189 958 side-

1235 987 1345 1028 ribus,
1374 999 1434 1019 nec
1460 987 1493 1019 in
1514 987 1632 1019 nubem
1658 988 1798 1030 cogitur,
1833 1001 1892 1021 nec
1909 989 1944 1020 in
1970 994 2190 1033 tempestatem

1234 1049 1419 1092 impellitur,
1442 1061 1500 1081 nec
1518 1055 1662 1081 versatur
1682 1050 1715 1082 in
1737 1051 1904 1082 turbinem.
1913 1065 1924 1079 «ι
1948 1051 2035 1083 Hinc
2052 1050 2189 1083 Horatio

1236 1111 1341 1154 (earm.
1381 1112 1423 1151 5,
1465 1112 1528 1151 10,
1571 1111 1612 1155 8)
1641 1111 1771 1156 Jupiter
1807 1125 1903 1155 »puro
1940 1112 2088 1143 numine«
2121 1118 2190 1152 est,

1236 1172 1414 1204 Claudiano
1447 1173 1538 1216 (tert.
1568 1184 1654 1204 cons.
1679 1173 1804 1205 Honor.
1832 1174 1922 1217 167)
1954 1174 2122 1216 placidus,
2158 1179 2191 1204 et

1236 1234 1374 1266 Martiali
1401 1234 1463 1278 (5,
1498 1235 1541 1275 G,
1574 1235 1598 1266 9
1625 1239 1657 1265 et
1684 1235 1725 1274 9,
1755 1235 1822 1275 25,
1859 1235 1903 1279 5)
1933 1247 2066 1266 serenus
2094 1234 2190 1265 audit.

1235 1297 1383 1327 Lucerna
1411 1296 1506 1327 etiam
1531 1296 1636 1327 fictilis
1662 1296 1726 1340 (ap.
1749 1296 1877 1327 Passer.
1904 1297 1935 1327 1.
1958 1296 2022 1328 tah.
2044 1296 2116 1338 55)
2130 1301 2192 1327 tot-

1237 1372 1298 1402 que
1324 1359 1464 1402 lapitlum
1484 1359 1568 1389 tituli
1592 1358 1688 1390 dicati
1713 1360 1791 1390 Jovi
1813 1370 1926 1390 sereno
1948 1358 2055 1402 (Grut.
2076 1358 2136 1397 25,
2161 1359 2192 1389 1.

1240 1422 1297 1460 77,
1328 1422 1359 1451 G.
1385 1422 1491 1456 1009,
1516 1422 1548 1450 0.
1576 1420 1660 1451 Gud.
1684 1419 1779 1451 inser.
1799 1421 1834 1461 4,
1853 1421 1886 1452 4.
1899 1425 1932 1452 et
1947 1421 1982 1460 8,
2008 1419 2056 1463 5),
2074 1417 2194 1463 pariter

1238 1487 1332 1525 atque
1358 1482 1437 1513 «Ῑουί
1458 1482 1647 1514 δενεηαίονί
1673 1481 1773 1526 (Gnd.
1793 1483 1832 1522 5,
1855 1483 1877 1513 8
1906 1487 1939 1512 et
1962 1481 2003 1521 9,
2032 1481 2074 1522 4,
2104 1482 2134 1512 1.
2158 1480 2192 1512 2.

1238 1548 1271 1578 5.
1300 1548 1322 1578 5
1350 1551 1383 1578 et
1406 1545 1460 1588 G),
1504 1545 1591 1588 quod
1626 1545 1755 1589 quidem
1794 1545 1863 1586 ejus
1898 1555 2076 1586 cognomen
2106 1543 2192 1574 liaud

1238 1607 1330 1638 latuit
1359 1606 1576 1650 Appulejum,
1608 1607 1663 1650 qui
1702 1606 1760 1651 (de
1790 1606 1908 1637 mundo
1937 1619 1968 1650 p.
1991 1607 2062 1638 571
2092 1604 2193 1648 oud.)

1239 1682 1311 1702 eum
1331 1670 1554 1702 Serenalorem
1575 1675 1607 1700 ct
1623 1670 1802 1701 Amicalem
1827 1669 2017 1701 nominavit:
2033 1680 2097 1712 quo
2122 1679 2192 1712 spe-

1238 1739 1325 1766 ctant
1346 1739 1378 1764 et
1403 1733 1527 1765 Graeca
1555 1733 1624 1774 ejus
1650 1734 1838 1775 cognomina
1863 1731 2022 1778 αἰθρίου
2045 1731 2194 1775 (Aristot.

1239 1798 1278 1828 de
1311 1797 1418 1828 mund.
1448 1798 1481 1829 7.
1513 1796 1633 1829 Strabo
1665 1799 1682 1829 1
1710 1797 1779 1829 init.
1806 1811 1836 1841 p.
1854 1799 1876 1829 5
1901 1798 1921 1828 f.
1947 1795 2142 1839 Casaubon.)
2163 1800 2197 1827 et

1240 1859 1438 1904 μειλιχὶου
1466 1859 1700 1904 (Orphlnynm.
1727 1861 1792 1901 72,
1820 1861 1853 1891 2.
1877 1860 2021 1903 Thucyd.
2046 1858 2085 1899 -1,
2113 1858 2195 1891 126.

1239 1925 1378 1956 Pausan.
1400 1925 1432 1964 1,
1455 1924 1514 1964 57,
1540 1925 1573 1955 5.
1600 1924 1635 1963 2,
1663 1923 1698 1964 9,
1722 1924 1756 1955 6.
1781 1924 1816 1964 2,
1843 1924 1903 1964 20,
1932 1925 1962 1954 1.
1983 1922 2117 1955 Cornut.
2138 1923 2194 1954 11.

1240 1999 1270 2030 p.
1295 1986 1365 2017 154
1394 1984 1468 2017 Gal.
1493 1984 1586 2017 Grut.
1618 1984 1712 2016 inser.
1738 1997 1769 2028 p.
1790 1984 1886 2029 210).
1912 1984 1993 2016 Inde
2018 1983 2103 2028 apud
2123 1983 2192 2015 Πο-

1240 2061 1362 2081 merum
1388 2049 1461 2079 illa:
1483 2045 1581 2087 Ζεὺς
1603 2046 1733 2094 αἰθέρι
1755 2047 1879 2082 ναίων
1898 2048 1958 2092 (Π,
1981 2048 2023 2088 2,
2052 2045 2140 2090 412)
2163 2051 2196 2077 et

1242 2108 1382 2157 αἰθέρα
1416 2106 1481 2143 καὶ.
1514 2106 1610 2148 Διὸς
1633 2105 1769 2154 αὐγας.
1817 2108 1928 2152 Atque
1959 2113 2070 2139 noster
2100 2107 2195 2138 etiam

1243 2184 1337 2217 supra
1359 2170 1399 2215 (ξ.
1416 2170 1475 2214 17)
1491 2170 1603 2201 »Jovis
1623 2172 1743 2202 risum«
1764 2170 1948 2201 celebrarat.
1976 2168 2082 2200 Simili
2099 2168 2195 2200 modo

1242 2233 1395 2277 Aegyptii
1417 2232 1543 2265 Seneca
1562 2237 1646 2264 teste
1670 2231 1786 2275 (natur.
1801 2235 1924 2274 quaest.
1941 2231 1975 2271 5,
2004 2231 2060 2262 14.
2075 2243 2105 2274 p.
2123 2231 2195 2262 727

1242 2296 1344 2342 Lips.)
1372 2301 1495 2328 »aerem
1517 2307 1635 2328 marem
1649 2294 1812 2336 judicant,
1833 2306 1895 2337 qua
1917 2300 2031 2325 ventus
2056 2299 2123 2334 est,
2149 2294 2195 2339 fg-

1243 2362 1379 2401 minam,
1418 2372 1480 2403 qua
1515 2359 1691 2390 nebulosus
1722 2364 1753 2389 et
1778 2358 1893 2389 iners«
1930 2358 2029 2401 Quod
2053 2357 2198 2400 sequitur

1243 2426 1375 2458 verbum
1392 2424 1577 2461 renidebat,
1600 2422 1694 2454 modo
1713 2423 1878 2465 splendere
1903 2420 1945 2465 (ξ.
1973 2422 2030 2453 15.
2055 2421 2113 2453 17.
2137 2420 2196 2452 27.

1245 2491 1327 2521 208.
1351 2489 1433 2519 581.
1459 2486 1574 2530 728),
1597 2486 1711 2525 modo,
1737 2492 1771 2517 ut
1791 2487 1852 2517 hoc
1878 2484 1950 2517 loco
1975 2491 2006 2517 et
2029 2485 2113 2530 apud
2129 2483 2196 2516 Ma·

1246 2550 1389 2585 crohium
1411 2548 1456 2593 (in
1478 2547 1609 2580 Saturn.
1638 2549 1669 2588 1,
1698 2547 1774 2591 11),
1807 2547 1972 2579 subridere
1997 2547 2161 2589 significat.

1322 2608 1559 2655 tto-bidabatw]
1585 2610 1658 2642 lIoc
1676 2610 1807 2642 verbum
1831 2614 1940 2641 noster
1962 2621 2032 2641 eum
2054 2607 2195 2647 Saxone,
