2310 2860
697 174 896 218 Martiani
932 175 1131 232 Capellae
1168 176 1242 217 lib.
1263 175 1317 217 II.
1360 178 1391 229 ᾗ.
1418 177 1516 218 149.
1997 180 2083 221 201

130 281 298 338 puellae
341 280 497 323 debent
534 281 578 322 in
622 283 790 338 nuptias
836 275 1095 335 convocare,
1140 292 1187 324 ut
1227 297 1376 324 earum
1423 293 1464 324 et
1507 283 1657 326 itinera
1699 295 1913 342 protegas,
1964 295 2004 327 et
2036 287 2082 329 in

130 370 291 419 optatas
321 361 471 403 domos
494 362 640 413 ducas,
669 372 710 404 et
734 369 874 418 quum
891 373 1036 418 postes
1067 372 1248 418 ungant,
1279 363 1466 404 faustum
1492 379 1619 405 omen
1643 365 1784 421 affigas
1802 377 1843 407 et
1864 368 2083 423 cingulum

128 453 329 498 ponentes
367 443 411 484 in
449 443 646 484 thalamis
684 459 767 484 non
802 435 1048 498 'relinqua33
1108 446 1344 501 Opigenam
1385 455 1445 496 te,
1485 461 1591 501 quas
1628 448 1696 488 vel
1728 449 1769 489 in
1808 459 1954 505 partus
1995 449 2083 491 dis-

128 526 328 576 erimine,
374 526 444 567 vel
481 526 524 567 in
568 525 679 566 bello
717 525 972 581 protexeri8‚
1014 527 1330 582 precabuntur,
1389 528 1653 582 Populonam
1686 529 1852 584 plebes,
1899 529 2082 573 Curitim

128 607 285 649 debent
316 622 562 649 memorare
600 607 828 659 bellantes3
887 606 958 652 hic
997 621 1074 662 ego
1105 617 1144 648 te
1173 608 1348 650 Aeriam
1387 610 1525 665 potius
1566 609 1619 650 ab
1667 610 1771 651 a‘eris
1808 626 1937 666 regno
1966 625 2082 652 nuu-

128 727 174 773 (p.
197 728 243 760 79
267 727 358 773 Dae.)
381 734 413 760 et
433 727 580 761 Arnobio
602 729 647 773 (5.
673 740 703 774 p.
722 729 803 761 115.
825 728 910 772 119)
936 727 1082 761 concinit.
1135 728 1222 771 quod
1242 728 1281 759 ad
1298 739 1415 761 nomen
1431 733 1536 760 autem
1551 727 1673 769 attinet,
1691 727 1827 760 Ovidius
1844 729 1926 772 (fast.
1941 729 1977 770 6,
1992 727 2082 772 285)

129 789 199 822 Sed
226 791 411 834 neutiquam
429 790 660 822 contemnenda
689 790 784 823 lectio
813 791 965 834 Cynthia,
988 801 1083 834 quam

128 852 161 884 in
193 852 357 884 codicibus
387 853 636 884 Monacensibus
664 852 717 897 (B.
746 852 791 896 D)
817 852 1004 892 observavi,
1041 851 1083 883 si-

128 913 257 958 quidem
287 914 426 958 Cynthia
453 914 559 946 Diana
590 920 673 955 erat,
705 927 786 960 quae
807 927 902 960 saepe
927 927 999 948 eum
1023 914 1083 946 Ju-

128 987 213 1008 nonc
237 976 456 1015 confunditur,
488 981 520 1007 et
544 972 755 1023 Λυσιζώνη
783 977 916 1008 candem
946 977 986 1008 ob
1009 988 1082 1008 cau-

129 1049 197 1069 sam
228 1038 449 1082 appellabatur
470 1037 595 1082 (Orpb.
618 1039 724 1081 hymn.
746 1040 814 1079 55,
844 1040 877 1071 5.
897 1038 1082 1081 Hesychius

127 1113 200 1146 pag.
222 1102 294 1133 512
325 1101 433 1144 ibique
466 1101 565 1144 nota).
609 1101 729 1133 Cinxia
764 1107 869 1134 autem
902 1102 1083 1134 defenditur

127 1175 145 1195 e
165 1163 323 1195 Martiano
345 1163 433 1207 ipso,
465 1163 520 1207 qui
545 1161 586 1207 (§.
606 1162 690 1208 115)
714 1175 865 1208 sponsam
883 1164 1011 1208 cinytdo
1032 1175 1081 1195 or-

127 1227 196 1259 nari
215 1227 353 1258 tradidit

204 1288 344 1334 unqant]
369 1288 469 1334 Apud
494 1291 663 1333 Grofium,
689 1302 811 1335 eosque
837 1291 892 1335 qui
919 1293 1005 1325 hune
1032 1303 1082 1323 se·

129 1351 195 1384 cuti
220 1357 312 1392 sunt,
341 1352 575 1383 W'altlxardum
609 1357 642 1383 et
669 1352 842 1393 Goezinm,
875 1353 993 1394 legitur
1021 1366 1081 1385 un»

128 1421 223 1459 qent,
257 1415 343 1459 quod
372 1416 515 1447 futurum
548 1415 610 1447 hoc
637 1415 710 1448 loco
736 1415 826 1447 nihili
853 1427 924 1447 esse
946 1416 1082 1459 quilibet

128 1477 308 1522 perspicere
328 1483 444 1520 potest.
481 1477 641 1520 Equidem
674 1477 868 1519 conjunctivi
891 1489 1044 1521 praesens
1063 1490 1080 1510 e

129 1538 238 1571 codice
261 1538 519 1580 Cantabrigieusi
536 1538 659 1581 recepi,
685 1539 758 1581 quia
782 1540 843 1569 hoe
869 1539 964 1570 modo
986 1550 1082 1570 causa

128 1600 262 1646 exprimi
291 1600 416 1631 videtur
446 1599 523 1631 boni
554 1598 678 1630 ominis.
717 1600 768 1630 De
796 1599 892 1640 hujus
921 1599 1080 1629 unet-ionis

129 1677 188 1697 usu
214 1665 359 1697 conferre
390 1663 466 1694 licet
492 1662 677 1694 Lucretium
706 1662 759 1706 (4,
787 1661 914 1704 1172),
938 1658 1080 1693 Plinium

128 1729 201 1773 (28,
224 1730 264 1769 9,
286 1727 371 1771 57),
398 1726 579 1758 Arnobium
604 1725 657 1770 (5.
681 1739 711 1769 p.
737 1726 843 1769 115),
867 1730 898 1756 et
924 1724 1084 1756 Isidorum

129 1793 235 1836 (etym.
253 1791 288 1830 9,
312 1791 344 1830 7,
372 1789 427 1820 12.
450 1802 481 1833 p.
496 1788 569 1820 455
592 1787 716 1831 Arma),
742 1787 796 1831 qui
824 1799 892 1827 sua,
916 1793 951 1817 ut
975 1798 1083 1830 saepe,

131 1865 149 1883 a
170 1852 284 1885 Servio
307 1851 360 1890 (ad
381 1849 463 1882 Aen.
484 1850 525 1890 4,
542 1849 630 1892 458)
652 1849 748 1879 babet
765 1849 859 1892 (adde
877 1848 905 1879 si
924 1848 1004 1879 tanti
1023 1853 1084 1888 eet,

130 1913 290 1958 palaeogr.
312 1924 415 1943 meam
441 1911 510 1943 erit.
537 1911 598 1942 ΙΙΙ.
622 1909 651 1953 ξ.
675 1909 745 1952 57).
781 1910 832 1940 Dc
858 1909 966 1941 limine
989 1909 1084 1941 sertis

131 1977 273 2010 ornando
296 1982 407 2008 noster
427 1986 523 2018 supra
544 1973 586 2018 (ξ.
609 1973 641 2017 1)
666 1973 740 2015 egit.

206 2037 404 2085 OJ›i9enzarrz]
438 2037 572 2070 Grotius
602 2036 805 2081 Soiiqevoestnt,
839 2037 896 2068 sed
924 2039 983 2069 bac
1007 2042 1084 2070 nota

131 2105 250 2136 addita:
279 2104 385 2145 uLege
417 2103 604 2146 Opiyenam.
640 2101 772 2132 Festus:
802 2100 1001 2145 -Opigcnam
1022 2101 1082 2133 Ju-

131 2180 246 2200 noncm
263 2173 425 2199 matronae
444 2165 602 2205 colebant,
627 2165 714 2208 quod
731 2177 801 2196 eam
823 2176 916 2208 opem
936 2165 969 2197 in
990 2171 1082 2208 partu

131 2231 349 2263 laborantibus
376 2231 459 2262 ferre
484 2229 683 2262 credebant«
717 2228 843 2260 Nomen
866 2234 953 2260 reete
979 2229 1081 2273 ponit,

134 2294 190 2326 sed
212 2307 277 2327 non
299 2300 389 2326 verat
412 2293 640 2337 veriloquium,
675 2292 758 2324 dieta
786 2292 869 2325 enim
891 2292 1039 2337 Opigena
1065 2305 1082 2325 a

134 2361 232 2387 matre
261 2355 345 2400 Ope.
385 2355 424 2386 In
454 2354 601 2387 Arnobio
638 2366 766 2398 quoquc
799 2366 857 2399 pro
887 2354 1082 2399 ossipagina

134 2418 281 2462 Opigena
296 2418 483 2459 legendum,
504 2430 684 2461 quanquam
697 2419 859 2450 Meursius
876 2424 987 2450 noster
998 2418 1081 2463 OpS,

135 2482 283 2526 Opigena
301 2481 397 2522 legat,
416 2480 504 2524 quod
524 2481 576 2512 vix
589 2482 713 2524 probo.«
747 2482 887 2514 Videtur
902 2483 1084 2515 Vossianus

135 2543 253 2582 codex,
280 2541 335 2586 qui
359 2542 441 2573 bane
467 2541 655 2583 lectionem,
680 2548 763 2575 teste
786 2543 965 2576 Arntzenio
983 2544 1085 2588 (misc.

136 2620 166 2651 p.
192 2605 303 2649 210),
338 2604 450 2645 babet,
484 2616 502 2637 a
537 2604 652 2637 Grotio
678 2606 745 2648 jam
777 2607 941 2651 inspectus
966 2607 1083 2640 suisset

1135 795 1263 833 etymon
1289 790 1503 834 suppeditavit
1521 801 1632 821 versu:

1191 853 1262 884 »Ex
1275 851 1348 897 Ope
1359 852 1522 884 Junonem
1535 858 1712 884 memorant
1726 851 1937 899 Cereremque
1958 857 2082 885 creatas

1183 913 1312 947 Semine
1333 914 1471 946 Saturni
1478 928 1486 944 ε
1507 915 1601 946 tertia
1630 915 1730 946 Vesta
1753 914 1845 957 suita

1209 978 1245 1007 in
1277 975 1374 1021 bello]
1410 976 1615 1007 Britannicus
1647 977 1775 1020 quidem
1807 976 1910 1008 codex
1939 977 2085 1009 inbecillo

1134 1040 1280 1080 exbibet,
1308 1041 1365 1072 sed
1385 1041 1533 1072 imbecilli
1554 1041 1698 1084 profecto
1721 1040 1782 1072 ista
1803 1040 1899 1072 lectio
1923 1046 1981 1071 est.
2004 1039 2084 1085 Opi-

1133 1115 1246 1145 genam
1272 1110 1457 1148 precantur,
1489 1104 1562 1147 quia
1590 1104 1677 1135 bello
1701 1115 1779 1148 opes
1805 1109 2009 1148 quaeruntur.

1207 1164 1432 1210 Populonam]
1463 1166 1513 1197 lta
1543 1165 1616 1196 libri
1645 1177 1756 1197 omnes
1792 1170 1920 1209 praeter
1949 1164 2083 1198 Reiche-

1133 1241 1324 1271 nauensem,
1356 1229 1411 1274 qui
1428 1230 1606 1273 Poplonam
1629 1229 1767 1261 exhibet.
1799 1229 2012 1273 Populoniam
2032 1228 2087 1260 alii

1134 1294 1277 1326 scribunt
1301 1294 1455 1338 (Macrob.
1487 1293 1649 1326 Satur-nal.
1675 1295 1718 1334 5,
1749 1294 1804 1325 11.
1844 1292 2018 1335 Angustia.
2044 1292 2086 1324 de

1133 1355 1191 1387 civ.
1219 1355 1270 1387 dei
1297 1357 1333 1396 6,
1356 1357 1412 1388 10.
1440 1354 1566 1388 Arnob.
1584 1357 1618 1387 5.
1642 1368 1673 1400 p.
1691 1354 1797 1399 118),
1825 1355 1881 1386 scd
1902 1355 2015 1387 eodem
2035 1365 2084 1385 re-

1133 1418 1189 1458 dit,
1212 1418 1286 1461 quia
1307 1430 1434 1461 semper
1451 1431 1468 1449 a
1483 1419 1598 1461 populo
1616 1419 1675 1449 erit
1695 1419 1786 1461 quasi
1798 1419 1973 1461 popularis,
1998 1418 2086 1462 quod

1130 1478 1323 1512 Martianum
1337 1490 1466 1522 quoque
1475 1479 1614 1510 voluisse
1630 1478 1735 1509 addita
1745 1489 1807 1509 vox
1818 1479 1924 1521 plebes
1937 1479 2086 1511 ostendit.

1206 1540 1358 1585 Cur-iiim]
1386 1540 1543 1583 Quamvis
1568 1540 1607 1571 dc
1630 1539 1725 1580 hujus
1748 1539 1946 1580 cognominis
1964 1539 2086 1581 origine

1131 1600 1165 1631 in
1203 1613 1336 1644 prorsus
1378 1601 1520 1631 diversas
1555 1600 1671 1630 abeant
1708 1600 1882 1631 sententias
1914 1601 2085 1645 scriptores

1131 1663 1267 1706 (Cuperi
1291 1663 1414 1694 observ.
1437 1663 1479 1697 2,
1507 1663 1540 1693 2.
1567 1675 1597 1706 p.
1620 1662 1714 1706 155),
1740 1675 1780 1694 ex
1808 1663 1924 1694 additis
1944 1670 2051 1696 tamen
2068 1677 2086 1696 a
2133 1692 2135 1697 ,

1135 1725 1292 1757 Martiano
1308 1724 1413 1756 verbis
1435 1736 1629 1755 »memorare
1649 1724 1768 1756 debent
1788 1724 1964 1757 bellantes«
1988 1732 2086 1770 patet,

1135 1786 1176 1818 ad
1200 1786 1280 1818 illud
1300 1792 1428 1830 etymon
1446 1799 1519 1817 cum
1536 1785 1735 1829 respexisse,
1757 1798 1821 1830 quo
1839 1800 1857 1819 a
1879 1790 1961 1827 curi,
1984 1789 2086 1830 basta,

1135 1850 1258 1883 Curitis
1287 1850 1454 1881 deducitur
1485 1851 1619 1893 (Festus
1656 1862 1686 1893 p.
1717 1851 1788 1882 109
1812 1850 1892 1884 Dae.
1923 1852 2087 1885 Plutarch.

1133 1924 1189 1956 qn.
1210 1913 1306 1944 Rom.
1336 1913 1383 1944 86
1406 1925 1436 1956 p.
1457 1912 1540 1943 285.
1563 1911 1658 1943 ovid.
1678 1912 1750 1945 fast.
1772 1912 1811 1953 2,
1837 1913 1920 1945 477.
1942 1915 2086 1947 Macrob.

1135 1973 1203 2005 Sat.
1230 1975 1267 2014 1,
1295 1975 1328 2006 9.
1353 1974 1472 2005 muller
1498 1973 1532 2005 iu
1547 1973 1675 2006 Etrusc.
1701 1974 1744 2005 II.
1768 1987 1799 2018 p.
1820 1974 1893 2018 45).
1927 1975 2085 2021 Dionysio

1133 2037 1229 2068 etiam
1245 2037 1524 2069 Halicarnassensi
1539 2038 1585 2081 (2.
1602 2050 1633 2082 p.
1653 2037 1722 2069 114
1743 2037 1848 2081 Sylh.)
1864 2050 1902 2070 ca
1916 2039 2083 2086 Ηυριτὶα

1133 2101 1240 2141 audit,
1266 2101 1301 2133 in
1321 2101 1437 2146 lapidis
1460 2102 1597 2146 denique
1621 2101 1714 2133 titulo
1732 2101 1841 2146 (Gn-ut.
1859 2103 1945 2144 508,
1972 2103 2007 2149 1)
2023 2105 2084 2137 hoc

1133 2177 1312 2208 cognomen
1339 2166 1477 2208 Quiritis
1499 2165 1655 2197 scribitur.

1206 2225 1353 2271 Aeriam]
1377 2227 1451 2259 MS.
1464 2227 1599 2267 Aerem,
1622 2227 1703 2258 forte
1722 2224 1988 2275 Hel-am.‘Hpav
1999 2227 2081 2259 enim

1133 2284 1212 2323 ἀπὸ
1232 2289 1304 2324 τοῦ
1327 2286 1443 2336 ἀέρος
1463 2291 1606 2322 derivant
1624 2290 1818 2335 philosophi.
1832 2291 1991 2324 Gno‘r.—
2007 2289 2080 2322 MS.

1132 2353 1254 2385 Aetam
1279 2354 1432 2394 offerunt,
1463 2360 1499 2385 nt
1522 2355 1657 2386 fortasse
1686 2354 1808 2386 Horam
1833 2355 2002 2396 legendum
2027 2351 2078 2383 sit.

1132 2417 1336 2448 anrnutns:
1359 2413 1383 2462 ἡ
1411 2414 1504 2463 ἤρα,
1537 2414 1562 2463 ἤ
1588 2427 1647 2457 τις
1674 2416 1779 2452 ἐὸτὶν
1803 2413 1887 2462 ἆήρ.
1913 2416 2012 2448 Gonz.
2030 2433 2077 2440 —

1135 2480 1223 2512 Cave
1246 2479 1395 2521 corrigas.
1419 2481 1563 2512 Primum
1586 2480 1670 2513 enim
1691 2480 1784 2525 pauci
1800 2483 1921 2510 tantum
1939 2476 2080 2517 codices,

1135 2555 1248 2588 nempe
1276 2543 1454 2576 Grotianus
1480 2544 1535 2576 ille
1569 2551 1602 2576 et
1626 2543 1807 2576 Vossianus
1837 2540 1967 2585 (Arntz.
1989 2541 2077 2572 misc.

1134 2619 1165 2652 p.
1194 2606 1281 2650 210)
1318 2605 1438 2640 Aetam
1470 2608 1605 2656 babent,
1645 2605 1761 2649 reliqui
1790 2603 1908 2636 rectius
1939 2603 2078 2637 Aeriam.

1625 2668 1674 2700 26
