2310 2860
75 1350 165 1394 854

191 199 281 240 666
736 194 935 236 Martiani
967 192 1167 249 Capellae
1194 192 1266 234 lib.
1298 192 1417 235 VIII.
1450 196 1482 245 ᾗ.
1505 194 1605 236 852.

193 304 369 346 diversis
401 304 692 356 'compensare
730 300 1017 356 temporibus,
1070 299 1109 340 id
1150 309 1210 340 est
1253 310 1325 340 aut
1365 316 1510 342 mense
1556 311 1604 342 ut
1640 302 1787 354 Luna,
1845 314 1917 346 aut
1956 320 2065 347 anno
2102 315 2146 347 ut

196 386 288 435 Sol,
331 392 403 423 aut
428 382 593 436 triginta
626 382 743 422 annis
776 392 821 422 nt
853 383 1083 432 Saturnus,
1121 391 1160 422 et
1191 382 1335 423 ceteris
1366 384 1630 439 temporibus
1662 400 1739 440 pro
1771 386 2003 440 spatiorum
2033 403 2144 441 quac

199 467 463 507 circumeunt
486 464 704 506 latitudine
729 474 800 505 aut
828 465 1046 505 brevitate.
1107 463 1232 513 Quae
1257 474 1407 505 cuncta
1438 464 1575 506 sidera
1606 465 1701 505 licet
1724 466 1765 506 in
1797 475 1939 506 ortum
1972 482 2146 522 pergere

196 543 440 598 videantur,
478 562 561 587 non
595 556 736 587 tamen
769 546 997 587 adversum
1032 544 1244 585 mundum
1278 545 1411 600 rigido
1447 555 1589 597 motu,
1635 546 1707 586 sed
1747 547 1921 601 obliquo
1963 563 2039 603 per
2076 563 2147 589 zo-

193 627 303 669 diaci
336 626 475 668 defixa
515 627 774 678 moliuntur3
819 627 1007 681 alioquin
1040 641 1092 667 ex
1124 628 1333 667 contrario
1372 616 1555 682 p'artium
1594 642 1770 668 suarum
1806 637 1925 668 motu
1960 627 2148 668 mundus

193 718 303 750 stare
332 723 417 749 non
458 717 607 763 posset.
665 708 865 762 Denique
905 708 1030 748 etiam
1070 683 1442 764 peripateticoi'um
1484 708 1637 763 dogma
1675 708 1907 758 contendit,
1953 724 2037 749 non
2072 707 2148 749 ad-

194 805 369 832 versum
412 790 625 832 mundum
665 789 770 830 haec
808 789 945 830 sidera
977 789 1244 845 promoveri,
1291 788 1364 828 sed
1396 788 1605 829 celeritate
1646 788 1818 839 mundi,
1864 803 1995 843 quam
2028 788 2149 842 sequi

194 888 278 914 non
317 881 566 928 potuerunt,
612 870 844 926 praeteriri.
921 869 1049 919 Quod
1096 869 1295 923 quidem,
1345 869 1470 909 etiam
1518 879 1563 910 ut
1604 885 1754 911 verum
1801 871 1872 921 sit,
1919 871 2022 911 meis
2063 885 2148 911 non

194 952 347 1008 poterit
382 951 614 992 rationibus
656 950 843 990 obviare.
903 950 1000 990 Sive
1046 951 1160 990 enim
1203 951 1412 991 Saturnus
1450 951 1582 990 nimia
1615 966 1713 991 cum
1746 951 1909 992 mundo
1941 952 2149 992 eeleritate

194 1043 438 1076 concertans
477 1033 551 1073 vix
591 1031 752 1086 exiguis
793 1031 986 1072 cursibus
1027 1041 1278 1086 superatur,
1333 1046 1382 1072 ac
1427 1033 1574 1082 Luna,
1619 1032 1736 1086 quod
1773 1032 1934 1073 tardius
1964 1031 2150 1082 incedat,

192 1116 304 1156 intra
326 1113 588 1155 tricesimum
621 1112 735 1152 diem
760 1126 782 1152 a
815 1113 964 1153 mundi
1001 1122 1119 1168 parte
1151 1113 1298 1154 eadem
1331 1115 1608 1169 praeteritum
1644 1115 1734 1154 sivo
1768 1125 1908 1155 contra
1934 1113 2150 1154 mundum·

195 1196 424 1237 nitentibus
463 1195 556 1236 ideo
593 1194 769 1235 celerior
808 1194 909 1249 quia
941 1194 1138 1234 breviore
1170 1193 1332 1233 ambitu
1364 1193 1511 1233 orbem
1545 1193 1692 1233 circuit
1723 1194 1869 1243 Luna,
1900 1193 2149 1245 tardiusque

195 1279 405 1320 Saturnus
446 1286 620 1332 propter
665 1275 932 1317 latitudinem
981 1275 1094 1316 orbis
1136 1273 1281 1325 effusi;
1338 1282 1485 1313 utrum
1531 1272 1656 1322 velis,
1716 1272 1821 1312 meis
1869 1272 2024 1325 regulis
2063 1286 2148 1311 non

193 1357 373 1408 obsistit,
415 1356 628 1411 siquidem
671 1370 774 1396 suus
807 1365 946 1396 motus
979 1356 1158 1395 istorum
1192 1354 1424 1395 rationibus
1455 1352 1736 1408 dispensatur.

269 1506 422 1536 nituntur
445 1500 600 1546 diversis]
636 1501 834 1534 Claudianus
863 1502 916 1546 (de
940 1514 1030 1536 cons.
1057 1503 1146 1535 Mali.

196 1567 318 1600 Theod.
339 1564 439 1608 105)=

252 1629 386 1661 „Sidera
406 1639 464 1659 eur
487 1631 606 1669 septem
626 1631 713 1657 retro
733 1625 876 1657 nitantur
899 1627 934 1657 in
957 1632 1047 1658 ortus

246 1691 418 1723 obluctata
440 1689 528 1731 polo«
549 1706 596 1710 ——-

196 1753 333 1786 Ovidius
357 1753 493 1795 (nietam.
514 1750 553 1789 2,
583 1749 659 1792 72)=

252 1816 364 1847 »Nitor
390 1817 423 1845 in
443 1814 632 1852 adversum,
659 1823 718 1843 nee
741 1823 789 1842 me
811 1813 869 1858 qui
891 1818 995 1844 celera
1015 1813 1115 1844 vincit

245 1879 408 1920 Impetus,
434 1881 465 1907 et
489 1875 601 1918 rapido
623 1873 800 1905 conti-arius
823 1875 939 1905 evehor
961 1875 1067 1914 orbi«,-

196 1942 280 1973 unde
307 1941 400 1971 etiam
428 1943 558 1982 apparet
580 1937 743 1968 meliorem
767 1948 837 1968 esse
861 1938 956 1980 paulo
984 1944 1056 1969 ante
1080 1937 1149 1969 vul-

197 2011 300 2047 gatam
337 2003 506 2034 lectionem
539 2003 655 2033 rotatio
692 2013 786 2044 quam
809 2004 910 2040 ratio,
952 2002 1038 2044 quod
1064 2002 1147 2045 apud

198 2067 385 2102 Grotiumin
400 2066 539 2107 margine
552 2066 684 2106 legitur3
712 2065 758 2096 sic
771 2065 853 2096 enim
868 2066 984 2097 ibidem
995 2066 1148 2097 Ovidius:

253 2133 365 2164 »Adde
389 2130 474 2178 quod
499 2130 629 2160 assidua
654 2130 780 2171 rapitur
799 2129 953 2170 vertigine
977 2131 1112 2169 coelum,

244 2193 423 2240 Sideraque
439 2192 504 2222 ulta
523 2192 621 2222 trahit
638 2191 796 2236 celerique
812 2191 972 2222 volumine
990 2196 1126 2234 torquet.
1135 2205 1145 2218 «

196 2256 317 2288 Eadem
343 2254 478 2286 varietas
504 2252 586 2283 redit
612 2251 692 2282 infra
716 2250 757 2294 (ἓ.
776 2252 871 2294 8:35).

270 2320 384 2352 ceteris
406 2313 612 2360 temporibus]
639 2315 690 2345 De
708 2315 802 2346 variis
830 2321 1005 2358 temporum
1027 2315 1148 2358 spatiis,

198 2382 313 2425 quibus
336 2378 452 2420 singuli
477 2378 622 2422 planetae
641 2388 754 2408 cursus
778 2388 853 2407 suos
876 2377 1055 2419 perficiant,
1086 2390 1148 2408 ain-

197 2444 281 2487 plius
303 2440 488 2474 conserendi
510 2444 584 2470 sunt
608 2438 723 2470 Cicero
742 2437 794 2480 (Ν.
812 2438 851 2468 Ι).
870 2439 908 2478 2,
936 2439 1013 2481 20),
1038 2439 1148 2471 Vitru-

198 2505 268 2536 vius
288 2505 342 2547 (9,
370 2504 384 2534 1
416 2515 445 2536 s.
467 2501 519 2544 4),
547 2500 673 2531 Plinius
697 2499 820 2542 (histor.
844 2506 906 2530 nal.
930 2501 969 2535 2,
995 2501 1046 2542 8),
1071 2501 1147 2531 Plu-

198 2569 326 2599 tarchus
359 2566 411 2609 (de
442 2565 524 2609 plac.
544 2564 620 2608 phil.
647 2564 685 2604 2,
710 2564 776 2602 523
810 2576 839 2606 p.
857 2564 957 2597 Sss‘mq
988 2564 1148 2594 Eusebius

198 2631 322 2675 (praep.
346 2641 455 2670 evang.
488 2629 548 2669 15,
580 2629 645 2668 5753.
680 2641 709 2671 p.
725 2627 826 2669 84ss),
863 2627 1007 2658 Achilles
1036 2628 1147 2659 Tatius

1798 1352 1969 1401 Quibus
2007 1360 2150 1392 tamen

1195 1499 1283 1544 (isag.
1297 1500 1353 1537 18,
1371 1496 1487 1544 ΡμόῚ
1506 1496 1646 1539 Petav.)‚
1670 1496 1826 1529 Geminus
1841 1495 1931 1538 (ibid.
1946 1508 1976 1539 p.
1989 1494 2036 1538 4),
2054 1494 2150 1527 Cleo-

1196 1562 1305 1593 medes
1322 1562 1370 1605 (l,
1390 1560 1437 1603 5),
1464 1560 1625 1591 Stobaeus
1648 1561 1763 1603 (eclog.
1780 1561 1871 1603 phys.
1887 1571 1920 1603 p.
1935 1558 2008 1590 262
2028 1558 2150 1601 Hecu),

1196 1625 1380 1658 Macrobius
1408 1624 1453 1666 (in
1476 1636 1579 1657 somn.
1606 1623 1745 1667 Scip.1‚
1780 1623 1847 1665 13).

1271 1686 1461 1731 lalilmlinc]
1490 1687 1645 1719 Grotiana
1668 1699 1791 1727 margo:
1821 1686 1878 1718 nal.
1901 1686 2126 1729 Ionyitudinea«

1272 1751 1305 1780 in
1328 1747 1444 1792 ortum]
1472 1749 1629 1779 Diui-num
1664 1748 1810 1778 nimirum
1841 1747 1907 1778 sive
1937 1746 2061 1787 mundi,
2096 1747 2150 1790 qui

1198 1810 1269 1842 Soli
1287 1810 1462 1853 Lunaeque
1480 1821 1551 1840 curu
1572 1814 1638 1840 toto
1659 1809 1749 1840 coelo
1769 1808 1944 1840 communis
1963 1814 2028 1845 est,
2052 1820 2149 1851 quum

1198 1873 1317 1918 proprii
1344 1874 1542 1917 planetarum
1566 1878 1687 1904 meatus
1711 1873 1864 1903 menstrui
1885 1872 1935 1904 vel
1960 1871 2056 1903 annui
2075 1883 2148 1903 con-

1198 1938 1325 1969 trariam
1354 1937 1436 1968 viam
1470 1942 1617 1976 teneant,
1658 1948 1720 1979 qua
1754 1936 1793 1967 (le
1823 1948 1858 1966 re
1896 1936 2043 1967 omuibus
2075 1939 2149 1966 nota

1198 2002 1343 2046 pluribus
1369 2006 1466 2042 agunt
1484 2001 1580 2032 Plato
1606 2000 1651 2043 (in
1677 2000 1807 2031 Timaeo
1837 2012 1866 2043 p.
1881 1999 1959 2042 56),
1982 1998 2149 2031 Vitruvius

1199 2066 1252 2108 (9,
1282 2066 1299 2096 1
1324 2077 1350 2098 S.
1369 2065 1422 2105 4),
1457 2064 1581 2096 Seneca
1606 2064 1658 2107 (de
1684 2063 1861 2095 constantia
1888 2063 1962 2105 14),
1992 2062 2147 2094 Geminus

1200 2127 1305 2170 (elem.
1333 2127 1394 2165 10,
1426 2126 1519 2169 p.s12
1546 2124 1677 2167 Petav.)
1706 2130 1738 2156 et
1761 2124 1814 2156 alii
1847 2136 1929 2167 quos
1964 2134 2147 2154 enumerare

1197 2191 1329 2232 longum
1351 2194 1410 2220 cst.

1273 2253 1412 2284 mundus
1432 2258 1518 2283 stare
1533 2263 1598 2283 non
1613 2248 1731 2294 posset]
1755 2250 1866 2290 Margo
1882 2249 2037 2281 Grotiana
2055 2262 2146 2282 mnn-

1201 2320 1275 2351 dum
1297 2318 1458 2348 sustinere
1478 2328 1542 2347 ηοη
1559 2319 1693 2357 possunt
1701 2326 1713 2352 ,-
1739 2313 1831 2344 male.

1271 2376 1457 2422 praeteriri]
1485 2375 1644 2407 Aeeuratc
1666 2375 1748 2406 hanc
1776 2375 1964 2406 sententiam
1989 2374 2148 2407 examinat

1201 2440 1356 2474 Geminus
1385 2439 1468 2481 (loco
1494 2438 1588 2469 citato
1614 2449 1643 2480 p.
1663 2437 1710 2468 45
1733 2436 1845 2480 sequ.).

1274 2498 1412 2544 obvim-e]
1441 2498 1497 2530 Sic
1517 2498 1643 2530 codices
1664 2498 2090 2530 Ettenheimmunsteriensis
2115 2504 2148 2530 et

1198 2561 1469 2595 Darmstattensis.
1506 2561 1542 2591 ln
1568 2560 1660 2591 editis
1682 2560 1797 2602 legitur
1818 2561 1939 2592 obviat-i
1958 2572 2015 2603 pro
2038 2561 2145 2605 objirig

1199 2625 1254 2656 sed
1283 2623 1442 2669 passivum
1468 2623 1498 2653 in
1527 2622 1582 2653 illo
1607 2622 1703 2653 verbo
1731 2633 1824 2663 aegre
1849 2621 2031 2653 admittitur.
