2310 2860
716 219 916 263 Martiani
947 217 1147 276 Capellae
1175 217 1247 260 lib.
1271 217 1326 262 V.
1362 220 1394 271 §.
1419 217 1523 261 520.
2046 224 2136 266 447

864 387 943 430 DE
987 386 1454 430 MONOSYLLABIS.

345 495 394 537 In
426 495 732 551 monosyllabis
762 495 1072 551 inspiciendum
1105 504 1183 544 est,
1231 502 1378 534 utrum
1413 493 1547 535 finalis
1577 494 1702 550 longa
1731 495 1930 539 brevisne
1961 499 2023 540 sit.
2087 501 2130 542 Si

176 576 289 616 enim
318 575 443 631 longa
473 585 554 627 est,
601 577 768 631 praeire
796 576 922 617 debet
951 575 1195 626 trochaeus,
1228 584 1275 616 ut
1305 585 1365 616 est
1393 576 1501 618 illud
1533 577 1765 619 Ciceronis:
1799 595 1912 630 „non
1959 583 2128 638 scripta,

174 655 248 696 sed
286 665 384 697 nata
421 656 534 707 lex“‚
573 666 663 698 aut:
694 656 847 708 „dohet
876 670 964 696 esse
994 655 1139 711 legum
1170 656 1212 696 in
1242 658 1464 713 republica
1496 659 1637 714 prima
1670 664 1795 712 vox“;
1844 676 1956 716 quae
1990 672 2132 703 tamen

174 737 383 793 pendente
413 753 540 779 sensu
579 748 675 794 apta
706 738 930 780 conclusio.
991 738 1047 779 At
1077 752 1181 779 vero
1211 738 1245 777 si
1275 738 1418 780 brevis
1449 739 1578 780 fuerit
1606 741 1922 795 monosyllaba,
1962 743 2131 785 iambus

174 827 248 858 aut
295 828 545 874 anapaestus
591 818 828 870 antecedat,
885 826 934 859 ut
979 817 1036 858 ait
1082 817 1323 859 Sallustius:
1355 829 1467 870 „tota
1514 830 1657 863 autem
1702 823 1840 864 insula
1885 824 2051 864 modica
2091 833 2132 865 et

175 899 356 941 cultibus
386 901 522 954 ¹variis
562 903 668 941 est.“
726 900 913 940 Brevem
944 913 1047 940 vero
1084 898 1226 939 brevis
1259 908 1332 940 aut
1361 900 1531 957 longam
1567 902 1691 957 longa
1725 918 1811 944 non
1842 905 1930 944 sine
1965 905 2132 959 vitupe-

173 981 334 1021 ratione
382 990 588 1031 sectatur‚
648 989 696 1020 ut
734 979 769 1020 si
811 978 946 1020 dicas:
981 979 1058 1021 ista
1097 994 1164 1020 res
1206 994 1302 1022 mea
1346 991 1425 1033 est,
1483 992 1556 1024 aut
1603 994 1770 1035 contra,
1827 986 1944 1040 quod
1987 986 2131 1027 Cicsro

171 1075 249 1115 pro
287 1061 478 1115 Ligario:
524 1076 637 1111 „non
677 1069 723 1100 tu
758 1074 858 1100 eum
896 1060 1032 1115 patria
1073 1062 1267 1116 privare,
1313 1079 1400 1119 qua
1439 1075 1570 1117 caret,
1627 1066 1701 1107 sed
1740 1066 1825 1108 vita
1863 1068 1967 1119 vis“;
2014 1067 2133 1123 quod

171 1141 387 1181 voluntate
418 1150 581 1191 orator,
612 1156 697 1181 non
722 1155 867 1181 errore
898 1142 1148 1196 composuit.
1209 1144 1378 1185 Verum
1410 1145 1491 1185 hoc
1521 1145 1574 1186 de
1604 1148 1900 1202 monosyllabo
1931 1147 2130 1202 superius

167 1231 446 1278 praeceptum
479 1223 522 1264 in
554 1222 644 1263 colo
675 1222 830 1264 melius
862 1221 1121 1265 collocamus
1153 1234 1227 1267 aut
1258 1235 1490 1278 commate,
1534 1241 1620 1268 non
1650 1227 1694 1268 iu
1720 1226 1803 1269 fine
1833 1229 2074 1269 sententiae.

911 1402 994 1443 DE
1028 1404 1384 1446 DISYLLABIS.

2163 503 2253 545 520

334 1511 558 1567 Disyllaba
595 1526 698 1553 vero
731 1509 913 1552 iambico
950 1523 1133 1551 numero
1164 1524 1248 1550 non
1277 1510 1373 1564 jure
1405 1511 1687 1563 clauduntur,
1718 1512 1791 1554 sed
1815 1514 1849 1554 si
1873 1513 2135 1569 penultimus
2164 1513 2244 1555 521³.

165 1591 400 1647 spondeus,
445 1606 548 1632 mox
585 1592 757 1633 iambus
797 1600 983 1646 aptetur,
1027 1600 1076 1632 ut
1110 1591 1143 1631 si
1179 1591 1313 1632 dicas:
1347 1593 1462 1633 tenui
1500 1609 1644 1635 servos
1674 1610 1811 1646 meos,
1854 1605 1927 1637 aut
1957 1597 2132 1652 pyrrhi-

166 1673 285 1715 chius
317 1688 396 1729 pro
426 1673 593 1724 iambo,
628 1682 692 1714 ut:
726 1672 873 1713 consul
900 1671 1027 1714 videt.
1086 1672 1141 1712 At
1170 1672 1284 1713 bona
1314 1672 1505 1713 clausula
1534 1683 1594 1713 est
1617 1688 1669 1714 ex
1697 1675 1843 1715 iambo
1877 1685 1917 1716 et
1941 1678 2130 1732 spondeo

165 1753 233 1794 vel
266 1754 415 1795 ultimo
446 1754 670 1806 trochaeo,
709 1763 757 1794 ut
794 1754 828 1795 si
860 1753 956 1809 quis
987 1752 1114 1794 dicat:
1148 1753 1285 1809 patria
1315 1753 1498 1794 continet
1528 1753 1660 1794 bonos
1693 1755 1826 1807 cives,
1858 1756 1951 1797 vel:
1986 1759 2130 1799 asserit

166 1844 292 1889 caput
320 1835 435 1890 legis.
468 1834 724 1877 Cavendum
750 1845 811 1876 est
838 1844 1002 1887 autem,
1033 1850 1086 1875 ne
1111 1844 1184 1876 aut
1214 1834 1302 1876 duo
1332 1835 1465 1876 iambi
1495 1844 1567 1876 aut
1595 1835 1764 1877 iambus
1789 1845 1828 1877 et
1853 1837 2128 1892 pyrrhichius

164 1965 355 1999 Ciceronem
377 1966 469 2011 (orat.
486 1967 558 2010 64),
583 1979 677 2012 quem
694 1968 800 2012 ipsum
818 1972 929 2000 noster
952 1973 1025 2000 ante
1047 1979 1122 2000 oeu-

163 2027 214 2059 los
234 2027 355 2058 habuit.

235 2089 489 2136 ditliyrambum]
524 2090 659 2123 Grotius
697 2092 990 2131 deullzeriambum,
1022 2091 1122 2124 altera

161 2151 299 2186 lectione
325 2154 366 2186 ad
395 2154 569 2196 marginem
596 2154 732 2196 rejecta3
759 2155 846 2199 quod
869 2167 1035 2199 perperam
1057 2156 1121 2188 sac-

161 2221 229 2247 tum
249 2215 317 2259 ipse
343 2217 436 2249 facilc
461 2218 640 2260 intelligere
667 2218 844 2263 potuisset,
874 2219 901 2250 si
929 2219 1120 2251 Ciceronem

162 2278 221 2321 (de
244 2285 321 2310 orat.
346 2281 386 2320 5,
414 2282 480 2322 483
508 2288 587 2315 orat.
605 2282 675 2325 64)
698 2282 901 2326 inspexisset.
929 2283 1083 2315 Ceterum
1102 2295 1120 2314 a

163 2339 272 2372 codice
295 2341 482 2374 monacensi
502 2343 559 2387 (C)
575 2349 642 2375 tota
662 2344 787 2387 phrasis
809 2345 922 2376 »modo
942 2345 1119 2390 anapaesti-

163 2414 234 2435 eum
258 2404 354 2435 modo
375 2403 606 2448 dithyrambum
631 2407 757 2439 laudat«
790 2409 891 2440 abest.

241 2465 398 2511 scientia]
433 2467 567 2500 Grotius
595 2469 628 2500 in
650 2471 791 2513 margine
817 2473 998 2510 sententia,
1031 2470 1118 2515 quod

162 2535 194 2562 et
220 2530 323 2563 codex
346 2530 619 2564 Reichenaueusis
640 2534 752 2577 hahet3
779 2536 835 2568 sed
856 2536 1000 2569 mutandi
1021 2547 1117 2568 causa

161 2605 226 2627 non
245 2599 385 2638 apparet.

1174 1967 1264 1999 cibus
1286 1967 1475 2001 Monacensi
1495 1966 1552 2012 (C)
1568 1974 1600 2000 ct
1623 1969 1873 2002 Darmstattensi
1894 1971 2008 2016 scripsi
2031 1984 2129 2005 sensu

1172 2043 1231 2076 pro
1256 2033 1386 2070 sensui,
1414 2031 1499 2075 quod
1525 2032 1558 2063 in
1582 2032 1675 2064 editis
1698 2039 1775 2065 erat.

1248 2096 1386 2126 cultibus
1408 2093 1527 2139 variis]
1567 2094 1624 2128 Sic
1656 2096 1768 2140 scripsi
1800 2109 1817 2128 e
1840 2097 2004 2130 codicibus
2030 2112 2128 2143 quum

1173 2155 1329 2188 Grotiano
1352 2162 1420 2188 tum
1441 2157 1537 2197 mcis3
1569 2157 1666 2199 vulgo
1694 2157 1777 2189 enim
1798 2158 1966 2200 legebatur
1990 2162 2128 2193 cultibus

1170 2220 1294 2260 inanis,
1325 2220 1408 2263 apud
1438 2220 1584 2252 Cortium
1617 2226 1723 2252 autem
1748 2222 1799 2266 (in
1826 2223 1936 2265 fragm.
1959 2236 1990 2267 p.
2014 2223 2126 2266 1005)

1170 2283 1278 2315 nescio
1304 2284 1388 2315 unde
1415 2284 1589 2315 cultoribus
1615 2286 1735 2318 inanis.

1239 2359 1306 2378 non
1325 2345 1445 2391 errore]
1474 2348 1572 2390 Quod
1590 2348 1779 2380 Ciceronem
1797 2348 1987 2379 defensurus
2010 2354 2123 2380 noster

1169 2408 1209 2440 ad
1239 2409 1325 2440 illam
1357 2409 1533 2440 orationem
1563 2410 1641 2453 (pro
1664 2409 1793 2451 Ligario
1819 2409 1862 2452 4)
1894 2410 1945 2440 hic
1974 2409 2121 2448 adnotat,

1167 2472 1252 2504 idem
1271 2472 1339 2514 jam
1359 2471 1523 2505 Asconius
1547 2473 1713 2505 Pedianus
1732 2473 1784 2517 (ad
1805 2473 1868 2506 div.
1886 2472 1919 2503 in
1944 2472 2063 2506 Caecil.
2086 2474 2122 2518 7)

1168 2534 1408 2575 observaverat,
1440 2534 1588 2566 nimirum
1618 2535 1791 2567 clausulam
1819 2534 1904 2564 illam
1934 2534 2019 2566 »vita
2047 2535 2114 2567 vis«

1167 2597 1206 2629 ad
1233 2597 1469 2642 exprimendam
1499 2598 1689 2630 sententiam
1717 2598 1756 2628 de
1782 2597 1936 2628 industria
1960 2598 2118 2632 duriorem

237 2656 420 2703 Ciceronis]
446 2658 485 2691 In
505 2659 680 2693 Miloniana
704 2661 856 2707 (cap.4).
880 2663 958 2696 Mox
983 2674 999 2696 e
1028 2663 1114 2697 codi-
1164 2661 1300 2707 positam
1326 2673 1407 2695 esse.
1453 2662 1497 2695 Et
1523 2662 1575 2695 vix
1605 2660 1715 2695 vitium
1744 2660 1850 2693 inesse
1879 2661 1951 2694 huic
1984 2665 2118 2696 orationi
