2310 2860
709 163 908 206 Martiani
941 162 1139 220 Capellae
1169 163 1240 205 lib.
1269 163 1345 207 IV.
1384 164 1416 215 ᾗ.
1439 164 1542 206 560.
2026 166 2117 209 547

163 285 300 326 quum
348 286 433 312 non
477 280 673 327 parcant,
726 281 766 312 et
815 271 987 322 lucum,
1036 285 1175 326 quum
1224 285 1308 311 non
1357 269 1508 311 luceat.
1587 269 1679 311 Hoc
1725 272 1992 326 grammatici
2034 281 2118 317 κατ’,

159 354 394 405 ἀντίφρασιν
430 363 593 395 vocant.
651 354 730 395 Per
753 352 1035 394 differentiam
1073 352 1208 393 aliena
1238 350 1369 392 verba
1401 359 1519 401 sunt,
1556 365 1696 405 quum
1725 352 1812 393 sine
1841 352 1930 394 ulla
1954 353 2116 394 ratione

160 451 213 477 ex
253 437 342 477 aliis
381 445 677 487 assumuntur,
728 444 775 476 ut
812 436 845 475 si
883 435 1104 476 hominem
1142 448 1284 489 neque
1323 447 1502 488 corpore
1553 431 1715 474 durum
1760 449 1903 489 neque
1949 435 2117 491 ingenio

158 518 359 559 stolidum
400 518 585 573 lapidem
626 517 840 570 dicamus3
892 517 966 559 scd
1006 517 1068 558 his
1106 516 1167 557 uti
1207 530 1291 556 non
1322 515 1529 557 convenit.
1589 515 1774 556 Stultum
1809 525 1868 558 est
1899 517 2012 558 enim
2044 526 2118 559 aut

161 599 267 640 nihil
297 599 573 655 significantia
606 600 742 641 verba
779 607 851 639 aut
874 599 999 640 nimis
1030 598 1167 640 aliena
1196 598 1401 655 proferre.
1456 598 1641 655 Propriis
1672 607 1814 640 autem
1842 597 2115 640 et-similibus

160 690 200 722 et
229 683 446 724 contrariis
478 683 539 723 uti
571 681 632 723 fas
663 690 733 722 est.

784 875 933 926 QUID
978 875 1070 917 SIT
1114 872 1494 916 SUBSTANTIA.

326 995 573 1049 Antequam
611 994 664 1035 de
706 994 788 1035 hac
825 995 986 1045 dicam,
1041 994 1257 1049 quaedam
1300 996 1491 1040 docenda
1536 1007 1646 1040 sunt.
1716 999 1859 1040 Omne
1900 995 2113 1054 quidquid

157 1073 357 1124 dicimus,
399 1084 472 1114 aut
500 1075 738 1127 subjectum
771 1084 850 1125 est,
897 1083 968 1115 aut
998 1073 1050 1114 (10
1080 1076 1290 1130 subjecto,
1331 1088 1404 1119 aut
1433 1079 1475 1120 in
1507 1080 1695 1134 subjecto
1727 1091 1798 1122 est.
1857 1081 2112 1135 Subjectum

159 1165 218 1196 est
255 1156 394 1211 prima
433 1156 687 1206 substantia,
733 1155 852 1211 quod
891 1156 1034 1212 ipsum
1072 1157 1180 1197 nulli
1218 1158 1367 1199 accidit
1402 1160 1471 1200 alii
1501 1161 1859 1217 inseparabiliter,
1907 1163 1945 1203 01
1974 1173 2118 1204 tamen

160 1235 241 1277 alia
287 1235 501 1286 accidunt,
550 1246 597 1277 ut
638 1236 787 1277 Cicero
825 1246 904 1289 est,
949 1252 1035 1278 non
1072 1252 1252 1290 nomen,
1297 1239 1370 1281 sed
1411 1241 1529 1296 quod
1561 1242 1813 1283 eonomine
1843 1241 2116 1298 significatur.

160 1316 226 1356 De
266 1316 455 1370 subjecto
503 1327 583 1368 est,
637 1318 754 1373 quod
796 1318 849 1359 (10
885 1319 975 1374 ipso
1023 1319 1213 1373 subjecto
1251 1318 1428 1372 dicitur,
1476 1330 1516 1362 et
1555 1320 1627 1363 dat
1666 1322 1704 1363 ei
1748 1332 1788 1364 et
1831 1321 2119 1364 definitionem

158 1411 281 1436 suam
323 1406 362 1437 et
406 1411 584 1448 nomen,
630 1407 677 1438 ut
716 1399 860 1439 homo.
949 1400 1064 1440 Nam
1091 1408 1131 1439 et
1160 1399 1291 1439 homo
1324 1399 1472 1441 Cicero
1513 1411 1595 1451 est,
1643 1411 1683 1442 et
1721 1402 1879 1444 animal
1916 1402 2120 1444 rationale

160 1478 350 1518 mortale.
419 1478 480 1518 Ita
517 1487 555 1518 ot
594 1493 751 1518 nomen
790 1488 829 1518 et
867 1477 1075 1529 definitio,
1129 1494 1241 1534 quae
1280 1489 1340 1520 est
1376 1480 1429 1521 de
1469 1481 1681 1535 subjecto,
1738 1481 1878 1523 eidem
1926 1482 2117 1536 subjecto

162 1559 350 1610 accessit3
398 1558 582 1613 ideoque
613 1558 715 1609 hoe,
758 1558 876 1613 quod
907 1559 959 1599 de
993 1560 1182 1614 subjecto
1217 1559 1390 1612 dicitur,
1439 1562 1481 1603 in
1515 1563 1742 1617 generibus
1778 1564 1846 1605 vel
1885 1564 1929 1605 in
1966 1564 2119 1606 formis

233 1727 369 1774 Parcas]
395 1729 480 1761 Nota
504 1728 696 1772 etymologia
716 1740 755 1760 ex
770 1728 884 1761 Servio
907 1728 961 1771 (ad
977 1727 1114 1761 Aeneid-

162 1792 193 1831 1,
218 1791 294 1833 22)2
325 1796 374 1822 »ct
397 1791 498 1822 dietae
527 1796 601 1822 sunt
618 1792 743 1822 Pareae
765 1790 846 1824 zat*
866 1787 1112 1837 ἀντίφραών,

159 1853 246 1895 quod
279 1852 360 1883 nulli
391 1859 545 1896 parcant,
582 1852 665 1884 sicut
700 1853 791 1884 lucus
820 1865 837 1883 a
867 1865 931 1883 non
962 1853 1114 1892 lucendo,

160 1915 276 1947 bellum
304 1927 322 1946 a
352 1915 440 1947 nulla
470 1928 505 1947 re
533 1917 643 1947 bellam
677 1916 822 1947 Eandem
853 1927 965 1959 sapere
988 1916 1115 1947 videtur

159 1979 324 2023 inscriptio
352 1985 444 2010 vetus
469 1979 574 2023 (misc.
599 1979 688 2023 Lips.
712 1991 786 2012 nov.
809 1981 849 2019 5,
875 1992 907 2023 p.
926 1979 1003 2022 57)=
1027 1991 1113 2011 »cru-

160 2043 249 2075 deles
284 2043 427 2082 Pareae,
459 2055 540 2086 quae
567 2042 686 2074 nemini
714 2049 869 2086 parcunt«
908 2048 968 2074 cet.
1017 2042 1114 2075 Adde

158 2105 317 2138 Isidorum
340 2105 393 2149 (l,
421 2106 485 2145 58,
513 2105 579 2145 243
611 2118 641 2149 p.
658 2106 705 2137 65
728 2104 855 2147 Arev.)‚
880 2105 1114 2149 Hieronymum

159 2167 265 2211 (epist.
281 2167 321 2198 ad
339 2167 456 2210 Onas.)
474 2167 571 2210 inque
589 2167 698 2210 primis
719 2172 843 2199 veteres
865 2169 1114 2212 mythographos

160 2228 209 2272 (p.
229 2230 287 2261 55.
314 2231 371 2261 ¹78.
400 2230 470 2261 187
497 2229 624 2272 Bode):
653 2229 746 2261 »Tria
773 2230 868 2261 etiam
893 2231 998 2269 Fata,
1032 2242 1112 2274 quac

162 2303 220 2335 per
243 2292 452 2335 antiphrasin,
481 2293 567 2336 quod
591 2293 671 2324 nulli
687 2299 840 2336 pareant,
860 2294 980 2326 Parcas
1005 2294 1112 2338 appel-

879 2356 930 2388 Dc
956 2356 1113 2388 Fatorum

163 2416 307 2456 nomine,
340 2428 403 2459 quo
430 2417 550 2449 Parcae
578 2418 736 2451 interdum
765 2420 849 2464 apud
878 2421 1043 2452 Romanos
1071 2421 1111 2452 si-

162 2352 280 2393 lamus,
313 2354 415 2384 eidem
446 2354 579 2386 Plutoni
612 2355 835 2387 destinamus.«

164 2477 370 2519 gnificantm',
400 2479 509 2509 confer
531 2478 759 2522 Spanhemium
783 2482 836 2526 (de
857 2495 918 2514 usu
942 2488 975 2515 et
997 2488 1115 2527 praest.

162 2551 247 2571 1111111.
259 2539 303 2579 Π,
324 2539 463 2583 p.659)‚
483 2539 747 2585 Oudendorpium
764 2543 818 2587 (ad
836 2545 956 2577 Lucan.
971 2546 1004 2585 7,
1016 2544 1114 2596 676),

164 2608 197 2635 et
211 2603 431 2635 Bul-mannum
455 2603 508 2648 (ad
528 2601 660 2636 Anthol.
679 2605 752 2639 Lat.
779 2606 827 2649 Π,
853 2620 883 2653 p.
902 2609 951 2641 50
970 2613 1002 2641 et
1018 2608 1114 2652 261).

1241 1728 1361 1776 lucum]
1385 1730 1480 1763 Hane
1495 1730 1737 1774 etymologiam,
1763 1744 1844 1776 qnae
1865 1732 1899 1765 in
1918 1734 2120 1776 proverbium

1165 1794 1258 1835 abiit,
1285 1795 1352 1836 jam
1370 1794 1610 1837 Quinctilianus
1632 1795 1720 1826 novit
1748 1796 1807 1839 (l,
1838 1797 1878 1838 6,
1911 1797 2000 1841 54);
2026 1798 2120 1842 »quia

1164 1857 1275 1888 umbra
1300 1869 1418 1900 opacus
1439 1869 1550 1901 parum
1572 1857 1705 1890 luceam

1239 1917 1435 1963 substantia]
1462 1919 1537 1949 Jam
1562 1919 1602 1950 ad
1627 1919 1803 1961 categorias
1828 1921 1957 1962 transit,
1983 1921 2021 1953 de
2050 1922 2119 1966 qui·

1164 1980 1224 2011 bus
1252 1986 1379 2024 praeter
1404 1981 1508 2024 ipsum
1541 1994 1698 2013 summum
1725 1987 1887 2015 auctorem
1908 1982 2120 2017 Aristotelem

1164 2045 1275 2076 confer
1298 2044 1413 2076 Latine
1433 2045 1604 2089 loquentes
1629 2046 1882 2089 Quinctilianum
1902 2047 1957 2092 (5,
1982 2050 2023 2089 G,
2053 2049 2120 2089 253

1164 2121 1195 2153 p.
1218 2109 1293 2141 430
1314 2121 1402 2153 sequ.
1425 2108 1625 2153 Spalding.),
1648 2110 1807 2142 Isidorum
1825 2112 1879 2156 (2,
1897 2112 1963 2154 263
1993 2126 2024 2158 p·
2048 2113 2118 2146 104

1166 2183 1256 2216 sequ.
1278 2170 1407 2215 Arev.)‚
1437 2173 1686 2214 Cassiodomm,
1715 2175 1889 2206 Boethium
1914 2182 1973 2208 cet.

1240 2235 1278 2266 de
1295 2232 1373 2279 hac]
1400 2235 1487 2267 Hinc
1511 2241 1641 2279 apparet
1661 2235 1886 2281 inscriptiones
1904 2238 1937 2270 in
1956 2238 2117 2270 codicibus

1163 2295 1310 2338 Anglicis
1333 2308 1498 2340 perperam
1515 2298 1650 2330 omissas
1673 2298 1763 2343 (vide
1786 2299 1826 2330 ad
1851 2298 1979 2344 3250)
2006 2310 2117 2330 revera

1164 2360 1203 2390 ab
1224 2358 1324 2402 ipsius
1346 2359 1496 2391 Martiani
1518 2372 1614 2391 manu
1635 2361 1795 2404 profectas
1819 2373 1905 2402 esse,
1927 2360 2000 2404 quia
2020 2360 2117 2392 verba

1163 2422 1196 2452 in
1221 2420 1292 2464 ipso
1324 2426 1476 2453 contextu
1506 2421 1546 2453 ad
1566 2422 1638 2454 illas
1659 2423 1849 2454 referuntur.

1237 2490 1294 2516 ant
1318 2484 1514 2530 subjectum]
1547 2484 1718 2518 Aristoteli
1749 2485 1866 2528 (eateg.
1887 2483 1931 2526 2)
1951 2485 2030 2517 haee
2054 2484 2115 2517 tria

1166 2551 1241 2577 sunt
1263 2542 1531 2592 ὑποκείμενον,
1558 2548 1648 2583 καθ’
1663 2543 1932 2591 ὑποκειμένου,
1959 2545 2002 2582 ἐν
2021 2542 2115 2582 ὐπο-

1166 2606 1339 2656 κειμένῳ.

1618 2671 1665 2704 44
1689 2669 1710 2695 ‘i‘

2175 989 2229 1032 61
