2310 2860
84 681 170 724 766

83 1085 166 1126 7437

196 174 284 219 612
747 167 946 208 Martiani
978 166 1177 222 Capellae
1206 165 1279 206 lib.
1302 165 1399 207 VII.
1431 167 1461 217 §.
1484 165 1584 206 765.

199 293 364 334 suaque
402 276 715 330 comparatione
753 274 887 314 multo
931 273 1139 323 minores,
1185 272 1253 313 vel
1297 272 1377 312 sub
1425 272 1557 327 duplo
1604 286 1737 326 quam
1776 271 1861 312 duo
1905 283 1945 314 et
1996 287 2148 323 unum,

201 360 269 400 vel
312 356 391 396 sub
438 356 563 410 triplo
609 369 741 409 quam
786 354 866 394 tria
910 363 948 393 et
991 367 1154 403 unum,
1206 351 1275 391 vel
1313 351 1394 392 sub
1436 352 1681 407 quadruplo
1724 366 1856 406 quam
1898 363 2080 405 quatuor
2112 361 2150 393 et

200 452 336 480 unum
369 446 567 493 possunt3
614 449 743 490 super
782 434 859 474 hos
891 432 1042 474 deinde
1081 431 1398 487 quantumlibet
1436 431 1585 472 iisdem
1621 431 1856 473 rationibus
1889 431 2016 471 solius
2047 431 2150 472 fines

203 520 267 561 his
303 519 493 560 numeris
531 526 750 572 augentur.
811 515 1002 570 Ideoque
1044 530 1112 556 eas
1150 514 1273 566 fines,
1321 529 1433 569 quae
1471 514 1648 555 mininie
1684 523 1804 564 eunt,
1851 513 2152 568 Pythagoricus

202 598 508 641 Thermacides
539 597 750 647 nominat,
790 596 906 651 quod
946 605 993 636 ut
1025 611 1097 637 vas
1131 611 1261 651 super
1291 610 1419 636 suum
1451 595 1638 636 fundum
1683 595 1741 635 sic
1785 594 1955 635 numeri
1985 593 2154 634 rationis

200 680 391 735 ejusdem
423 693 552 734 super
581 678 677 718 istos
711 677 1015 732 adjunguntur.
1056 677 1267 732 Idemque
1298 678 1420 718 etiam
1445 677 1607 717 ratione
1635 676 1959 726 membrorum3
1991 672 2156 714 minimi

203 762 314 802 enim
340 760 442 801 fines
466 771 565 801 sunt
587 760 881 815 superdimidii
909 761 1018 800 inter
1043 759 1149 799 duos
1174 767 1213 798 et
1237 767 1340 807 treS,
1385 757 1625 811 supertertii
1655 756 1762 797 inter
1787 765 1868 796 tres
1894 763 1934 795 et
1958 762 2157 808 quatuor,

202 841 474 895 superquarti
518 840 626 880 inter
673 849 857 893 quatuor
901 848 939 878 et
985 837 1198 892 quinque,
1259 845 1352 876 tum
1401 836 1552 877 deinde
1599 836 1680 877 sul)
1731 836 1879 876 iisdem
1924 832 2157 875 rationibus

203 922 374 962 numeri
411 920 690 975 complentur.
748 920 903 974 Neque
936 919 1015 960 alia
1047 919 1226 960 conditio
1258 928 1338 970 est,
1377 932 1490 973 quae
1519 917 1609 972 ipsa
1639 917 1784 971 incipit
1821 931 1843 956 a
1875 915 1994 956 tertia
2025 922 2158 969 parte,

202 1004 308 1044 sicut
331 1002 628 1043 membrorum
656 1001 761 1041 ratio
793 1000 844 1040 de
871 1000 1031 1051 media,
1062 1000 1215 1041 deinde
1246 1001 1435 1055 primum
1470 999 1667 1039 minimas
1690 998 1792 1038 fines
1824 995 2159 1052 comprehendit,

200 1094 291 1125 tum
327 1083 378 1124 ad
409 1082 592 1136 majores
623 1081 778 1122 transit.
825 1081 890 1120 Ex
923 1080 988 1121 his
1021 1090 1162 1121 autem
1197 1079 1425 1121 verisimile
1457 1088 1516 1119 est
1547 1079 1732 1133 primam
1766 1076 2158 1132 multiplicationem

204 1179 290 1205 esse
328 1167 567 1212 inventam,
614 1161 764 1201 deinde
814 1162 1021 1201 rationem
1063 1163 1386 1212 membrorum,
1435 1171 1527 1201 tum
1568 1162 1768 1215 partium.
1846 1162 2001 1214 Neque
2044 1159 2155 1198 enim

204 1244 428 1285 difficultas
471 1243 522 1284 ad
560 1243 770 1298 duplum,
816 1242 967 1283 deinde
1009 1243 1062 1284 ad
1101 1243 1277 1298 triplum
1319 1253 1358 1283 et
1388 1242 1685 1297 quadruplum
1717 1242 1936 1296 apparuit3
1982 1250 2075 1282 tum
2106 1255 2157 1280 ex

204 1324 336 1379 duplo
375 1322 668 1378 superdimidii
708 1321 814 1361 facta
857 1323 1061 1373 conditio,
1100 1338 1150 1363 ex
1184 1323 1307 1377 triplo
1339 1323 1599 1377 supertertii‚
1649 1337 1700 1362 ex
1734 1321 1978 1376 quadruplo
2010 1335 2161 1376 super-

207 1404 347 1460 quarti
387 1413 464 1453 est,
511 1403 712 1456 idemque
751 1402 791 1441 in
835 1402 1107 1443 ulterioribus
1148 1404 1303 1444 incidit.
1371 1404 1483 1444 Nam
1523 1403 1598 1457 qui
1637 1403 1819 1458 duplum
1853 1401 2162 1453 videbat‚-hoc

205 1487 294 1541 ipso
326 1485 461 1540 coepit
494 1483 723 1536 intelligere
755 1482 1004 1535 dimidium3
1046 1483 1148 1538 quia
1188 1493 1233 1524 ut
1272 1483 1455 1538 duplum
1493 1493 1679 1538 quatuor
1710 1483 1898 1524 duorum
1940 1492 2059 1533 sunt,
2103 1481 2161 1522 sie

205 1565 432 1607 dimidium
465 1573 642 1619 quartae
672 1564 842 1604 rationis
875 1563 983 1615 (luo;
1027 1573 1074 1603 ut
1102 1563 1228 1617 igitur
1262 1562 1433 1603 duobus
1463 1563 1695 1617 adjiciendo
1729 1574 1913 1619 quatuor
1943 1564 2060 1614 fecit,
2103 1563 2161 1602 sic

205 1663 354 1689 rursus
402 1645 668 1701 quaternioni
716 1645 822 1684 duos
870 1644 1105 1697 adjiciendo
1150 1644 1246 1685 fecit
1291 1644 1671 1699 superdimidimn,
1717 1655 1850 1699 utque
1895 1661 1946 1686 ex
1991 1643 2161 1684 duobus

285 1777 521 1823 Thernmcz'tles]
539 1779 636 1808 Hunc
658 1789 761 1819 neque
780 1776 944 1807 Fabricius
966 1777 997 1807 in
1015 1777 1159 1817 catalogo

207 1843 493 1887 Pythagoricormn
524 1846 670 1872 numerat
694 1852 797 1882 neque
821 1840 947 1870 aliunde
970 1846 1080 1871 notum
1106 1842 1159 1871 ha-

207 1906 336 1944 hemus,
371 1904 455 1934 unde
483 1902 682 1945 corruptelae
709 1901 866 1945 suscipio,
897 1914 979 1945 quae
1002 1902 1062 1933 toti
1088 1903 1159 1933 loco

207 1969 366 2007 inhaeret,
401 1967 494 1998 etiam
521 1966 619 2006 magis
650 1971 790 2006 angetur.
830 1965 868 1996 In
894 1966 1057 1997 codicibus
1082 1965 1160 1996 nihil

209 2029 342 2061 subsidii
367 2034 432 2067 est,
465 2028 614 2070 quodque
641 2027 719 2057 alios
750 2028 854 2067 legere
887 2028 1019 2068 margini
1045 2027 1161 2058 adscri-

208 2097 298 2135 ptum
323 2095 372 2120 est
405 2090 492 2120 ideas
515 2100 572 2131 pro
598 2089 730 2134 ideoque
761 2100 831 2127 eas,
863 2101 880 2119 a
910 2094 975 2119 tota
1004 2089 1161 2120 sententia

210 2163 344 2196 prorsus
368 2151 525 2181 abhorret.
554 2150 704 2181 Ceterum
727 2150 752 2179 si
779 2151 958 2191 conjectura
978 2151 1023 2182 uti
1040 2151 1161 2189 liceret,

210 2215 316 2245 locum
331 2212 374 2242 ita
394 2212 458 2242 sere
474 2211 584 2251 refingi
599 2223 693 2253 posse
709 2211 909 2242 arbitramur:
924 2224 998 2242 neos
1017 2213 1094 2243 lines
1109 2213 1163 2255 qui

211 2274 332 2307 minimi
350 2278 439 2312 sunt,
468 2270 677 2314 πυθμένας
703 2272 901 2312 nominant«,
931 2274 1017 2316 quod
1040 2274 1164 2305 etiamsi

213 2339 283 2383 ipsa
307 2336 470 2380 scriptoris
499 2335 596 2366 verba
622 2347 687 2366 non
716 2336 876 2377 restituat,
908 2337 947 2367 ad
971 2349 1100 2368 sensum
1119 2344 1162 2368 ta-

214 2414 287 2434 men
308 2400 450 2444 proxime
474 2399 605 2430 aceedit.
645 2398 730 2430 Illud
754 2399 835 2429 cuim
859 2400 930 2431 luce
959 2400 1073 2432 elarius
1104 2406 1164 2441 est,

215 2464 406 2497 Martialium
431 2463 521 2506 loqui
540 2463 579 2494 de
601 2462 777 2493 rationibus
801 2463 863 2493 illis
886 2464 1058 2507 primariis,
1083 2476 1165 2508 quae

218 2526 341 2558 Graece
363 2522 582 2566 πυθμένες,
614 2523 703 2566 quasi
728 2523 942 2565 fundanwnta
963 2526 1013 2556 vel
1040 2527 1165 2558 radices

219 2586 458 2632 appellabantur
480 2586 584 2628 (Theo
607 2584 733 2628 Smyrn.
756 2584 795 2615 de
814 2597 892 2616 mus.
917 2599 947 2631 p.
969 2587 1073 2630 115),
1103 2600 1167 2631 quo

1211 1777 1351 1819 reliquas
1383 1789 1493 1808 omnes
1524 1790 1582 1821 per
1619 1779 1858 1821 replicationem
1889 1778 1992 1809 redire
2020 1784 2162 1811 constan

1211 1846 1248 1871 ut
1269 1841 1358 1872 verbi
1395 1853 1488 1872 causa
1516 1842 1595 1872 ratio
1629 1842 1741 1873 binarii
1765 1843 1887 1874 numeri
1920 1843 1959 1873 ad
1992 1842 2163 1874 ternarium

1212 1905 1302 1935 radix
1325 1911 1374 1935 cst
1403 1905 1542 1936 omnium
1565 1918 1785 1945 numerorum,
1815 1907 1870 1949 qui
1894 1907 2016 1938 ratione
2043 1906 2163 1949 sesqui-

1214 1967 1311 1997 altera
1335 1967 1589 2008 eonjunguntur3
1616 1968 1702 2010 quod
1726 1968 1781 2011 qui
1799 1974 1883 1999 recte
1900 1969 2074 2007 intellexit,
2099 1979 2164 1999 non

1214 2028 1327 2072 opinor
1352 2028 1522 2068 dubitabit,
1554 2029 1630 2072 quin
1653 2030 1842 2061 vocabulum
1870 2027 2037 2076 πυθμὴν
2059 2029 2163 2072 aliquo

1213 2090 1308 2120 modo
1328 2090 1410 2132 apud
1435 2097 1578 2121 nostrum
1596 2092 1825 2122 restituendum
1848 2092 1898 2123 sit.
1924 2092 2048 2122 Eodem
2070 2095 2161 2121 ntun-

1214 2158 1265 2182 tur
1290 2151 1385 2182 Plato
1414 2152 1472 2194 (R.
1498 2152 1535 2183 Ρ.
1563 2154 1601 2192 S,
1637 2166 1666 2196 p.
1689 2154 1795 2196 546),
1835 2153 2048 2185 Nicomachus
2072 2152 2162 2195 (inst.

1216 2217 1305 2247 arith.
1322 2218 1354 2256 2,
1376 2217 1444 2259 19),
1465 2217 1534 2255 ιιΙΞίς
1561 2218 1616 2249 cfr.
1635 2222 1666 2248 et
1680 2217 1877 2248 Boeckhinm
1895 2217 1939 2259 (in
1953 2217 2038 2249 stud.
2055 2217 2164 2259 p.;›'1).

1287 2279 1325 2308 de
1351 2277 1471 2322 media]
1505 2279 1584 2310 MS.
1614 2280 1758 2317 demilia,
1788 2279 1871 2309 unde
1903 2279 1983 2309 facio
2017 2279 2166 2313 dimidia,

1216 2339 1266 2370 vel
1292 2340 1377 2382 quod
1401 2340 1504 2382 aptius
1528 2341 1683 2371 hemiolia.
1697 2339 1857 2371 Guor.—
1882 2341 1990 2381 Vulgo
2010 2341 2048 2371 de
2066 2341 2162 2371 hemi-

1217 2402 1295 2439 olio‚·
1331 2401 1387 2431 sed
1421 2401 1561 2433 codicem
1591 2402 1818 2433 Monacensem
1850 2402 1905 2444 (C)
1939 2402 2028 2445 sequi
2061 2402 2165 2432 malui.

1215 2464 1297 2496 Rem
1318 2463 1386 2506 ipse
1407 2469 1515 2493 noster
1534 2475 1629 2507 supra
1644 2464 1709 2505 jam
1729 2463 1769 2507 (ἓ.
1785 2465 1856 2495 762
1876 2464 1971 2507 med.)
1988 2464 2165 2507 explicaxit.

1291 2525 1334 2556 acl
1357 2523 1498 2569 triplum]
1525 2525 1718 2557 Particulam
1738 2526 1857 2558 inserui
1881 2539 1898 2559 e
1921 2526 2030 2559 codice
2053 2527 2165 2560 Mona-

1220 2588 1305 2620 eensi
1334 2588 1400 2632 (C).
