2310 2860
118 484 203 527 {46
231 481 430 525 nerabilis
475 479 719 521 multitudo.

230 212 314 256 198

225 329 275 361 ut
312 326 494 372 uterque
530 329 661 357 sexus
705 328 807 357 cum
852 312 1086 368 Philologia
1124 311 1294 353 coelum
1336 320 1477 369 posset
1514 311 1752 354 ascendere.

793 205 994 249 Martiani
1033 204 1233 262 Capellae
1271 204 1346 247 lib.
1369 203 1428 248 ΙΙ.
1466 206 1500 257 §-
1524 205 1623 248 145.

1820 311 2038 355 Praecedit
2077 312 2187 354 illico

227 397 576 442 conscendentem
608 396 836 439 Musarum
877 394 1191 437 concinentium
1230 407 1413 450 pompa,
1452 401 1492 434 et
1522 392 1838 448 praedictarum
1872 394 2075 435 comitum
2108 409 2186 436 ve-

790 478 1003 534 Periergia
1048 491 1152 520 vero
1200 475 1291 517 aliis
1339 474 1538 516 comitata
1595 474 1836 531 pedisequis
1889 474 2191 530 dotalibusque

232 563 454 620 mancipiis
485 564 650 604 curiose
681 563 883 605 universa
920 568 1191 619 perscrutans
1229 565 1359 613 atque
1397 555 1662 611 interrogans
1700 556 1973 611 sequebatur.
2022 556 2191 598 Verum

116 641 201 683 {47
233 645 286 688 ad
323 645 512 687 culmina
555 645 662 687 arcis
707 645 846 688 a'eriae
889 643 1113 686 comitatus
1150 641 1221 683 ille
1268 654 1369 681 cum
1409 639 1572 695 virgine
1610 638 1940 695 propinquabat.

2006 639 2061 680 Et
2097 652 2193 679 ecce

232 725 434 768 advenire
471 724 611 767 subito
655 723 838 766 deorum
885 721 1089 767 Pronuba
1129 721 1383 774 nunciatur,
1431 729 1527 762 ante
1565 734 1702 776 quam
1743 719 2001 772 Concordia,
2044 719 2194 775 Fides,

191 987 193 989 ·
230 968 319 1001 mise.
336 981 367 1013 p.
384 967 488 1011 210),
517 966 770 1011 Guelferbytano
787 970 822 1000 et
845 964 1018 1009 Hugiau03
1043 963 1188 1009 quamsis

231 1031 327 1063 dandi
359 1043 452 1064 casus
485 1032 580 1067 etiam
610 1030 739 1065 defendi
766 1030 889 1079 possit,
922 1029 951 1064 si
976 1041 1049 1063 cum
1073 1028 1189 1061 dilecta

231 1093 453 1136 conjungatur.

307 1153 486 1200 mancipia]
520 1154 691 1189 Lecticarii
722 1153 807 1188 servi
836 1152 1097 1199 appellabantur,
1134 1149 1192 1196 qui

232 1217 378 1251 lecticam
410 1218 599 1262 portabant,
637 1229 720 1262 quos
753 1221 891 1263 quatuor
916 1227 1049 1249 numero
1081 1219 1192 1248 noster

233 1282 343 1324 fingit3
375 1281 433 1313 sed
458 1282 554 1313 modo
590 1282 761 1323 majorem,
788 1281 885 1312 modo
912 1279 1068 1311 minorem
1092 1278 1192 1310 fuisse

233 1342 293 1375 viri
322 1342 409 1374 docti
432 1342 642 1374 observarunt
673 1341 776 1385 (Lips.
801 1341 836 1374 in
853 1340 945 1374 elect.
966 1338 988 1372 l.
1010 1351 1037 1372 c.
1061 1339 1192 1380 Pignor.

234 1404 274 1435 de
303 1415 385 1435 serv.
409 1415 440 1447 p.
461 1403 544 1437 140.
564 1402 614 1434 ed.
641 1400 764 1444 1615).

308 1465 446 1513 curiose]
468 1464 674 1514 Περιεργὶα
695 1465 917 1510 Quinetiliano
939 1464 990 1511 (8,
1010 1465 1052 1506 53
1076 1476 1106 1509 p.
1119 1463 1194 1496 466

234 1529 330 1572 Obr.)
356 1541 573 1573 »supervacua
601 1529 656 1560 illa
678 1527 857 1573 operositas
874 1531 940 1568 est,
961 1538 1043 1570 quae
1062 1525 1195 1566 vitiosa,

236 1593 506 1637 quemadmodum
536 1603 555 1624 a
578 1591 724 1632 diligenti
747 1592 893 1623 curiosus
900 1612 914 1629 ,
943 1595 976 1621 et
1000 1601 1019 1620 a
1040 1588 1196 1629 religione

242 1655 429 1699 superstitio
450 1654 574 1685 distat«
604 1654 753 1685 Donatus
768 1652 831 1697 (ap.
853 1651 1001 1685 Widem.
1023 1651 1062 1682 de
1087 1661 1196 1697 propr.

239 1730 376 1750 sermon.
400 1729 431 1761 p.
447 1716 509 1760 65)
535 1717 686 1756 ·›curiosi‚
716 1715 836 1759 inquit,
864 1714 984 1762 pariter
1006 1714 1134 1758 quidem
1161 1725 1197 1746 ac

240 1781 377 1814 studiosi
395 1779 611 1822 cognoscendi
628 1779 736 1823 cupidi
750 1784 842 1821 sunt,
867 1790 978 1811 verum
996 1778 1044 1809 illi
1060 1790 1097 1809 ea
1119 1789 1197 1821 quo-

240 1857 315 1889 que,
341 1855 421 1887 quac
440 1843 519 1875 nihil
535 1843 574 1875 ad
597 1855 632 1875 se
649 1843 794 1884 attinent,
816 1843 897 1875 scire
919 1842 1081 1886 cupiunt«
1102 1841 1198 1873 Adde

242 1906 384 1939 Gellium
406 1906 469 1949 (11
483 1928 492 1946 ,
526 1904 603 1949 16).
627 1904 785 1950 Exempla
807 1904 990 1938 WVowerus
1012 1904 1198 1949 (polymath-

245 1968 300 2000 10.
320 1980 350 2011 p.
369 1966 432 2011 89)
455 1967 561 2007 affert,
594 1966 832 2011 scriptoresque
868 1966 1045 2007 Senecam,
1081 1965 1198 1999 Sueto-

241 2029 346 2069 nium,
371 2028 450 2060 alios
470 2028 589 2069 laudat,
613 2028 668 2072 qui
692 2028 823 2060 frivolas
846 2028 1012 2061 doctorum
1034 2028 1199 2059 hominum

244 2093 447 2138 quaestiones
464 2092 531 2134 jam
554 2092 699 2124 riserant.
727 2092 873 2135 Quarum
901 2092 1041 2124 omnium
1063 2092 1198 2124 maxime

243 2154 449 2186 ridicularum
473 2166 490 2185 a
513 2154 632 2185 nostris
656 2153 815 2196 theologis
837 2153 1033 2199 prolatarum
1055 2153 1200 2198 exempla

245 2218 307 2250 alio
344 2217 376 2248 in
411 2217 492 2248 libro
521 2217 709 2261 (vernacula
745 2217 854 2259 lingua
884 2217 1056 2261 inscripto:
1087 2218 1201 2248 Bilcler

245 2293 277 2312 π,
296 2278 427 2321 Schrist.
450 2278 491 2310 11.
511 2277 538 2322 ᾖ.
560 2279 640 2310 105.
658 2291 687 2324 p.
714 2278 797 2322 167)
821 2278 922 2311 attuli.
950 2278 1017 2312 Sed
1040 2279 1200 2310 coronidis

245 2344 318 2375 Ι-ν-τι
344 2342 469 2385 juvabit
504 2341 543 2372 de
579 2341 635 2372 tali
671 2342 797 2374 curioso
830 2343 994 2388 philologo
1032 2342 1201 2375 Juvenalis

247 2407 345 2438 hosce
366 2404 473 2445 legere
495 2413 606 2434 versus
629 2402 676 2446 (7,
700 2403 802 2446 251>2

305 2466 365 2497 ..Ut
389 2466 473 2508 legat
493 2464 662 2502 historias,
691 2470 837 2498 auctores
863 2468 988 2498 noverit
1015 2477 1122 2498 onmes

302 2529 471 2573 Tanquam
489 2538 612 2570 unques
629 2527 807 2573 ‹liyitosque
822 2539 911 2559 suos:
924 2534 958 2560 ut
970 2528 1055 2572 forte
1071 2534 1203 2572 royatus

298 2591 387 2621 Dum
403 2592 481 2633 petit
503 2595 560 2622 aut
581 2590 733 2629 thermas,
756 2595 813 2622 unt
835 2591 956 2623 Phoebi
974 2593 1101 2632 balnea,
1119 2593 1204 2623 dicae

301 2653 469 2685 Rustic-em
494 2652 669 2693 Anchisae,
693 2664 808 2685 nomen
829 2655 1032 2701 patriamque
1049 2666 1204 2687 novercae

122 802 205 843 118
235 806 529 864 Pudicitiaque
568 815 865 865 praecurrunt.
912 806 1029 850 Nam
1055 804 1225 862 Cupido
1266 819 1497 865 corporeae
1538 804 1766 861 voluptatis
1803 803 1923 856 illex,
1966 803 2062 844 licet
2098 817 2191 846 eam

1288 966 1496 1001 Archemoriae
1519 966 1606 999 dicat
1629 971 1706 1014 quot
1727 966 1862 999 Acestes
1880 966 2001 997 vixerit
2023 975 2126 997 annos
2127 987 2146 1005 ,

1291 1029 1380 1074 Quot
1406 1029 1511 1062 Siculi
1536 1029 1719 1073 Phrygibus
1741 1030 1812 1075 v-ini
1834 1029 2002 1060 donaverit
2024 1039 2154 1060 umas.-
2209 1045 2212 1048 ⁴

1317 1089 1518 1137 Concordia]
1546 1091 1640 1134 Quae
1670 1089 1803 1122 Graecis
1834 1085 2008 1135 Ὁμονοὶα
2039 1090 2197 1134 (Pausan.

1242 1155 1278 1196 5,
1305 1153 1364 1196 14,
1387 1154 1424 1198 6)
1449 1155 1524 1196 dea,
1555 1155 1634 1187 haee
1656 1153 1812 1185 Romanis
1838 1153 2020 1186 Concordia
2047 1153 2130 1186 dicta
2151 1153 2198 1186 di-

1242 1218 1325 1251 vinis
1351 1218 1516 1251 colebatur
1537 1218 1714 1250 honoribus
1740 1217 1858 1262 (Varro
1882 1217 1921 1249 de
1940 1217 1980 1250 L.
2007 1217 2047 1252 L.
2071 1218 2115 1258 4,
2138 1218 2197 1250 47.

1245 1280 1304 1312 74.
1329 1282 1386 1312 77.
1417 1279 1485 1312 Cic.
1504 1280 1545 1311 N.
1563 1279 1603 1310 1).
1626 1279 1667 1320 2,
1694 1279 1753 1311 25.
1778 1280 1814 1319 5,
1845 1280 1901 1310 18.
1928 1279 2014 1310 Plin.
2035 1279 2076 1319 2,
2100 1281 2140 1320 7,
2165 1280 2198 1312 5.

1244 1340 1341 1373 Ovid.
1364 1341 1435 1372 fast.
1457 1341 1490 1381 1,
1514 1341 1597 1372 659.
1621 1342 1656 1381 5,
1682 1340 1766 1371 881.
1784 1341 1818 1379 6,
1837 1341 1894 1371 91.
1911 1341 1996 1374 657.
2024 1340 2106 1372 Stat.
2130 1340 2199 1373 silv.

1247 1405 1286 1445 1,
1310 1403 1351 1445 2,
1379 1404 1463 1436 240.
1495 1403 1581 1436 Dict.
1612 1403 1700 1436 Cret.
1727 1404 1765 1445 1,
1791 1404 1836 1436 15
1858 1404 1880 1436 f.
1898 1417 1930 1448 p.
1954 1405 1999 1436 16
2022 1405 2140 1449 Delph.
2160 1405 2200 1438 P.

1245 1466 1362 1500 Victor
1387 1466 1455 1500 urb.
1477 1479 1543 1509 reg.
1559 1468 1591 1499 8.
1614 1466 1783 1499 calendar.
1805 1479 1916 1499 mense
1938 1467 2014 1500 Jan.
2033 1468 2200 1501 Claudian.

1246 1535 1337 1573 nupt.
1354 1529 1480 1563 llonor.
1499 1530 1582 1560 205.
1599 1528 1633 1559 in
1654 1529 1730 1559 Rus.
1753 1529 1786 1568 1,
1811 1528 1868 1560 52.
1893 1527 2068 1571 Augustin.
2085 1529 2126 1561 de
2140 1529 2200 1562 civ.

1246 1592 1299 1624 dei
1318 1594 1353 1633 5,
1377 1592 1434 1624 25.
1461 1590 1585 1623 Arnoh.
1605 1589 1640 1622 4.
1668 1603 1700 1634 p.
1724 1591 1819 1636 127).
1847 1591 1953 1635 Saepe
1981 1592 2077 1624 ctiam
2100 1593 2134 1626 in
2154 1593 2201 1626 la-

1247 1654 1357 1700 pidum
1377 1652 1478 1684 titulis
1498 1652 1607 1696 (Grnt.
1632 1653 1714 1693 100,
1738 1653 1883 1685 6-10.
1907 1654 1988 1686 119.
2009 1655 2095 1696 519,
2117 1657 2150 1687 5.
2167 1657 2202 1688 6.

1250 1715 1359 1753 1017,
1386 1716 1432 1757 5),
1454 1713 1638 1758 saepissime
1660 1714 1694 1745 in
1711 1714 1816 1746 numis
1834 1716 1991 1759 reperitur
2013 1717 2055 1760 (v.
2074 1717 2203 1750 Rasche

1248 1777 1281 1809 in
1302 1776 1364 1808 lex.
1383 1777 1410 1810 Ι.
1433 1776 1466 1807 2.
1490 1789 1520 1820 p.
1541 1777 1622 1808 757.
1649 1776 1753 1820 suppl.
1772 1775 1796 1808 I.
1816 1790 1846 1821 p.
1872 1778 1967 1810 1895
1992 1779 2106 1824 sequ.).
2140 1778 2200 1811 At-

1249 1853 1310 1885 que
1337 1840 1419 1871 inl'ra
1448 1838 1494 1884 (ξ.
1516 1841 1585 1872 751
1612 1839 1652 1884 s.)
1676 1845 1788 1871 noster
1820 1852 1837 1872 e
1866 1842 2006 1873 numeris
2035 1843 2203 1876 monadem

1249 1902 1451 1937 Concordiae
1475 1913 1493 1932 n
1516 1901 1707 1945 quibusdam
1730 1901 1880 1934 tributam
1904 1915 1975 1936 esse
1998 1905 2104 1939 refert.

1322 1963 1435 2011 Fides]
1461 1965 1532 1997 Dea
1552 1966 1771 1998 Romanorum
1791 1967 1958 1999 notissima
1974 1967 2092 2013 (Varro
2109 1969 2147 2002 L.
2163 1969 2202 2001 L.

1249 2029 1290 2072 4,
1315 2031 1375 2062 20.
1399 2030 1469 2061 Liv.
1497 2030 1534 2070 1,
1554 2030 1626 2062 21.
1662 2029 1825 2063 Plutarch.
1852 2031 1956 2063 Numa
1987 2045 2017 2077 p.
2043 2034 2099 2064 70.
2134 2032 2202 2064 Cic.

1249 2093 1290 2125 N.
1310 2093 1350 2124 I).
1372 2092 1415 2131 2,
1438 2092 1497 2124 25.
1522 2093 1581 2124 51.
1608 2092 1644 2133 5,
1672 2092 1729 2125 18.
1750 2093 1808 2125 56.
1833 2093 1872 2124 de
1898 2093 1958 2134 leg.
1980 2094 2013 2133 2,
2040 2095 2094 2125 11.
2112 2094 2203 2136 Vieg.

1249 2154 1334 2187 Aen.
1354 2154 1384 2194 1,
1405 2154 1488 2185 292.
1508 2153 1626 2185 Catull.
1644 2154 1705 2194 50,
1730 2155 1784 2185 11.
1799 2153 1915 2185 Juvcn.
1937 2155 1968 2195 1,
1993 2155 2075 2188 115.
2090 2156 2204 2188 Victor

1251 2217 1319 2248 urb.
1343 2228 1407 2256 reg.
1427 2217 1482 2247 10.
1507 2214 1682 2256 Augustin.
1707 2215 1749 2255 4,
1779 2216 1838 2248 20.
1867 2215 1927 2247 Sil.
1951 2216 1985 2256 2,
2010 2217 2095 2249 480.
2121 2219 2204 2250 525.

1252 2278 1335 2310 542.
1364 2278 1405 2318 6,
1434 2277 1517 2309 -168,
1558 2276 1726 2309 Claudian.
1756 2276 1789 2307 in
1813 2277 1919 2309 Russn.
1947 2279 1985 2319 1,
2011 2281 2077 2321 553
2114 2292 2204 2315 cons,

1250 2341 1340 2376 Mall.
1364 2340 1467 2384 171),
1494 2352 1588 2384 quam
1612 2339 1812 2372 Clementiae
1842 2352 1984 2372 sororem
2007 2342 2205 2376 Claudianus

1252 2405 1349 2450 (laud.
1379 2404 1452 2436 Stil.
1479 2404 1520 2444 2,
1553 2402 1615 2447 50)
1639 2403 1787 2447 appellat.
1815 2403 1921 2449 Saepe
1944 2405 1978 2437 in
2001 2405 2143 2451 lapidum
2167 2407 2205 2439 ti-

1251 2467 1328 2500 tulis
1351 2466 1457 2510 (Gi-nt.
1480 2466 1540 2505 99,
1564 2466 1595 2497 7.
1621 2466 1653 2496 8.
1674 2465 1733 2508 10)
1757 2471 1788 2496 et
1806 2465 1838 2497 in
1857 2466 1961 2498 munis
1980 2468 2120 2512 (Rasclie
2142 2469 2204 2501 lex.

1252 2541 1339 2562 num.
1361 2529 1396 2562 2.
1424 2527 1453 2559 1.
1480 2539 1510 2572 p.
1535 2526 1645 2569 1042)
1667 2526 1822 2559 laudatur.

1328 2586 1470 2634 Cupido]
1505 2589 1580 2631 Qua
1612 2589 1734 2621 ratione
1763 2590 1849 2621 hunc
1880 2589 1920 2621 ab
1942 2588 2063 2622 Amore
2084 2592 2205 2635 pudico

1255 2651 1445 2694 distinxerit,
1477 2651 1573 2684 modo
1594 2650 1647 2696 (ad
1675 2649 1819 2696 §.144)
1843 2651 1987 2685 vidimus.
2023 2652 2204 2688 Discrimen
