2310 2860
678 89 878 132 Martiani
910 89 1108 146 Capellae
1139 89 1210 130 lib.
1235 88 1331 130 VII.
1370 91 1401 140 §.
1423 88 1522 131 730.
1981 88 2069 131 585

113 206 289 239 naturae
312 195 470 236 fontem
497 195 660 251 Jupiter
685 211 958 252 recognosce3
989 212 1067 238 nec
1096 194 1397 251 despicabilem
1434 196 1622 237 vestrum
1656 194 1850 235 omnium
1884 203 2066 236 matrem

111 276 367 318 Mercuriale
408 276 525 331 quod
570 276 707 316 habeo
747 292 816 317 me
854 277 958 318 faxit
991 277 1204 327 officium,
1259 291 1396 331 quum
1441 277 1681 331 prosapiam
1728 290 1906 316 arcanae
1946 276 2066 316 sortis

113 356 370 411 originisque
395 355 715 411 primordialem
741 357 861 397 vobis
882 356 1075 397 studeam
1102 357 1405 411 e01nprobare;
1437 371 1547 410 quae
1573 371 1709 411 quum
1734 358 1775 397 in
1801 357 1919 398 terris
1943 370 2066 396 exer—

112 451 230 488 ceor,
263 446 474 478 astrorum
508 437 694 492 populus
733 447 1001 493 recognoscat
1034 436 1332 478 honorandam
1364 451 1466 477 suae
1498 436 1776 477 multitudinis
1808 436 2065 492 genitricem.

895 593 975 635 DE
1015 593 1283 635 MONADE.

278 701 384 741 Prae
414 700 571 741 cunctis
601 701 727 755 igitur
753 698 878 741 affata
901 713 1020 740 sacra
1047 713 1193 739 monas
1221 708 1327 750 esto,
1362 713 1494 753 quam
1523 707 1617 739 ante
1643 707 1793 739 cuncta
1825 698 2064 739 vibrantem

107 778 250 819 sociati
285 780 556 834 postmodum
591 780 762 821 numeri
799 780 1005 835 principia
1035 779 1286 820 docuerunt.

1345 778 1469 827 Quae
1507 779 1539 818 si
1579 778 1736 833 species
1778 787 1837 819 cst
1869 779 2061 820 accidens

111 859 281 900 cuilibet
319 861 572 901 exstantium
614 861 776 916 primo,
822 860 1029 915 priusque
1061 868 1120 899 cst
1149 860 1268 914 quod
1299 869 1498 901 numerat
1528 874 1659 913 quam
1692 859 1797 900 illud
1830 875 2063 901 numeran—

106 938 235 990 dum,
283 940 359 980 rite
400 954 493 980 eam
535 948 628 979 ante
662 940 825 994 ipsum,
872 953 1003 993 quem
1036 940 1271 995 principem
1305 941 1473 991 dixere,
1519 956 1796 985 veneramur.

1854 942 1944 982 Nee
1978 941 2063 982 dis—

103 1019 315 1060 simulabo
350 1034 405 1059 ex
437 1034 507 1070 e0,
557 1019 674 1074 quod
710 1034 857 1060 monas
887 1022 1209 1062 retractantibus
1239 1036 1377 1062 unum
1410 1031 1470 1062 est
1501 1021 1662 1073 solum,
1693 1022 1829 1077 ipsam
1863 1037 1972 1071 esse,
2006 1022 2061 1063 ab

176 1134 409 1180 despicabilem]
438 1135 558 1168 Glossa
580 1134 711 1166 Isidori:
734 1135 959 1178 »dispicabilis‚
982 1147 1055 1167 con-

101 1198 282 1239 temtibilis,
324 1199 522 1242 dispectus«,
556 1209 620 1242 quo
650 1198 683 1229 in
718 1197 790 1230 loeo
823 1198 873 1229 bis
901 1197 918 1229 I
942 1209 1000 1241 pro
1025 1197 1054 1229 Ε

101 1262 250 1306 positum.
262 1261 428 1293 Gnor.——
461 1261 586 1294 Sensus
612 1261 664 1293 hie
694 1267 757 1293 est:
782 1273 880 1293 »neve
906 1261 979 1292 ideo
1006 1272 1055 1293 me

101 1328 239 1355 vestram
269 1323 408 1354 omnium
438 1328 570 1354 matrem
594 1323 806 1362 contemnite,
835 1323 909 1366 quia
929 1323 1054 1353 Mercu-

100 1384 148 1416 rio
174 1384 298 1416 servio·
330 1389 389 1416 eet.

173 1444 289 1490 sortis]
327 1445 459 1476 Retraxi
495 1444 681 1484 lectionem,
725 1456 819 1487 quam
853 1443 987 1475 Grotius
1022 1443 1054 1475 in

99 1509 272 1551 marginem
304 1508 430 1550 rejecit,
462 1507 730 1552 adstipulantibus
753 1506 917 1538 codicibus
940 1507 1053 1537 Barm-

100 1570 262 1610 stattensi,
302 1568 576 1609 Reiehenauensi,
619 1574 651 1600 et
686 1567 875 1601 monacensi
916 1572 1053 1611 utroque

99 1631 153 1676 (Α.
171 1631 231 1675 Ο),
271 1631 367 1672 vulgo
392 1632 481 1662 artis.

172 1693 211 1724 de
225 1690 373 1736 monade]
390 1691 444 1722 Ad
458 1703 495 1722 ea
512 1702 593 1734 quae
615 1702 700 1723 nune
719 1691 759 1722 de
775 1689 973 1732 singulorum
994 1701 1052 1721 nu-

97 1767 257 1788 merorum
272 1755 303 1786 vi
324 1762 355 1787 et
374 1760 532 1799 potestate
554 1759 748 1798 sequuntur,
768 1753 961 1785 conserenda
977 1759 1053 1784 sunt

97 1818 241 1864 inprimis
262 1818 524 1859 Theologumena
541 1816 771 1849 Arithmeticae
793 1817 831 1848 ab
848 1815 944 1848 Astio
967 1817 1052 1849 edita

98 1882 202 1926 (Lips.
222 1882 328 1913 1817.
347 1880 400 1924 8),
427 1886 460 1911 et
482 1892 564 1923 quae
586 1892 628 1912 ex
650 1880 744 1911 simili
764 1879 951 1911 Nicomachi
968 1879 1051 1911 libro

96 1943 235 1975 Photius
269 1941 406 1973 servavit
436 1941 525 1984 (bibl.
546 1954 576 1972 n.
603 1941 704 1983 187),
734 1946 962 1984 praetereaque
988 1941 1050 1973 Ca·

97 2004 250 2036 merarius
279 2004 318 2034 ad
340 2002 555 2034 Jamblichum
585 2001 631 2045 (in
650 2002 773 2033 Nicom.
798 2001 921 2033 arithm.
952 2015 982 2045 p.
1002 2003 1050 2034 45

98 2080 188 2112 sequ.
211 2066 362 2109 Tennul.)
383 2071 415 2097 et
434 2065 596 2097 meursius
617 2064 664 2108 (in
684 2065 813 2096 denario
834 2065 1050 2108 Pythagorico

97 2132 128 2163 in
154 2131 296 2164 Gronov.
324 2130 422 2161 Thes.
443 2129 482 2162 T.
508 2129 579 2171 lx).
604 2129 655 2160 De
678 2128 747 2171 ipsa
769 2129 904 2159 monade
930 2128 1050 2172 specia-

96 2193 153 2224 tim
174 2191 245 2223 vide
271 2191 492 2234 Pythagoreos
521 2189 605 2233 apud
638 2189 813 2221 Stobaeum
843 2190 886 2233 (p.
909 2191 931 2221 G
960 2202 1048 2233 sequ.

95 2252 208 2294 lleer.)
235 2257 268 2282 et
292 2251 476 2282 Hermetem
510 2250 598 2294 (ibid.
627 2252 664 2290 1,
700 2252 762 2291 11,
796 2252 858 2290 153
899 2252 1048 2294 phou),

96 2322 323 2362 praetereaque
351 2314 548 2345 macrobium
574 2315 619 2358 (in
646 2325 747 2345 somn.
773 2313 860 2358 Seip.
881 2315 918 2354 1,
945 2315 992 2357 6).

169 2372 361 2418 vibrantem]
387 2373 520 2405 Grotius
537 2374 569 2406 in
588 2375 728 2417 margine
747 2376 927 2414 librantem,
950 2375 1049 2415 malc3

96 2439 217 2473 radium
237 2438 320 2470 enim
347 2448 442 2480 supra
465 2437 596 2468 dixerat.
621 2437 747 2469 Sensus
773 2444 877 2470 autem
905 2439 955 2470 hie
983 2444 1048 2469 est:

104 2515 216 2549 uquam
243 2500 356 2534 sociati
381 2500 586 2544 postmodum
613 2502 736 2534 numeri
765 2502 944 2535 docuerunt
974 2508 1046 2534 ante

1107 1141 1220 1166 cuneta
1247 1135 1402 1179 principia
1431 1135 1590 1175 vibrare«,
1624 1136 1657 1167 id
1680 1142 1745 1175 cst,
1771 1148 1865 1180 quam
1885 1137 2062 1181 principem

1106 1198 1246 1229 omnium
1274 1209 1344 1229 esse
1374 1198 1448 1229 inde
1482 1204 1627 1241 apparet,
1665 1199 1739 1242 quia
1767 1210 1877 1231 omnes
1905 1200 1978 1232 inde
2003 1212 2061 1232 nu·

1105 1262 1184 1293 meri
1210 1273 1268 1304 per
1291 1261 1560 1293 consociationem
1583 1261 1643 1292 orti
1670 1268 1754 1293 sunt.

1182 1336 1265 1370 quae
1282 1323 1323 1368 si]
1342 1324 1464 1355 Probat
1482 1325 1648 1355 monadem
1666 1325 1806 1356 omnium
1823 1325 1966 1369 primam,
1986 1326 2061 1369 quia

1106 1385 1208 1428 primo
1233 1385 1348 1428 cuique
1378 1385 1412 1415 in
1435 1397 1563 1428 quoque
1592 1396 1707 1426 genere
1730 1387 1920 1429 respondet,
1946 1387 2061 1418 deinde

1105 1446 1215 1486 etiam,
1259 1445 1333 1489 quia
1363 1457 1535 1476 numerans
1571 1451 1735 1476 numerato
1771 1446 1869 1489 prius.
1891 1447 2059 1478 Gamz—

1104 1506 1351 1538 Distinetionem
1371 1518 1388 1537 e
1407 1507 1654 1537 Darmstattensi
1677 1506 1785 1538 codiee
1808 1508 1942 1547 correxi,
1968 1514 1999 1539 et
2019 1520 2059 1540 cx

1103 1569 1216 1601 eodem
1243 1569 1432 1612 duobusque
1451 1568 1699 1600 Monacensibus
1722 1568 1776 1612 (A.
1795 1569 1836 1611 C)
1852 1571 1982 1614 reposui
2005 1583 2057 1603 vc—

1102 1642 1257 1663 neramm·
1275 1642 1333 1673 pro
1361 1635 1567 1660 venerantur.

1177 1691 1310 1737 species]
1336 1692 1375 1724 Id
1399 1698 1447 1724 est
1465 1687 1583 1731 εἶδος,
1609 1703 1704 1723 sensu
1730 1691 1915 1732 Platonico,
1939 1692 2058 1736 forma,

1103 1768 1181 1800 qua,
1209 1755 1365 1800 quidquid
1392 1756 1461 1797 ejus
1484 1767 1601 1786 nomen
1628 1755 1725 1797 gerit,
1759 1755 1853 1797 liujus
1876 1756 1977 1799 ipsius
2000 1768 2057 1788 no-

1101 1817 1196 1849 minis
1215 1817 1279 1849 vim
1300 1828 1336 1848 ae
1354 1822 1546 1860 potestatem
1564 1816 1774 1855 nanciscitur3
1802 1822 1837 1847 ut
1853 1825 1963 1849 nostro
1983 1817 2056 1850 loco

1101 1879 1258 1923 quidquid
1284 1890 1386 1909 unum
1418 1878 1471 1909 vel
1500 1879 1639 1921 primum
1668 1877 1863 1921 appellatur,
1889 1878 1921 1910 id
1952 1879 2056 1922 ipsum

1101 1945 1137 1971 ut
1157 1940 1213 1980 sit,
1237 1951 1255 1971 a
1270 1940 1406 1971 moimde
1421 1938 1552 1984 accepit.
1578 1938 1674 1971 Adde
1691 1939 1884 1970 Tennulium
1900 1940 1951 1983 (ad
1966 1940 2054 1972 Jam-

1100 2003 1194 2035 blieb.
1222 2015 1252 2046 p.
1270 2001 1340 2046 95).

1173 2078 1232 2098 nec
1257 2063 1474 2109 dissimulabo]
1509 2065 1616 2106 Legoz
1647 2063 1733 2096 »Nec
1767 2065 1976 2098 dissimulabo
2014 2079 2054 2097 ex

1101 2141 1140 2161 eo
1155 2129 1211 2172 (ita
1226 2129 1259 2161 in
1277 2128 1363 2172 MS.)
1387 2129 1473 2172 quod
1491 2140 1602 2160 monas
1619 2129 1863 2160 retractantibus
1880 2142 1975 2160 unum
1993 2135 2052 2167 est,

1101 2191 1204 2222 solum
1227 2190 1327 2233 ipsam
1354 2190 1412 2233 (ita
1441 2190 1474 2221 in
1501 2188 1594 2231 MS.)
1619 2201 1707 2229 esse,
1740 2189 1778 2220 ab
1805 2201 1905 2233 caque
1928 2190 2051 2230 singula

1099 2252 1288 2296 procreari«
1331 2252 1458 2283 Novum
1491 2256 1711 2292 argumentum
1740 2251 1801 2282 hoc
1832 2250 1945 2280 modo:
1970 2250 2050 2280 iliud

1100 2327 1244 2360 quoque,
1274 2315 1395 2358 inquit,
1431 2326 1495 2345 non
1532 2320 1581 2345 est
1612 2313 1738 2344 silentio
1767 2312 2049 2355 praetereundum,

1099 2377 1186 2421 quod
1208 2376 1260 2408 vel
1286 2388 1326 2407 cx
1346 2388 1383 2407 eo
1413 2376 1490 2407 satis
1511 2376 1633 2419 liqueat
1655 2373 1820 2405 monadem
1849 2373 1949 2403 solam
1976 2385 2049 2417 pro—

1097 2441 1165 2484 prie
1192 2451 1281 2480 esse,
1315 2439 1450 2482 aliisque
1480 2451 1552 2471 esse
1592 2438 1748 2469 essentiae
1783 2447 1926 2475 eausam,
1961 2436 2048 2479 quod

1099 2507 1259 2545 utcunque
1295 2500 1477 2532 revolvatur
1511 2511 1637 2545 semper
1670 2509 1766 2529 unum
1797 2502 1919 2537 manet5
1950 2497 2048 2529 semel

2099 695 2183 736 751
