2310 2860
63 422 151 463 610

60 1411 140 1450 611

185 148 276 192 506

189 267 483 313 percenseam,
522 248 736 306 quidquid
764 249 1001 291 stadiorum
1032 248 1332 304 supputatione
1361 252 1622 301 memoravi,
1661 259 1721 291 est
1750 251 1792 291 in
1823 252 2010 294 millibus
2041 265 2139 309 pas—

767 141 968 184 Martiani
1006 140 1205 200 Capellae
1241 141 1311 183 lib.
1342 142 1418 185 VI.
1456 146 1488 195 §.
1514 144 1616 185 609.

187 352 318 379 suum
351 332 568 376 trecenties
607 340 647 371 et
685 329 930 385 quindecies
970 328 1172 369 centenis:
1205 342 1291 384 quo
1327 329 1419 371 loco
1460 345 1546 371 non
1577 339 1680 386 puto
1712 330 2011 371 transeundam
2048 333 2140 387 opi-

184 417 397 460 nationem
433 411 663 454 Ptolemaei
702 410 744 451 in
792 409 1073 465 geographico
1114 425 1243 465 opere
1273 421 1572 454 memoratam.
1628 411 1748 453 Idem
1782 412 1942 467 quippe
1983 412 2139 454 zodiaci

186 507 368 540 tractum
408 506 671 548 omnemque
711 491 988 546 complexum
1027 491 1220 531 trecentis
1250 493 1467 548 sexaginta
1499 492 1603 534 coeli
1634 493 1824 548 partibus
1859 501 1991 544 secat3
2036 506 2140 547 quas

185 580 369 635 singulas
407 578 450 618 in
487 576 648 617 telluris
695 583 888 614 centrum
927 573 984 614 ita
1022 573 1214 614 aestimat
1252 576 1499 629 pervenire,
1558 585 1607 617 ut
1643 576 1770 616 unius
1806 576 1934 631 partis
1965 573 2142 616 latitudo

185 661 272 701 istic
311 659 642 714 quingentorum
687 654 923 696 stadiorum
961 669 1165 696 mensura
1199 655 1417 709 tendatur3
1471 656 1635 712 singula
1671 671 1775 698 vero
1806 655 1939 697 stadia
1969 664 2140 697 centum

187 741 330 797 viginti
362 740 556 795 quinque
586 737 779 794 passibus
808 737 1039 793 explicata,
1076 751 1189 793 quae
1220 746 1312 778 octo
1343 736 1538 778 millenos
1568 751 1715 793 passus
1748 737 1993 788 absolvunt,
2026 736 2142 778 unde

185 823 417 879 quingenta
450 820 604 872 stadia,
646 835 758 876 quae
796 830 893 862 sunt
933 820 1062 876 partis
1101 822 1252 873 unius,
1297 819 1430 860 millia
1460 833 1666 874 passuum
1699 819 1899 874 colligunt
1928 819 2140 874 sexaginta

182 902 269 943 (luo
309 915 545 957 passusque
585 901 845 956 quingentos.
917 901 1087 942 Verum
1118 901 1189 942 illa
1232 899 1364 942 stadia
1395 900 1624 956 quingenta
1662 902 1880 941 trecenties
1910 899 2142 955 sexagesies

186 983 434 1038 complicata
473 982 635 1023 faciunt
668 981 800 1022 semel
834 981 985 1022 millies
1016 982 1374 1038 octingentiesque
1413 990 1692 1033 sexcentena;
1737 997 1788 1022 ex
1821 981 1979 1037 quibus
2007 980 2139 1022 millia

181 1069 395 1119 passuum*⁴
411 1062 631 1118 partitione
672 1061 886 1117 praedicta
918 1062 1090 1103 collecta
1118 1062 1279 1103 faciunt
1308 1061 1524 1103 ducenties
1550 1061 1675 1102 vicies
1700 1061 1929 1117 quinquies
1952 1068 2138 1100 centena.

182 1146 273 1185 Hoc
301 1145 354 1186 de
385 1145 509 1185 totius
541 1154 678 1185 terrae
708 1144 832 1199 globo
865 1144 1053 1199 oportuit
1082 1142 1284 1184 intimari,

749 1299 828 1339 DE
867 1298 1094 1339 LONGIT
1103 1299 1284 1341 UDINE
1320 1299 1593 1341 TERRAE„

347 1404 548 1445 Ceterum
587 1404 676 1457 ejus
713 1402 930 1458 longitudo
972 1403 1025 1444 ab
1056 1413 1153 1444 ortu
1184 1404 1237 1445 ad
1268 1419 1491 1456 occasum,
1540 1404 1623 1445 hoc
1654 1413 1714 1444 est
1744 1403 1796 1444 ab
1827 1403 1958 1458 ipsius
1989 1401 2134 1444 Indiae

175 1485 441 1526 extremitate
471 1499 611 1541 usque
635 1483 691 1526 ad
721 1484 917 1526 Herculis
949 1486 1170 1528 columnas
1201 1485 1394 1526 Gadibus
1420 1494 1626 1536 sacratas,
1666 1482 1876 1539 octuagies
1909 1481 2138 1537 quinquies

244 1633 426 1680 pervenire]
453 1634 506 1666 Ex
528 1635 659 1675 iisdem3
686 1634 782 1676 vulgo
810 1636 990 1677 provenire.

247 1696 367 1743 stadia]
385 1697 424 1729 In
442 1697 535 1729 stadii
553 1709 702 1728 mensura
715 1697 909 1729 conveniunt
926 1709 999 1728 cum
1018 1701 1129 1727 nostro

174 1760 300 1791 Plinius
325 1760 378 1803 (2,
403 1760 469 1798 55,
497 1758 575 1801 21),
603 1758 801 1790 Censorinus
824 1760 901 1801 (55,
927 1758 979 1800 (2),
1012 1757 1130 1789 Strabo

173 1823 220 1861 (7,
248 1834 277 1865 p.
296 1821 370 1853 522
403 1817 578 1862 Casaub.)‚'
605 1820 799 1850 Plutarchus
830 1819 874 1861 (in
903 1819 964 1850 zita
993 1818 1130 1850 Gracchi

172 1895 203 1925 p.
220 1882 322 1924 858),
348 1881 504 1924 Polybius
530 1882 582 1924 (5,
606 1880 685 1922 59)3
712 1880 803 1923 plura
831 1880 917 1911 dabit
939 1881 1129 1912 Mannertus

173 1942 306 1985 (Geogr.
332 1942 361 1973 d.
387 1942 444 1974 Gr.
467 1954 498 1973 u.
520 1942 614 1974 Rom.
639 1942 676 1973 Τ.
702 1941 734 1981 Ι,
765 1953 795 1984 p.
817 1942 886 1973 189
910 1954 1000 1985 sequ.
1027 1953 1129 1972 novae

176 2005 274 2047 edit).

248 2063 447 2108 complicata]
466 2064 505 2096 ld
525 2070 575 2096 est
590 2063 806 2107 multiplicata.
831 2065 1036 2108 Computatio
1052 2066 1130 2098 haec

172 2133 236 2160 est:
254 2125 355 2158 stadia
372 2127 445 2157 500
464 2128 492 2159 X
510 2126 584 2156 560
603 2138 644 2154 =
664 2124 827 2165 180000,
856 2127 958 2157 stadia
983 2128 1130 2158 180000

174 2194 202 2224 Χ
232 2190 303 2221 125
324 2189 505 2225 :22500
543 2187 640 2218 millia
668 2199 835 2231 passuum5
879 2190 962 2220 unde
998 2197 1129 2232 apparet

173 2265 239 2285 non
265 2258 461 2284 sexcentena
485 2251 542 2282 sed
564 2256 698 2282 centena
720 2251 753 2282 in
783 2252 992 2294 sequentibus
1023 2253 1130 2294 legen-

175 2317 250 2348 dum
272 2328 360 2357 esse,
394 2315 450 2347 sed
482 2320 604 2346 mutare
633 2314 737 2354 nolui,
778 2328 874 2358 quum
906 2316 1032 2348 codices
1065 2328 1131 2347 non

174 2380 270 2413 modo
300 2379 379 2411 nihil
411 2377 520 2410 auxilii
550 2379 698 2417 afferant,
730 2389 838 2408 verum
873 2379 967 2410 etiam
995 2379 1131 2421 majores

175 2444 284 2474 turbas
307 2442 439 2483 saciant3
466 2441 493 2473 si
514 2441 641 2485 quidem
661 2441 729 2482 alii,
757 2441 870 2473 Grotio
894 2448 974 2474 teste
996 2443 1027 2474 in
1050 2455 1130 2474 mar-

175 2507 262 2548 gine,
286 2505 443 2538 DCLXX
456 2505 563 2537 stadia
579 2503 704 2547 legunt,
730 2505 996 2537 Darinstattensis
1024 2512 1130 2538 autem

175 2573 207 2599 et
244 2566 338 2599 lectio
369 2566 650 2609 Noriuibcrgensis
692 2565 765 2598 libri
803 2566 934 2608 margini
972 2567 1130 2612 adscripta

1180 1633 1354 1674 se.raqz'nta
1377 1631 1531 1672 liabeant3
1562 1631 1594 1662 id
1616 1636 1739 1662 tantum
1761 1630 1837 1662 mihi
1858 1629 1995 1670 indulsi,
2023 1636 2059 1662 ut
2079 1641 2136 1674 pro

1181 1695 1350 1731 trecentis,
1383 1693 1470 1735 quod
1496 1692 1581 1735 apud
1610 1692 1759 1724 Grotium
1785 1696 1868 1731 erat,
1895 1694 2063 1724 trecenties
2088 1703 2135 1723 re-

1183 1756 1356 1786 stituerem.
1393 1755 1545 1787 Ceterum
1567 1755 1606 1786 de
1632 1760 1699 1786 tota
1725 1766 1892 1786 mensurae
1916 1755 2037 1786 ratione
2062 1766 2135 1787 eon-

1183 1818 1230 1848 fer
1252 1817 1355 1859 ipsum
1384 1817 1604 1848 Ptolemaeum
1628 1816 1826 1859 (Geograpli.
1847 1818 1884 1855 1,
1906 1817 1939 1847 5.
1967 1817 2000 1847 7.
2019 1815 2079 1858 11)
2107 1822 2137 1847 et

1179 1879 1307 1912 omniuo
1335 1880 1491 1911 L'lzertum
1517 1880 1569 1924 (T.
1590 1879 1622 1919 I,
1648 1880 1687 1910 P.
1708 1880 1747 1919 2,
1773 1891 1804 1923 p.
1822 1879 1883 1911 49.
1909 1877 1979 1921 50).

1255 1941 1440 1987 longitudo]
1475 1943 1567 1974 Haec
1600 1954 1728 1985 quoque
1759 1954 1799 1974 ex
1824 1941 1933 1973 Plinio
1964 1941 2018 1985 (2,
2053 1942 2135 1981 108,

1183 2005 1267 2049 112>
1290 2006 1402 2035 hausta
1426 2015 1497 2035 esse
1521 2004 1724 2035 manifestum
1748 2008 1812 2043 est,
1845 2002 1921 2035 licet
1941 2002 1975 2034 in
1996 1986 2155 2033 numeris·

1181 2066 1377 2109 discrepent,
1410 2065 1501 2106 eujus
1536 2066 1616 2098 haee
1646 2065 1743 2097 verba
1777 2070 1870 2096 suut:
1898 2064 1997 2095 »Pars
2025 2068 2134 2094 nostra

1180 2135 1349 2169 terrarum,
1377 2129 1416 2160 de
1439 2140 1501 2172 qua
1523 2140 1684 2168 memoro,
1713 2127 1864 2159 ambienti
1891 2126 2023 2158 Oceano
2047 2126 2135 2158 velut

1180 2196 1343 2238 innatans,
1381 2190 1566 2231 longissime
1603 2190 1642 2221 ab
1677 2195 1756 2226 ortu
1786 2188 1826 2219 ad
1853 2198 2001 2219 occasum
2030 2193 2133 2231 patet,

1181 2256 1241 2287 hoc
1268 2259 1332 2294 est,
1365 2253 1403 2284 ab
1433 2253 1525 2285 India
1554 2253 1593 2284 ad
1618 2251 1769 2283 Herculis
1799 2250 1963 2282 columnas
1989 2250 2133 2283 Gadibus

1181 2323 1320 2349 sacratas
1338 2317 1500 2358 octuagies
1521 2315 1690 2359 quinquies
1708 2320 1840 2346 centena
1866 2316 2037 2358 sexaginta
2061 2321 2133 2347 octo

1180 2378 1278 2411 millia
1306 2389 1473 2421 passuum,
1501 2382 1537 2408 ut
1563 2376 1768 2408 Artemidoro
1797 2375 1919 2408 auctori
1945 2376 2066 2420 placet3
2100 2382 2135 2408 ut

1180 2451 1255 2471 vero
1280 2439 1423 2479 Isidoro,
1454 2437 1607 2480 nonagies
1650 2438 1749 2470 octies
1786 2444 1921 2470 centena
1959 2443 1991 2469 et
2020 2439 2134 2472 XVII!

1181 2503 1287 2535 millia.
1341 2501 1565 2534 Artemidorus
1616 2502 1723 2544 adjicit
1765 2501 1900 2545 amplius
1938 2513 1954 2532 a
1976 2502 2132 2539 *Gadibus

1181 2564 1312 2599 circuitu
1344 2563 1436 2597 Sacri
1464 2563 1669 2607 promontorii
1697 2563 1735 2596 ad
1761 2563 2012 2608 promontorium
2038 2563 2129 2595 Arin-
