2310 2860
750 140 948 184 Martiani
986 139 1184 197 Capellae
1225 138 1295 181 lib.
1320 139 1351 181 Ι.
1390 142 1421 192 §.
1446 140 1517 182 62.

162 251 276 292 lenio
321 258 622 291 convocantur.
673 247 826 290 'Tunc
869 247 1180 289 elementorum
1220 246 1460 304 praesules,
1512 256 1640 303 atquc
1684 249 1868 291 utilitatis
1912 249 2109 305 publicae
2138 250 2198 292 62

152 330 461 386 mentiumque
505 329 710 380 cultores,
759 330 985 384 omnisque
1029 330 1214 386 populus
1255 338 1536 385 potestatum,

2025 143 2112 185 105
2165 113 2174 122 ’

1596 331 1691 386 quis
1734 333 1906 374 Numae
1950 333 2112 375 multus

160 425 378 453 successor
414 411 644 464 indicatum
685 412 760 467 qui
799 411 1018 452 confestim
1058 427 1206 453 omnes
1243 412 1425 467 imperio
1466 411 1581 452 Jovis
1612 414 1850 464 convocati,
1893 414 1936 455 in
1969 414 2110 455 aulam

161 511 324 550 stramque
349 506 536 548 lectionem,
561 519 656 551 quam
672 512 704 539 ct
720 506 920 539 Basileensis
940 507 1047 547 hahet,
1075 506 1114 538 ad

161 567 335 609 marginem
360 568 491 610 rejecit,
517 568 618 599 male!

221 631 451 663 elementorum
459 629 636 676 praesules]
650 629 804 669 Eosdem,
815 641 897 673 quos
911 629 965 661 inf.
976 628 1017 674 (ξ.
1027 630 1071 661 21
1082 629 1114 672 1)

167 691 425 724 »elementorum
447 693 635 736 praesides«
673 691 853 736 appellatos
887 704 958 724 cum
992 691 1114 733 angelis

107 763 109 765 “
158 755 336 800 animisque
352 757 518 788 beatorum
539 755 677 787 sociatos
696 755 847 787 Mercurii
867 755 999 787 comites
1016 755 1115 796 fingit.

158 818 324 851 Diodorus
351 819 479 863 quidem
504 819 559 864 (l,
594 818 653 862 12)
685 819 842 850 elementa
874 819 914 849 ab
943 818 1115 862 Aegyptiis

159 893 220 926 pro
243 882 305 914 diis
327 883 434 914 habita
457 894 530 914 esse
552 882 665 923 docet,
692 888 725 914 ct
748 882 910 915 Minucius
931 882 1024 913 Felix
1042 882 1115 926 (19,

161 945 222 989 12)
239 945 404 978 Zenonem
424 945 624 990 interpretari
638 946 681 977 ait
698 945 880 977 »Junonem
898 950 982 986 a'e‘ra,
998 945 1115 977 «Iovem

160 1009 302 1049 eoelum,
327 1008 514 1053 Neptunum
533 1021 639 1050 mare,
666 1009 772 1051 ignem
786 1009 988 1050 Vulcanum,
1011 1015 1043 1040 et
1066 1020 1115 1041 ce-

159 1078 247 1104 teros
274 1072 419 1104 similiter
436 1072 523 1114 vulgi
542 1073 620 1104 deos
636 1073 792 1104 elementa
808 1084 879 1104 esse
903 1079 1108 1105 monstrare.-

158 1135 258 1179 Quod
281 1136 376 1167 etiam
399 1135 629 1180 Empedoclem
653 1135 822 1176 statuisse,
850 1136 984 1168 (liversis
1010 1142 1117 1167 tamen

157 1198 290 1231 deorum
312 1200 494 1232 nominibus
520 1200 635 1245 cuique
661 1200 820 1232 elemento
846 1200 1035 1244 adscriptis,
1057 1199 1115 1231 Di-

157 1272 278 1304 ogenes
295 1262 443 1295 Laertius
462 1263 509 1307 (8,
533 1265 591 1296 76.
608 1276 640 1308 p.
655 1265 727 1296 558
760 1262 871 1307 Meib.)
896 1263 1001 1296 tradit.
1021 1263 1115 1296 Conf.

159 1323 337 1357 Stobaeum
363 1326 410 1369 (in
436 1326 494 1358 ecl.
525 1328 556 1357 1.
581 1328 615 1359 5.
646 1340 676 1371 p.
697 1328 747 1359 (37
777 1327 877 1359 Heer.
901 1328 938 1367 1,
965 1329 1031 1367 11,
1061 1328 1115 1369 11.

158 1400 189 1433 1).
209 1389 293 1420 289.
317 1390 350 1429 ’1,
376 1389 441 1429 52,
462 1389 521 1420 40.
546 1401 576 1433 p.
593 1390 666 1421 975
684 1389 726 1432 fl).
753 1389 908 1421 Attamen
933 1390 1047 1421 mirum
1070 1390 1115 1421 vi-

158 1449 227 1481 deri
247 1454 365 1495 potest,
389 1451 486 1482 hosce
509 1450 599 1490 deos,
624 1449 680 1494 qui
697 1450 765 1492 jam
789 1451 936 1490 aderant,
965 1462 983 1481 a
1005 1455 1116 1482 nostro

156 1511 272 1543 iterum
294 1511 328 1541 in
347 1522 475 1542 scenam
493 1511 584 1551 duci,
610 1512 672 1543 uisi
693 1522 749 1542 eos
768 1512 927 1555 duplicem
944 1524 1115 1555 personam

158 1574 351 1605 sustinuisse
370 1578 403 1604 et
424 1584 462 1604 eo
487 1573 553 1604 sere
578 1573 675 1604 modo
697 1574 927 1605 elementorum
950 1574 1114 1617 praesides

157 1637 336 1681 appellatos
359 1648 431 1668 esse
453 1636 615 1676 dicamus,
649 1648 715 1681 quo
744 1633 860 1669 Cicero
888 1634 935 1682 (iu
960 1637 1054 1670 Verr.
1080 1638 1113 1677 5,

157 1699 221 1743 72)
242 1697 438 1731 Mercurium
459 1696 653 1738 »juventutis
670 1698 869 1741 praesidem«
893 1697 990 1740 dixit,
1015 1710 1114 1743 quan-

157 1762 273 1794 tumvis
296 1761 398 1804 majus
427 1761 522 1793 etiam
553 1761 628 1793 huic
657 1761 718 1792 deo
746 1761 945 1793 incumberet
968 1763 1114 1793 officinm.

157 1825 208 1859 De
223 1825 389 1858 elementis
406 1825 515 1857 confer
529 1829 561 1856 et
579 1829 688 1856 notam
702 1824 884 1856 inferiorem
899 1825 952 1869 (ad
971 1824 998 1869 ξ.
1018 1825 1114 1870 758).

232 1890 452 1935 mentiumque
477 1886 630 1932 cultores]
651 1879 814 1919 'Similiter
831 1888 965 1919 Persius
981 1889 1026 1932 (5.
1039 1887 1116 1931 65J=

323 1949 457 1982 »Cultor
478 1949 564 1980 enim
588 1959 622 1979 es
640 1949 841 1992 juvenum«,-

156 2011 368 2057 pbilosophos
383 2010 467 2041 enim
488 2008 644 2050 intelligo,
665 2020 748 2053 quos
770 2008 910 2054 infra(§.
926 2009 1010 2041 211.
1027 2009 1115 2053 215)

151 2071 251 2117 etiem
275 2074 359 2106 inter
381 2074 565 2105 »beatorum
589 2077 733 2104 ⁷veterum
757 2072 897 2114 animas,
922 2085 1004 2117 quae
1033 2072 1115 2105 coeli

155 2138 276 2182 templa
297 2137 489 2169 meruerint«
524 2136 639 2176 refert,
672 2148 818 2182 quosque
835 2136 992 2179 Virgilius
1016 2135 1113 2181 (Aen.

158 2202 198 2243 6,
225 2200 311 2245 665)
338 2201 371 2233 in
397 2201 498 2244 elysio
519 2200 676 2233 collocate

215 2264 388 2295 »Inventas
418 2268 477 2294 aut
502 2264 560 2310 qui
587 2264 689 2294 vitam
717 2262 886 2295 excoluere
910 2274 969 2307 per
991 2268 1106 2294 arte-sa:

159 2321 281 2355 Confer
306 2330 340 2355 et
361 2324 570 2365 Ciceronem,
598 2324 653 2368 qui
677 2324 748 2368 (pro
770 2323 880 2357 Rabir.
909 2324 968 2369 10)
995 2325 1114 2369 pariter

159 2383 283 2417 dixerat
308 2386 466 2418 »virorum
493 2388 803 2429 sapientissimorum
832 2392 954 2419 mentes
982 2387 1043 2418 sibi
1067 2388 1111 2419 vi-

161 2448 228 2480 deri
247 2459 287 2480 ex
303 2449 466 2481 hominum
483 2450 547 2481 vita
569 2450 609 2482 ad
632 2451 764 2482 deorum
783 2451 971 2493 religionem
992 2456 1024 2482 et
1040 2463 1110 2482 san-

160 2510 340 2542 ctimoniam
358 2510 569 2552 demigrasse,
591 2523 689 2556 seque
708 2525 766 2558 pro
783 2513 908 2544 illorum
930 2514 1021 2553 fama,
1044 2513 1110 2554 glo—

159 2572 223 2613 ria,
246 2572 413 2613 memoria,
439 2584 505 2605 nou
527 2580 620 2605 secus
645 2585 681 2607 ae
701 2580 760 2619 pro
781 2575 893 2619 patriis
915 2575 995 2607 fanis
1019 2580 1113 2619 atque

1165 507 1306 539 delubris
1327 507 1592 552 propugnandum
1616 513 1744 551 putareu
1773 509 1868 552 (conf.
1889 509 1969 540 iufra
1994 507 2021 552 ἓ.
2043 508 2114 551 94).

1166 569 1319 602 Ceterum
1354 570 1574 615 mensiumque
1606 579 1664 613 pro
1700 572 1917 617 mentiumque
1944 570 1976 601 in
2008 570 2117 601 codiee

1167 631 1424 673 Cantabrigiensi
1443 636 1568 661 exstare
1592 643 1629 662 ea
1653 637 1773 663 tantum
1793 632 1833 663 (le
1853 643 1947 664 causa
1969 631 2077 662 obserx
2086 644 2116 671 o,

1163 692 1204 727 ut
1227 699 1366 725 attentos
1392 692 1519 725 criticos
1542 693 1653 725 faciam
1682 694 1721 725 ad
1747 700 1928 739 corruptam
1952 699 2117 738 tantopere

1167 770 1207 790 ex
1234 759 1302 789 sola
1327 757 1585 802 pronuntialiOne
1605 758 1764 789 scribendi
1783 759 1949 799 rationem,
1981 759 2021 790 de
2051 770 2115 801 qua

1167 822 1338 864 diligenter
1357 822 1402 866 (in
1423 806 1634 866 palaeogiuv.
1652 821 1714 866 111)
1737 821 1945 865 interpretes,
1971 822 2029 853 sed
2048 832 2116 853 sur·

1166 884 1216 916 dis
1238 885 1398 917 interdum
1417 884 1547 915 auribus
1572 884 1751 928 praeditOS,
1773 884 1931 916 admonui.

1240 945 1416 992 indicatur]
1443 946 1491 977 lta
1513 946 1546 977 in
1566 946 1730 990 plerisque
1754 946 2000 990 exemplaribus,
2023 945 2118 976 etiam

1166 1011 1399 1055 manuscriptis.
1426 1011 1518 1042 Unus
1536 1022 1612 1042 vero
1634 1011 1730 1042 habet
1751 1012 1872 1044 indicat
1893 1023 1964 1042 cum
1985 1010 2117 1042 iuterro—

1167 1073 1306 1115 gatione,
1325 1079 1360 1104 ut
1383 1072 1424 1104 sit
1441 1083 1571 1104 sensus=
1589 1072 1676 1105 »Nec
1696 1073 1812 1113 Numa,
1835 1074 1889 1117 qui
1910 1085 1981 1105 cnm
2002 1059 2119 1114 Egeria

1165 1136 1303 1179 nympha
1339 1133 1623 1176 congrediebatur,
1660 1147 1722 1167 nec
1753 1136 1921 1178 quisquam
1951 1135 2021 1175 ejus
2049 1147 2118 1166 sne-

1167 1209 1278 1230 cessor
1296 1201 1404 1242 potest
1423 1196 1563 1229 indicare
1585 1196 1713 1229 nomina
1736 1197 1876 1228 omnium
1898 1197 2026 1227 illorum
2049 1208 2118 1228 coe-

1166 1261 1294 1293 lestium
1314 1265 1537 1304 potestatum.«
1559 1259 1663 1292 vum.
1680 1277 1728 1282 —
1759 1259 1867 1291 Locus
1890 1264 1939 1290 est
1962 1259 2120 1291 nodosus:

1166 1325 1248 1356 sorte
1279 1336 1319 1356 au
1350 1324 1397 1357 sie
1425 1323 1630 1355 enodandus:
1661 1335 1751 1355 »cum
1781 1324 1852 1367 quis
1886 1322 2006 1362 Numa,
2040 1323 2120 1354 mul-

1166 1392 1284 1430 tusque
1317 1397 1493 1418 successor.
1531 1386 1614 1419 Inde
1648 1391 1744 1430 atque
1774 1385 1980 1425 confestim-5
2014 1385 2065 1416 vel
2094 1385 2122 1417 si

1166 1449 1267 1481 mavis
1283 1449 1482 1491 »Tullusque
1504 1459 1689 1479 successor«
1703 1459 1769 1480 non
1784 1448 1952 1491 pugnabo:
1968 1447 2123 1480 successit

1164 1510 1250 1542 euim
1267 1510 1390 1542 Numae
1411 1509 1526 1542 Tullus
1543 1508 1716 1549 Hostilius,
1738 1509 1797 1540 sed
1819 1510 1880 1541 hoc
1900 1509 2030 1550 longius
2051 1509 2120 1541 abs-

1165 1572 1258 1603 cedit.
1287 1572 1392 1603 Gnor.
1416 1592 1463 1596 —
1487 1571 1602 1614 Neque
1624 1571 1821 1611 Vulcanius,
1860 1583 1965 1614 neque
1987 1571 2120 1603 Grotius

1164 1632 1271 1665 locum
1289 1632 1456 1664 intellexit.
1484 1633 1666 1663 Potestates
1687 1643 1766 1674 quas
1789 1631 1866 1663 dicit
1886 1632 1949 1676 ipsi
1973 1644 2066 1674 reges
2090 1638 2122 1663 et

1164 1698 1372 1740 imperatores
1400 1701 1475 1727 sunt
1497 1696 1718 1727 Romanorum
1744 1694 1778 1726 in
1800 1695 1934 1726 deorum
1957 1707 2123 1726 numerum

1165 1759 1306 1803 recepti,
1347 1770 1483 1802 quorum
1514 1763 1621 1790 tamen
1653 1756 1775 1801 primus
1805 1756 1966 1788 Romulus
1995 1756 2125 1800 Quirini

1165 1822 1294 1854 nomine
1325 1834 1422 1867 supra
1450 1820 1498 1865 (§.
1521 1822 1581 1853 46.
1603 1820 1666 1864 50)
1683 1820 1930 1862 jam-indicatus
1960 1821 2020 1851 hoc
2051 1820 2124 1851 loeo

1164 1883 1332 1928 praeteriri
1355 1896 1375 1916 a
1397 1883 1557 1916 Martiano
1587 1881 1702 1925 potuit.
1737 1882 1879 1925 Quinam
1907 1881 2024 1926 reliqui
2049 1882 2124 1922 sint,

1166 1946 1299 1976 definire
1326 1948 1437 1976 noster
1455 1955 1523 1975 non
1547 1942 1662 1982 audet,
1692 1942 1832 1985 ideoque
1857 1944 1974 1974 multos
2000 1949 2123 1974 tantum

1166 2008 1297 2040 IVumae
1319 2018 1522 2039 successores
1547 2005 1699 2037 nominat.
1741 2005 1902 2047 »Deum«,
1932 2006 2048 2039 Cicero
2071 2008 2123 2051 (de

1163 2071 1204 2103 N.
1234 2071 1276 2102 D.
1309 2070 1351 2111 5,
1392 2069 1458 2114 15)
1483 2069 1604 2114 iuquit,
1644 2069 1781 2101 »habent
1814 2070 1990 2101 Romulum
2021 2070 2124 2102 nostri

1165 2135 1309 2182 aliosque
1328 2134 1525 2177 complures,
1551 2144 1633 2177 quos
1653 2133 1746 2177 quasi
1772 2145 1875 2165 novos
1898 2139 1931 2166 et
1955 2135 2123 2178 adscripti-

1163 2198 1224 2230 tias
1248 2198 1333 2229 cives
1354 2198 1390 2228 in
1412 2196 1535 2227 coelum
1562 2201 1705 2239 receptos
1728 2200 1879 2239 putantu3
1907 2200 1940 2228 et
1962 2195 2024 2228 allo
2051 2196 2121 2227 loco

1162 2261 1216 2305 (de
1239 2260 1335 2302 legib.
1352 2260 1393 2300 2,
1420 2261 1453 2292 8.
1473 2272 1507 2304 p.
1529 2259 1600 2291 100
1619 2258 1760 2302 Davis.):
1777 2259 1897 2292 »Divos
1921 2265 1954 2292 et
1975 2271 2041 2300 eos,
2068 2258 2121 2302 qui

1165 2324 1323 2357 coelestes
1341 2335 1468 2367 semper
1483 2323 1599 2364 hahiti,
1624 2323 1754 2355 colunto
1772 2329 1805 2355 et
1824 2324 1918 2364 ollos,
1938 2335 2018 2367 quos
2038 2321 2120 2353 endo

1162 2388 1253 2421 coelo
1276 2387 1388 2419 merita
1412 2387 1616 2428 locaverunt,
1638 2387 1832 2428 Herculem,
1864 2388 2032 2424 Liberum,
2055 2384 2120 2416 Ae-

1162 2451 1359 2496 sculapium,
1396 2451 1584 2492 Castorem,
1615 2451 1801 2492 Pollucem,
1831 2450 2012 2493 Quirinum.
2022 2461 2033 2475 «
2073 2448 2123 2479 ili

1159 2514 1246 2546 enim
1264 2526 1375 2546 omnes
1398 2513 1490 2545 initio
1511 2513 1662 2545 mortales
1680 2518 1778 2544 erant.
1806 2510 2004 2544 Claudianus
2023 2508 2121 2552 igitur

1165 2576 1252 2622 (bell.
1277 2576 1366 2611 Gild.
1391 2576 1475 2620 151)
1503 2577 1535 2608 in
1565 2576 1763 2609 universum:
