2310 2860
257 179 316 219 74

880 176 1080 219 Martiani
1111 175 1311 233 Capellae
1347 177 1418 219 lib.
1440 175 1483 219 L·
1512 180 1543 231 §.
1560 178 1631 222 52.

651 285 853 327 Humana
885 295 1051 342 pensat,
1090 295 1226 342 tuque
1255 294 1410 328 sortem
1444 286 1677 341 coelitum3·

254 421 406 462 intelligis
433 420 557 451 fatum?
591 419 749 452 Existimo
773 420 994 453 necessitatem
1015 432 1120 452 rerum
1138 432 1203 452 om-

1152 483 1203 514 De

254 545 420 578 Ciceronis
450 545 619 577 verborum
653 553 797 590 »praeter
827 553 979 578 natm-am
1012 553 1202 592 praeterque

254 483 341 514 nium
366 482 605 526 actionumque,
634 494 728 526 quam
757 483 844 514 nulla
876 482 923 513 vis
953 489 1104 527 rumpat«

248 607 374 652 salum«
400 619 497 639 sensu
526 608 706 640 conseratur
727 608 853 641 Gellius
876 608 957 652 (15,
990 610 1034 652 1).

324 671 505 702 Parcarum
535 669 663 715 chorus]
701 671 804 703 Male!
844 671 932 711 Lege
962 671 1070 713 potius
1102 672 1200 702 colus.

248 732 360 763 Heus.
385 732 437 776 (ad
462 731 557 764 Ovid.
575 731 711 763 Hel-oid.
733 733 789 771 12,
815 733 850 763 5.
872 743 902 774 p.
921 732 991 763 15ss
1013 730 1137 773 Burm.)
1151 749 1199 755 —
1251 722 1261 732 ’

245 793 302 826 An
326 795 424 826 trium
444 799 531 826 recte
552 793 674 825 dicatur
704 794 820 825 chorus
844 792 964 824 dubito.
983 793 1111 825 Vomcu.
1136 793 1198 837 (sp.

246 856 314 889 crit.
342 856 436 899 146).
456 873 505 879 —-
529 855 663 888 Scilicet
688 855 811 897 vulgari
830 860 953 886 tantum
980 854 1124 899 opinioni
1149 855 1197 887 in-

243 920 347 953 haesit
362 920 408 952 vir
422 920 547 960 doctus,
569 919 720 962 ignoraus
738 920 874 951 fortasse
893 932 911 951 a
932 919 1040 951 multis
1063 920 1196 964 scripto-

243 981 333 1013 ribus
359 982 532 1013 Parcarum
557 994 723 1013 numerum
758 982 887 1014 omniuo
913 983 1067 1024 majorem
1090 982 1195 1014 statui.

241 1045 350 1087 (Mem.
374 1046 414 1076 de
439 1045 549 1077 l'acad.
570 1046 627 1077 des
647 1046 741 1078 inser.
764 1045 807 1079 V.
831 1059 861 1090 p.
881 1046 953 1090 26).
981 1045 1049 1078 Sed
1070 1052 1105 1078 ut
1127 1052 1194 1078 tres

241 1112 361 1138 tantum
396 1107 593 1149 exstiterint,
632 1120 740 1140 nonne
779 1108 916 1140 absurde
950 1109 1195 1152 reprehenditur

238 1176 349 1214 poeta,
389 1171 578 1215 praesertim
605 1172 660 1214 qui
684 1172 796 1214 quinto
821 1172 930 1204 seculo
955 1177 1090 1204 exeunte
1115 1173 1192 1204 scri-

238 1232 318 1276 psit,
349 1232 382 1266 in
408 1245 446 1265 co
481 1234 568 1276 quod
597 1238 662 1264 tres
691 1234 822 1265 chorum
851 1245 948 1278 posse
975 1235 1098 1266 efficere
1133 1234 1195 1267 sibi

237 1295 420 1338 persuasit?
452 1295 576 1327 Demus
605 1300 636 1326 et
659 1295 831 1327 lleinsium
859 1301 891 1327 ct
914 1296 1098 1329 Vonckium
1126 1308 1192 1329 me-

236 1358 300 1391 lius
328 1369 407 1390 voce
439 1359 543 1390 colum
570 1370 686 1390 usuros
721 1359 841 1401 fuisse,
879 1371 944 1391 non
974 1360 1049 1392 illos
1074 1366 1192 1402 tamen,

235 1421 291 1451 sed
313 1420 506 1452 Martianum
520 1420 587 1460 jam
607 1420 714 1460 legere
735 1420 842 1460 lubet,
873 1421 965 1462 cujus
987 1422 1060 1454 libri
1079 1434 1192 1454 omnes

232 1487 296 1515 tam
322 1481 451 1524 scripti,
487 1492 582 1525 quam
610 1481 704 1522 editi,
735 1482 866 1513 chorum
890 1483 1018 1514 habeut.
1056 1483 1189 1524 Ignora-

231 1545 308 1577 bant
327 1550 492 1589 praeterea
516 1545 618 1578 critici
647 1545 702 1576 isti
733 1546 864 1578 eliorum
894 1547 992 1578 etiam
1019 1548 1058 1579 de
1084 1548 1188 1579 tribus

231 1607 312 1645 dici,
350 1606 383 1637 id
406 1606 493 1650 quod
517 1618 584 1638 non
614 1606 720 1638 solum
743 1607 782 1637 ab
803 1606 968 1650 Appulejo
1000 1608 1123 1639 discere
1148 1608 1186 1639 li-

230 1670 339 1709 cebat,
372 1669 428 1712 qui
452 1669 538 1712 (met.
556 1669 589 1700 2.
612 1681 643 1713 p.
660 1670 731 1701 108
750 1668 849 1712 Oud.)
873 1669 906 1701 in
924 1670 1063 1702 Veneris
1089 1671 1185 1703 comi-

227 1736 297 1763 tatu
328 1729 532 1761 »Gratiarum
564 1731 712 1761 eliorum«
743 1737 912 1771 recenset,
938 1732 995 1764 sed
1016 1744 1034 1763 a
1059 1731 1185 1765 Seneca

228 1793 333 1834 ctiam,
359 1792 415 1835 qui
432 1792 485 1836 (de
502 1793 606 1824 benef.
624 1794 656 1833 1,
673 1793 713 1825 5.,
728 1805 759 1836 p.
771 1793 844 1825 265
861 1794 964 1837 Lips.)
982 1796 1057 1826 item
1082 1812 1093 1826 »
1102 1796 1184 1829 Gra-

226 1858 341 1889 tiarum
358 1857 506 1889 chorum«
534 1857 631 1897 dixit,
654 1862 827 1901 postquam
847 1858 977 1889 ternarii
998 1871 1106 1895 earum
1123 1873 1183 1893 nu-

226 1921 305 1953 meri
333 1920 429 1964 paulo
464 1925 553 1952 ante*
570 1920 732 1964 expressis
764 1921 870 1952 verbis
901 1923 1111 1965 meminerat,
1150 1930 1182 1956 et

226 1985 368 2027 profecto
394 1984 427 2015 hi
444 1984 579 2015 Homeri
597 1984 664 2026 jam
690 1984 823 2029 (Odyss.
844 1986 909 2026 18,
934 1986 1020 2032 195)
1042 1988 1179 2021 auetori-

226 2051 290 2077 tate
317 2045 508 2079 nitebantur.

299 2105 462 2151 Immune]
480 2105 659 2147 Distinguit
673 2106 849 2140 Martianus
872 2109 1035 2142 hominum
1055 2112 1118 2143 sata
1144 2124 1181 2146 ae

226 2169 378 2210 deorum,
399 2170 478 2201 haec
502 2169 536 2201 in
552 2168 667 2210 JoviS,
692 2169 747 2201 illa
768 2170 801 2201 iu
821 2171 994 2204 Parcarum
1019 2180 1180 2218 potestate

226 2243 299 2265 esse
320 2232 441 2265 statuit.
482 2232 603 2265 Parcas
622 2232 689 2274 jam
712 2232 874 2277 Orphieus
901 2235 1018 2279 (hymn.
1041 2239 1098 2271 58.
1121 2240 1180 2284 18)

226 2293 543 2341 παντοὸστεὶρας,
563 2292 828 2343 ἀφαιρετὶὸας,
845 2299 1048 2344 θνητοῖσιν
1066 2298 1180 2347 ἀνάγ-

227 2370 300 2403 κην
334 2358 523 2402 alloquitur,
557 2360 738 2404 pariterque
760 2360 924 2394 Homerus
947 2364 1000 2408 (ΙΙ.
1023 2366 1055 2397 6.
1072 2366 1179 2411 488)ε

226 2419 403 2466 Μοῖραν,
425 2420 548 2464 inquit,
572 2417 707 2456 οὔτινά
727 2435 827 2469 φημι.
844 2424 1100 2473 πεφυγμένον
1121 2428 1180 2472 ἒμ-

228 2493 339 2524 μεναι
357 2478 524 2527 ἀνδρῶν.
545 2481 638 2514 Unde
663 2482 787 2516 Seneca
807 2487 945 2529 tragicus
963 2487 1059 2533 (Oed.
1076 2489 1178 2534 580)=

284 2544 394 2576 »Fatis
415 2547 560 2588 aginno-,-
587 2546 688 2578 cedite
710 2547 811 2590 salis,-

273 2605 352 2638 Non
376 2608 529 2639 sollicitae
544 2614 678 2650 possunt
701 2621 797 2643 curae

1305 419 1437 451 Mutare
1461 420 1528 452 rati
1546 422 1686 453 stamina
1706 422 1784 466 frasi.

1307 483 1475 531 Quidquid
1495 486 1638 528 patimur
1662 488 1794 518 mortale
1811 498 1933 531 glenus,

1305 547 1475 596 Quidquid
1489 548 1651 592 facimus,
1675 550 1762 582 venit
1788 563 1829 581 ex
1852 552 1917 583 alto

1300 610 1482 660 Servatque
1508 625 1569 644 sua
1594 614 1722 646 decreta
1750 613 1836 645 colus

1300 675 1454 707 Lachesis
1473 696 1521 699 —
1544 695 1593 699 —-
1613 694 1661 699 ῳ

1300 734 1378 767 Νοη
1402 736 1458 766 illa
1485 736 1543 768 deo
1567 738 1702 768 vertisse
1727 738 1822 775 licet,

1302 795 1394 840 Quae
1415 809 1503 829 nexa
1523 800 1592 830 suis
1616 805 1754 831 currunt
1775 799 1889 831 causis.
1898 810 1910 826 «τ

1248 856 1298 890 Ne
1327 871 1462 904 superos
1497 860 1626 903 quidem
1656 862 1775 893 »ferrea
1799 865 1943 892 veterum
1968 859 2094 891 decreta
2117 868 2203 891 soro-

1247 934 1335 954 rum«
1358 936 1505 968 rumpere
1524 937 1620 968 posse
1635 924 1774 957 Ovidius
1791 924 1907 957 cecinit
1929 923 2017 967 (met.
2034 924 2091 964 15,
2106 923 2203 967 780),

1247 985 1426 1018 Homerum
1460 987 1582 1019 scilicet
1615 992 1763 1028 secutus,
1802 987 1856 1031 qui
1886 986 1992 1031 ipsum
2023 986 2140 1018 Jovem
2162 997 2203 1018 ne

1245 1047 1302 1079 filii
1323 1048 1452 1092 quidem
1469 1049 1519 1081 sui
1540 1055 1676 1081 mortem
1694 1054 1836 1081 avertere
1862 1048 2007 1093 potuisse
2031 1048 2204 1080 tradiderat

1245 1109 1296 1152 (Il.
1316 1111 1373 1142 16.
1396 1110 1504 1154 441),
1541 1112 1724 1155 pariterque
1748 1111 1919 1144 Lueretius
1947 1110 1994 1154 (5,
2011 1109 2098 1153 510)
2124 1121 2202 1142 »nec

1245 1176 1390 1203 sanctum
1416 1184 1534 1203 numen
1564 1173 1619 1204 sati
1654 1173 1829 1216 protollere
1858 1173 1937 1204 fines
1967 1184 2083 1216 posse«
2115 1171 2200 1204 affir-

1244 1238 1326 1274 mat,
1359 1233 1460 1265 Silius
1493 1247 1569 1266 vero
1597 1234 1678 1279 (15,
1709 1236 1795 1278 857)
1823 1235 1923 1266 «nulli
1957 1234 2065 1266 divum
2098 1239 2199 1265 mutn-

1243 1295 1307 1327 bile
1335 1296 1453 1327 fatum«
1481 1297 1652 1340 praedicat.
1679 1295 1774 1328 Adde
1800 1296 1917 1328 Graeci
1934 1301 2049 1340 poetae
2072 1307 2199 1327 versum

1243 1356 1340 1400 (apud
1363 1358 1465 1390 Cicer.
1493 1359 1532 1389 de
1559 1358 1654 1389 divin.
1678 1358 1712 1388 2.
1735 1357 1816 1400 10)=

1298 1418 1413 1462 »Quod
1431 1418 1503 1461 fore
1521 1424 1673 1461 paratum
1693 1424 1740 1449 est
1747 1440 1761 1457 ,
1786 1419 1818 1449 id
1837 1429 1998 1450 summum
2022 1424 2196 1462 exsuperat

1638 1479 1772 1511 Jovemu

1240 1537 1419 1574 etAntou.
1443 1539 1550 1571 Liber.
1577 1540 1656 1582 (19,
1687 1553 1717 1583 p.
1743 1541 1817 1572 225
1844 1540 1964 1583 Verh.)
2002 1541 2196 1586 Quanquam

1236 1601 1414 1634 Pausanias
1437 1601 1483 1645 (1.
1504 1603 1562 1634 40.
1580 1602 1617 1646 5)
1644 1603 1740 1634 »Fata
1764 1615 1875 1647 parere
1896 1604 1993 1636 Jovi«
2019 1604 2073 1645 ait,
2099 1616 2196 1648 quem

1236 1664 1310 1696 inde
1328 1666 1571 1709 »Moerayetae«
1588 1678 1705 1698 nomen
1721 1667 1882 1699 invenisse
1898 1667 1959 1699 alio
1978 1668 2051 1700 loeo
2069 1668 2116 1712 (8.
2132 1669 2193 1701 57.

1238 1728 1271 1772 1)
1285 1733 1437 1769 testatur-3
1464 1729 1588 1774 ipsique
1602 1730 1715 1772 Stoici,
1732 1730 1818 1772 lieet,
1836 1737 1869 1762 ut
1882 1731 1986 1763 Taciti
2003 1732 2107 1764 verbis
2122 1739 2194 1764 utar

1234 1790 1352 1833 (annal.
1367 1792 1400 1822 6.
1419 1790 1499 1835 22),
1534 1792 1650 1823 »latum
1671 1792 1800 1836 quidem
1819 1793 1916 1824 rebus
1939 1805 2115 1835 congruere
2132 1806 2191 1838 pu-

1233 1859 1337 1885 tarent
1353 1872 1400 1878 —
1423 1855 1507 1898 apud
1533 1855 1688 1900 principia
1719 1862 1751 1888 et
1777 1869 1879 1888 nexus
1903 1857 2096 1889 naturalium
2116 1870 2190 1890 eau—

1233 1929 1375 1959 sarum«,
1411 1918 1491 1949 illud
1514 1918 1619 1963 ipsum
1658 1925 1763 1952 tamen
1795 1921 1946 1952 dixinitus
1980 1922 2189 1954 constitutum

1232 1991 1303 2012 csse
1330 1980 1517 2012 docuerunt.
1560 1980 1686 2012 Seneca
1715 1987 1799 2013 certe
1822 1982 1875 2026 (de
1896 1994 1986 2026 prov.
2011 1984 2044 2015 5.
2064 1995 2095 2028 p.
2116 1983 2183 2015 141

1231 2042 1438 2088 Lips.)=·»ille
1458 2044 1538 2088 ipse,
1562 2044 1676 2089 inquit,
1703 2045 1844 2077 omnium
1866 2046 2012 2078 conditor
2028 2051 2060 2078 et
2080 2051 2187 2078 rector

1230 2109 1358 2151 scripsit
1381 2107 1509 2150 quidem
1536 2107 1628 2151 sata,
1661 2109 1718 2140 sed
1746 2109 1925 2153 sequitur«,
1952 2109 1986 2140 id
2011 2109 2098 2152 quod
2121 2109 2183 2141 alio

1231 2170 1325 2202 ctiam
1347 2169 1421 2201 loco
1451 2168 1518 2213 (qu.
1544 2175 1647 2201 natur.
1673 2170 1706 2202 2.
1730 2171 1798 2210 45,
1826 2181 1857 2213 p.
1881 2168 1972 2213 716)
2000 2170 2184 2213 confirmat,

1229 2232 1388 2266 Boethius
1423 2238 1530 2264 autem
1558 2233 1700 2278 (consol.
1724 2233 1769 2272 4,
1795 2233 1843 2272 63
1875 2231 1962 2276 Opp.
1992 2245 2023 2277 p.
2047 2235 2181 2280 1084)=

1236 2295 1345 2326 »Deus
1373 2294 1573 2338 providentia
1596 2294 1724 2337 quidem
1742 2293 1944 2335 singulariter
1962 2295 2181 2340 stabiliterque

1228 2358 1372 2390 facienda
1403 2358 1560 2401 disponit,
1597 2357 1662 2389 sato
1692 2368 1769 2389 vero
1796 2358 1875 2389 haec
1905 2357 1977 2402 ipsa
2008 2370 2090 2402 quae
2117 2360 2179 2391 dis-

1229 2422 1339 2467 ponit,
1377 2420 1595 2464 multipliciter
1627 2432 1664 2453 ac
1698 2420 1916 2464 temporaliter
1947 2422 2170 2455 administrat-v·

1227 2486 1322 2521 Adde
1343 2484 1440 2518 Statii
1462 2495 1574 2517 versus
1592 2483 1706 2529 (Theb.
1726 2486 1758 2526 1,
1783 2483 1886 2530 212)=

1282 2548 1418 2591 »Incipit
1435 2559 1477 2580 ex
1502 2547 1587 2587 alto,
1615 2558 1715 2591 qratia
1739 2552 1770 2579 et
1790 2547 1986 2582 immutabile
2005 2549 2126 2582 sanctis

1274 2612 1408 2647 Pondus
1439 2612 1528 2646 adest
1554 2612 1658 2645 verbis
1684 2617 1714 2646 et
1737 2623 1845 2646 vocem
1870 2613 1932 2645 sata
1960 2618 2173 2657 sequuntur«,
