2310 2860
94 647 178 688 517
210 651 442 693 voluntate.

220 141 315 185 444

811 137 1010 182 Martiani
1048 137 1248 196 Capellae
1282 137 1353 180 lib.
1383 139 1438 182 V.
1475 141 1508 192 §.
1533 140 1631 182 515.

218 249 252 290 si
281 247 414 290 dicas:
444 244 671 302 „phaleras
703 245 860 288 ablatas
891 246 1059 302 gratis“,
1092 254 1163 286 aut
1192 247 1227 288 si
1258 247 1371 302 juret
1409 248 1556 304 auriga
1586 263 1690 304 „per
1720 249 1832 300 lora,
1873 266 1949 305 per
1984 250 2164 307 flagella,

98 325 187 367 516
217 344 294 385 per
322 327 484 368 frena.“
541 326 721 368 Hiulcae
758 336 875 378 sunt,
920 341 1058 382 quum
1092 327 1136 368 in
1176 342 1225 369 ea
1263 338 1381 384 parte
1420 343 1555 384 quam
1596 329 1784 370 diximus
1815 329 1968 371 similes
1999 331 2166 372 vocales

217 422 267 449 ac
302 406 493 461 similiter
524 406 681 462 longae
722 407 911 448 collisam
948 407 1227 464 hiantemque
1264 419 1524 451 structuram
1563 409 1740 462 saciant,
1785 420 1833 451 ut
1871 411 1904 450 si
1935 412 2027 465 quis
2056 412 2166 452 dicat

212 488 448 544 suscepisse
481 503 525 529 se
563 488 717 530 liberos
763 489 949 530 secundo
998 494 1164 542 omine,

1219 500 1259 532 et
1297 501 1345 532 ut
1375 492 1548 532 Tullius
1580 507 1657 547 pro
1688 492 1847 532 Milone
1880 492 1952 532 ait:
1992 502 2164 543 „aucto-

212 570 333 612 ritate
373 570 545 626 publica
582 575 801 623 armare“;
858 571 975 625 quod
1021 572 1197 627 quidem
1240 582 1375 613 artem
1412 573 1681 614 dissimulans
1714 573 1973 629 plerumque
2012 573 2167 628 appetit

517 652 754 694 vitandum
794 652 1005 703 similiter,
1063 666 1118 692 nc
1157 652 1201 693 in
1241 651 1391 693 codem
1432 653 1524 693 loco
1564 662 1647 694 tres
1688 663 1762 695 aut
1800 663 1984 707 quatuor
2023 653 2166 708 longas

210 731 452 786 brevesque
490 731 687 772 continue
724 746 956 787 ponamus,
1003 747 1113 773 neve
1148 732 1192 772 in
1233 733 1469 773 notissimos
1501 748 1650 774 versus
1685 743 1725 774 et
1754 734 1945 774 maxime
1976 733 2167 774 heroicos

209 822 422 855 structura
459 813 665 855 fundatur
703 813 998 868 iambicosque
1028 827 1201 865 versus3
1242 813 1442 868 quamvis
1474 828 1543 853 cos
1576 812 1724 853 Cicero
1755 828 1840 854 non
1872 817 1997 855 evitet
2028 827 2167 868 quum

208 895 325 937 dicit:
365 904 568 948 „senatus
617 895 724 936 haec
771 895 983 950 intelligit,
1037 892 1184 933 consul
1232 892 1388 945 vidct“;
1441 902 1481 933 et
1518 892 1678 933 heroici
1724 908 1872 935 versus
1924 893 2053 935 finem
2096 894 2167 936 vel

204 975 374 1016 initium
411 990 496 1016 non
535 974 735 1026 declinet,
791 989 931 1029 quum
971 973 1086 1014 dicit:
1122 988 1176 1024 „o
1218 974 1426 1015 miserum
1475 976 1544 1016 cui
1585 991 1760 1031 peccare
1798 977 1998 1030 licebat“;
2047 987 2087 1018 et
2123 977 2167 1018 in

206 1056 492 1098 Academicis:
517 1057 675 1108 „latent
704 1056 781 1097 ista
803 1056 949 1096 omnia
965 1056 1107 1097 Varro
1138 1057 1301 1111 magnis
1333 1057 1557 1098 obscurata
1588 1066 1626 1097 et
1650 1058 1911 1099 circumfusa
1941 1058 2164 1108 tenebris“3

207 1139 324 1179 etin
354 1139 549 1180 Verrinis
598 1139 776 1193 plenum
817 1153 995 1179 versum
1044 1152 1131 1178 una
1172 1137 1349 1192 quidem
1388 1138 1554 1192 syllaba
1595 1138 1796 1178 mutilum
1842 1138 1970 1189 fudit,
2023 1153 2163 1194 quum

205 1216 326 1258 dicit:
351 1231 522 1273 „quum
551 1217 757 1273 loquerer
793 1217 896 1258 tanti
927 1217 1048 1258 fletus
1076 1218 1348 1273 gemitusque
1379 1217 1584 1270 fiebant“;
1628 1233 1706 1258 nec
1736 1217 1865 1258 finem
1898 1219 2046 1259 vitavit
2075 1218 2161 1259 ele-

203 1298 323 1354 giaci,
354 1312 494 1354 quum
520 1299 596 1339 ait:
619 1298 795 1351 „oderat
817 1298 887 1339 ille
918 1299 1094 1351 bonos“;
1138 1300 1317 1341 incurrit
1351 1300 1478 1340 etiam
1512 1301 1556 1340 in
1581 1299 1928 1354 hendecasyllabi
1954 1299 2166 1340 Phalaecii

276 1441 460 1488 voluntate]
495 1441 545 1475 Ita
571 1441 640 1486 ipse
674 1441 790 1474 CIccro
819 1442 860 1474 de
894 1448 1019 1475 oratore
1050 1443 1162 1476 Attico

200 1505 293 1551 (orat.
319 1505 396 1549 25)=
426 1505 540 1538 »verba
570 1506 665 1537 etiam
689 1505 797 1538 verbis
823 1506 915 1550 quasi
940 1513 1162 1549 coagmentare

198 1569 359 1611 negligat3
393 1569 490 1600 habet
513 1568 597 1600 enim
618 1569 673 1601 ille
697 1574 847 1613 tanquam
872 1570 980 1601 hiatus
1002 1582 1161 1602 concursu

199 1630 358 1664 vocalium
375 1630 473 1662 molle
492 1630 641 1673 quiddam
662 1635 693 1661 et
717 1630 804 1673 quod
825 1630 944 1662 indicet
969 1642 1036 1662 non
1056 1631 1159 1673 ingra-

198 1698 265 1724 tam
281 1691 507 1733 negligentiam
523 1691 562 1722 de
586 1702 619 1721 rc
639 1691 738 1732 magis
756 1690 893 1721 hominis
917 1704 1011 1735 quam
1028 1692 1068 1723 de
1090 1705 1159 1724 ver-

517 1754 625 1785 Locus
649 1753 681 1784 in
718 1753 893 1786 Miloniana
915 1761 964 1786 est
987 1755 1093 1787 statim
1120 1755 1159 1787 ab

198 1755 250 1787 bis
279 1755 484 1786 laborantis«

199 1816 307 1848 initio:
339 1815 570 1848 »temeritatem
604 1815 778 1848 concitatae
810 1816 1023 1848 multitudinis
1051 1822 1158 1850 aucto-

199 1879 294 1913 ritate
316 1879 445 1923 publiea
462 1891 609 1910 armare.«

277 1939 411 1985 versus]
446 1940 601 1973 »Multum
638 1939 722 1972 enim
754 1939 923 1982 interest«,
964 1941 1080 1974 Cicero
1116 1941 1160 1974 ait

202 2005 256 2049 (de
284 2009 363 2036 orat.
391 2005 432 2044 5,
458 2003 506 2035 44
525 2003 577 2046 fi),
618 2008 741 2034 »utrum
767 2016 938 2035 numerosa
965 2005 1021 2045 sit,
1053 2005 1086 2036 id
1109 2010 1160 2037 est

202 2067 315 2099 similis
339 2077 559 2106 numerorum,
589 2079 628 2098 an
656 2067 749 2109 plane
776 2079 793 2098 c
816 2068 957 2099 numeris
981 2074 1107 2100 constet
1125 2080 1158 2101 o-

202 2128 302 2169 ratio3
331 2128 465 2159 alterum
483 2127 510 2158 si
529 2128 574 2167 fit,
600 2127 800 2159 intolerabile
817 2129 925 2161 vitium
943 2135 1002 2170 est7
1024 2130 1159 2162 alterum

202 2192 267 2225 nisi
291 2192 346 2231 fit,
376 2191 529 2234 dissipata
561 2196 592 2221 ct
619 2191 738 2223 inculta
763 2197 794 2223 et
819 2192 922 2224 fluens
945 2198 996 2224 est
1020 2193 1152 2227 oratio.«

204 2253 300 2286 Adde
333 2253 412 2284 alios
445 2251 589 2293 ejusdem
622 2252 711 2283 locos
743 2253 834 2296 (orat.
862 2255 922 2288 20.
958 2257 1014 2286 51.
1040 2257 1102 2299 68)
1128 2261 1161 2288 et

206 2315 460 2361 Quinctilianum
493 2316 546 2358 (9,
583 2315 624 2355 4,
653 2316 719 2355 27,
755 2319 873 2359 p.553
900 2318 1011 2361 sequ.).
1049 2320 1160 2363 Quan-

204 2389 301 2422 quam
321 2377 390 2421 ipse
407 2376 498 2420 (orat.
516 2375 592 2418 56)=
619 2387 748 2419 »saepe«
772 2378 873 2421 inquit
890 2391 1019 2411 »versus
1038 2381 1071 2412 in
1090 2393 1157 2412 ora-

205 2439 296 2471 tione
321 2450 379 2482 per
401 2436 643 2481 imprudentiam
668 2437 818 2478 dicimus,
850 2442 936 2483 quod
957 2443 1161 2475 vehementer

207 2506 257 2533 cst
274 2500 439 2540 vitiosum,
466 2498 523 2530 sed
545 2510 610 2529 non
631 2498 821 2529 attendimus
846 2513 949 2545 neque
972 2505 1159 2536 exaudimus

207 2567 333 2595 nosmet
346 2561 463 2606 ipsosu,
479 2560 613 2605 ejusque
623 2559 833 2603 negligentiae
848 2563 941 2595 ctiam
954 2564 1046 2611 plura
1066 2579 1160 2612 quam

1214 1451 1326 1478 noster
1342 1445 1494 1478 delibavit
1515 1446 1660 1491 exempla
1681 1451 1712 1477 et
1732 1458 1749 1477 e
1774 1445 1932 1478 Cicerone
1957 1452 1989 1477 et
2006 1445 2076 1478 aliis
2097 1445 2166 1478 erui

1211 1515 1366 1555 possunt3
1404 1522 1467 1553 qua
1503 1510 1542 1541 de
1576 1522 1610 1541 re
1643 1510 1815 1554 peculiaris
1849 1515 1954 1541 exstat
1984 1509 2164 1542 dissertatio

1210 1573 1359 1605 Loeffleri
1382 1573 1541 1617 (praeside
1561 1573 1586 1604 I.
1605 1573 1630 1604 l.
1644 1573 1798 1612 Mollem,
1825 1572 1864 1604 de
1888 1584 1983 1604 versu
1999 1572 2164 1616 inopinato

1209 1634 1242 1665 in
1260 1646 1372 1677 prosa,
1393 1634 1483 1677 LipS.
1503 1633 1623 1677 1688).
1648 1633 1744 1665 Adde
1760 1634 1934 1665 Funccium
1951 1634 2003 1678 (de
2027 1633 2084 1665 vir.
2104 1639 2165 1666 act.

1209 1695 1249 1727 L.
1267 1695 1304 1726 L.
1318 1695 1362 1734 Π,
1383 1707 1413 1738 p.
1432 1695 1529 1737 550),
1545 1695 1725 1727 Fabricium
1745 1695 1790 1739 (in
1804 1695 1880 1726 bibl.
1896 1696 1966 1726 Lat.
1981 1695 2024 1728 Π.
2046 1696 2163 1739 p.589

1209 1753 1318 1797 Era),
1340 1755 1512 1788 Graevium
1531 1756 1584 1800 (ad
1606 1756 1674 1788 Cic.
1688 1756 1782 1800 epist.
1803 1756 1843 1787 ad
1864 1755 1932 1787 Att.
1953 1758 1986 1796 1,
2013 1758 2051 1796 13
2071 1757 2162 1800 p.7)‚

1210 1817 1419 1850 Schacfcrum
1442 1818 1501 1862 (ad
1529 1818 1699 1852 Demosth.
1724 1818 1750 1850 Ι.
1779 1831 1810 1862 p.
1830 1819 1913 1850 189.
1939 1818 1979 1850 V.
2003 1830 2034 1862 p.
2056 1819 2163 1861 528),

1209 1881 1414 1914 Vocmclium
1448 1880 1501 1923 (ad
1528 1881 1619 1912 Dem.
1649 1881 1735 1913 Phil.
1760 1894 1792 1925 p.
1813 1881 1891 1925 59),
1928 1881 2086 1913 Rritzium
2112 1882 2165 1926 (ad

1210 1942 1279 1976 Sal.
1295 1942 1366 1974 Cat.
1380 1954 1411 1986 p.
1427 1941 1505 1986 95),
1526 1947 1558 1973 et
1575 1942 1785 1986 Spengelium
1802 1943 1872 1987 (art.
1891 1943 1998 1987 script.
2015 1956 2046 1987 p.
2070 1944 2163 1987 152).

1282 2005 1318 2036 in
1335 2002 1550 2049 Academicis]
1578 2004 1690 2046 Longe
1708 2005 1785 2036 haec
1805 2005 1897 2036 aliter
1912 2017 1996 2037 nune
2012 2005 2162 2047 leguntur

1210 2063 1324 2109 (Acad.
1346 2064 1386 2104 2,
1415 2065 1494 2108 59)=
1527 2065 1645 2096 »latent
1672 2065 1734 2097 ista
1759 2066 1879 2106 omnia,
1902 2065 2054 2105 Luculle,
2078 2076 2162 2097 eras·

1210 2128 1256 2160 sis
1282 2128 1440 2160 occultata
1462 2134 1494 2159 et
1521 2129 1711 2160 circumfusa
1736 2129 1912 2168 tenebrisu3
1938 2128 2028 2159 nolui
2058 2133 2163 2160 tamen

1210 2189 1383 2234 quidquam
1407 2194 1528 2220 mutare
1551 2190 1635 2233 apud
1657 2195 1820 2229 nostrum,
1849 2201 1946 2232 quum
1965 2195 2090 2221 constet
2108 2189 2162 2222 Ci-

1210 2264 1358 2285 ceronem
1384 2251 1578 2284 Academica
1605 2252 1753 2283 secundis
1785 2251 1869 2283 curis
1892 2257 2060 2283 retraetata
2081 2252 2161 2285 Var-

1209 2316 1281 2348 roni
1298 2315 1518 2359 inscripsisse,
1541 2315 1632 2356 cnjus
1652 2314 1757 2358 operis
1780 2327 1877 2358 quum
1897 2315 2017 2358 primus
2039 2320 2162 2347 tantum

1209 2379 1291 2410 liber
1313 2383 1432 2418 exstet,
1456 2378 1570 2421 reliqui
1587 2377 1702 2418 injuria
1724 2383 1902 2420 temporum
1924 2378 2091 2422 perierint,
2117 2379 2161 2411 sa-

1211 2442 1271 2476 cile
1293 2442 1372 2473 haec
1397 2440 1431 2472 in
1459 2453 1523 2472 uno
1546 2441 1746 2483 sequentium
1771 2441 1836 2483 legi
1859 2446 2019 2485 poterant.

1286 2516 1385 2553 quum
1409 2502 1467 2548 aie]
1497 2503 1620 2547 Scripsi
1649 2516 1666 2535 e
1692 2505 1879 2538 Monacensi
1907 2504 1974 2550 (C)
1995 2515 2055 2550 pro
2077 2506 2159 2539 Sicut

1210 2568 1277 2607 ait,
1308 2565 1396 2612 quod
1419 2565 1453 2598 iu
1478 2564 1571 2597 editis
1593 2570 1672 2598 crat.
