2310 2860
172 450 230 490 :54

172 936 229 976 54

233 452 262 489 0

237 937 257 977 1

234 1421 263 1462 10

293 186 383 227 462
880 185 1078 229 Martiani
1117 185 1316 245 Capellae
1350 187 1422 230 lib.
1452 187 1508 231 V.
1545 191 1577 243 §.
1602 190 1706 234 540.

938 345 1017 387 DE
1052 346 1209 388 PRON
1216 345 1597 390 UNCIATIONE.

460 453 681 494 Actionem
715 453 829 509 apud
859 463 1021 494 veteres
1054 454 1346 510 appellabam,
1378 469 1512 510 quam
1543 470 1658 497 nunc
1690 457 2086 513 pronunciationem
2117 462 2244 517 vulgo

293 534 372 576 dici
404 549 489 576 non
519 536 671 577 nescio.
728 536 792 577 Ea
823 545 1004 592 praestat
1035 535 1189 587 oratio,
1235 544 1281 576 ut
1312 536 1558 578 concilietur
1598 536 1786 589 auditor,
1828 547 1876 579 ut
1910 538 1963 580 ad
1993 538 2121 581 fidem
2149 557 2247 597 per—

292 615 487 655 suasione
524 615 727 668 ducatur,
782 626 829 657 ut
867 617 1113 658 animorum
1155 616 1340 658 motibus
1380 617 1616 659 incalescat.
1689 618 1795 673 Ejus
1832 628 1971 675 partes
2009 628 2108 660 sunt
2145 629 2246 672 tres,

294 710 392 745 vox,
424 696 581 748 vultus,
609 708 764 753 gestus.
798 698 886 750 His,
924 707 971 738 ut
990 697 1183 754 plerique
1207 708 1369 754 putant,
1395 699 1530 740 cultus
1554 700 1622 741 vel
1643 699 1813 741 habitus
1838 701 1921 742 oris
1948 700 2118 742 accedit.
2150 701 2247 743 Vox

293 786 331 818 et
361 787 513 819 natura
550 789 708 820 constat
746 789 785 820 et
823 779 1011 833 quadam
1050 780 1220 820 scientia
1257 779 1497 821 modificata
1535 790 1754 834 servatur,
1813 782 1855 822 in
1885 791 2038 823 natura
2070 782 2249 838 qualitas

293 859 407 899 vocis
448 869 488 900 et
530 862 740 914 quantitas
785 861 1071 916 dispensatur,
1117 863 1287 905 scicntia
1327 879 1429 905 vero
1471 864 1689 919 quomodo
1727 877 1777 906 ea
1817 865 1948 906 utaris
1982 865 2249 920 assequitur,

290 950 329 981 ot
361 941 463 996 quid
497 953 689 997 oporteat
719 944 962 985 observare.
1017 945 1183 986 Bonitas
1211 946 1326 988 vocis
1358 954 1516 986 constat
1544 945 1750 997 claritate,
1782 944 1992 996 firmitate,
2021 945 2249 996 suavitate;

292 1035 404 1076 quae
427 1024 567 1064 omnia
594 1025 841 1066 nutriuntur
863 1026 963 1077 cibi,
995 1036 1140 1082 potus,
1171 1029 1303 1068 coitus
1333 1027 1621 1077 observantia,
1669 1027 1988 1083 praecipueque
2019 1037 2065 1068 ut
2091 1040 2249 1082 corpus

290 1102 607 1145 deambulando
654 1117 900 1158 moveatur,
955 1107 1064 1148 intra
1107 1108 1239 1149 breve
1288 1109 1472 1163 spatium
1518 1108 1657 1148 reditu
1702 1118 1938 1160 maturato,
1993 1110 2069 1164 qui
2111 1117 2251 1149 motus

293 1197 429 1236 quum
456 1183 729 1239 digestionem
751 1187 918 1227 facilem
946 1196 1147 1242 praestat,
1178 1187 1266 1227 sine
1288 1187 1419 1228 dubio
1445 1196 1620 1242 purgat,
1654 1196 1692 1228 et
1717 1202 1864 1228 vocem
1896 1188 2028 1228 nimia
2055 1187 2250 1228 excursio

294 1263 360 1303 vel
392 1264 515 1319 longa
547 1265 835 1307 deambulatio
879 1278 1079 1310 extenuat
1117 1283 1164 1310 ae
1206 1268 1359 1321 fatigat.
1417 1266 1513 1306 Post
1542 1266 1653 1306 hanc
1687 1265 2077 1307 deambulationem
2111 1267 2247 1307 statim

291 1357 366 1382 nos
413 1344 465 1384 ad
523 1345 661 1385 studia
709 1346 1007 1397 conferamus,

293 1422 547 1465 coloremus,

365 1557 574 1604 appellabam]
591 1559 700 1591 Malim
712 1561 923 1602 appellabant.
935 1560 1038 1592 Geor.
1049 1579 1095 1584 —
1105 1560 1244 1592 Codices

292 1619 337 1651 nil
364 1626 503 1661 mutant,
538 1633 597 1652 nee
629 1621 656 1651 si
691 1621 767 1664 qnid
796 1621 996 1661 conjecturae
1024 1622 1162 1652 (landum
1188 1621 1244 1661 sit,

291 1687 356 1712 tam
381 1683 583 1725 appellabant
610 1695 704 1726 quam
733 1684 924 1725 appellatam
947 1682 1050 1713 velim.
1092 1683 1245 1715 Ceterum

293 1756 375 1787 quos
391 1751 511 1777 veteres
526 1752 637 1777 noster
652 1746 735 1777 dieat
753 1746 881 1787 ignoro,
905 1746 1062 1790 siquidem
1073 1747 1139 1788 jam
1156 1746 1243 1778 Auc-

293 1814 343 1839 101·
361 1809 400 1839 ad
421 1810 618 1840 Herennium
642 1811 689 1852 (5,
716 1810 773 1851 11)
790 1812 1068 1852 pronunciationis
1087 1810 1243 1842 vocabulo

294 1871 406 1909 utimr,
443 1884 622 1915 quanquam
641 1871 831 1903 Ciceronem
849 1873 901 1916 (de
922 1879 1000 1905 orat.
1018 1875 1052 1913 5,
1076 1874 1141 1913 593
1167 1878 1244 1905 orat.

295 1936 354 1976 17)
379 1936 535 1966 actionem
557 1935 745 1978 praetulisse
766 1942 885 1967 certum
911 1942 976 1977 cst,
1002 1938 1126 1969 videtur
1149 1937 1245 1978 igitur

292 1999 343 2030 hie
365 2011 492 2042 quoque
519 2000 694 2031 Martianus
722 2001 824 2031 solum
848 2002 1110 2034 Fortunatianum
1137 2004 1179 2046 (p.
1197 2004 1243 2034 75

292 2063 391 2103 l‘ith.)
420 2069 491 2093 ante
524 2064 636 2094 oeulos
660 2064 824 2105 habuisse,
852 2066 1002 2109 quodque
1037 2067 1064 2097 is
1092 2072 1177 2098 recte
1205 2067 1244 2098 de

293 2125 450 2156 Cicerone
475 2124 565 2163 dicit,
594 2125 633 2156 ad
653 2131 775 2157 veteres
802 2138 912 2158 omues
943 2140 1108 2172 perperam
1135 2134 1244 2160 exten-

293 2188 387 2219 disse.
415 2187 545 2231 Optime
568 2194 652 2219 certe
674 2188 911 2230 Quinctilianus
928 2192 1001 2237 (ll,
1021 2193 1056 2232 5,
1076 2192 1125 2235 1)=
1149 2193 1245 2223 »Pro-

292 2253 457 2283 nuncialio
474 2263 491 2282 a
510 2251 671 2295 plerisque
694 2255 775 2284 actio
791 2253 920 2292 (liciturg
949 2255 1005 2286 sed
1025 2256 1113 2299 prins
1128 2268 1244 2288 nomen

292 2325 309 2344 a
337 2325 429 2352 voce,
456 2325 594 2356 sequens
620 2326 637 2344 a
658 2320 750 2357 ycsln
774 2315 897 2347 xidetur
919 2317 1070 2361 accipere.
1097 2318 1243 2361 Namque

291 2379 448 2409 actionem
473 2376 588 2408 Cicero
614 2377 691 2407 alias
716 2378 805 2420 quasi
828 2391 1021 2421 sermonem,
1049 2381 1126 2412 alias
1153 2380 1243 2424 quasi

291 2440 504 2484 eloquentiam
540 2441 696 2483 quandam
729 2444 869 2484 corporis
898 2444 989 2483 dicit,
1025 2445 1108 2476 idem
1139 2450 1243 2476 tamen

291 2504 370 2534 duas
391 2502 461 2544 ejus
486 2508 593 2546 partes
618 2501 708 2542 facit,
742 2514 822 2545 quae
849 2510 923 2536 snut
947 2506 1077 2538 eaedem
1103 2518 1243 2551 pronun-

291 2566 451 2605 dationis,
479 2578 589 2598 vocem
609 2572 702 2610 atque
721 2572 857 2607 motum,
896 2575 1090 2615 quapropter
1110 2576 1244 2616 utraque

293 2628 505 2671 appellatione
531 2628 748 2660 indifferenter
768 2629 815 2659 uti
838 2628 940 2660 liceto

1066 1348 1274 1403 priusque
1319 1359 1452 1399 quam
1498 1345 1548 1385 sit

1608 1344 1836 1384 dicendum
1883 1359 2031 1385 vocem
2076 1345 2252 1386 lectione

606 1425 698 1466 Nec
732 1426 786 1466 ab
820 1427 935 1467 initio
968 1427 1267 1478 clamandum,
1306 1426 1379 1467 scd
1412 1426 1525 1466 tenui
1560 1439 1786 1465 murmure
1816 1423 2131 1475 inchoandum,
2165 1438 2252 1479 quo

1371 1563 1480 1599 parles
1495 1562 1571 1587 sunt
1588 1555 1665 1600 tres]
1681 1556 1736 1588 Sie
1754 1556 1874 1588 Curius
1891 1557 2157 1598 Fortunatianus3
2174 1557 2253 1589 duas

1296 1624 1418 1650 tantum
1450 1624 1617 1650 numerant
1647 1625 1679 1650 et
1713 1618 1829 1651 Cleero
1856 1620 1916 1663 (de
1949 1626 2028 1653 orat.
2058 1622 2095 1661 1,
2127 1620 2194 1663 59)
2221 1626 2253 1652 et

1296 1682 1535 1725 Quinctilianus
1561 1683 1640 1727 (ll,
1666 1684 1706 1723 5,
1735 1683 1809 1726 14),
1830 1696 1940 1715 vocem
1968 1690 2000 1715 et
2016 1690 2161 1728 qeslrtttz5
2195 1684 2252 1716 sed

1296 1753 1332 1778 ut
1354 1748 1393 1778 ad
1415 1753 1539 1791 qestum
1560 1758 1635 1778 mox
1657 1747 1783 1778 vultum
1804 1759 1932 1791 qnoque
1952 1748 2091 1779 reserant
2113 1748 2251 1791 (Quinc-

1295 1811 1394 1842 tilian.
1416 1813 1458 1850 5,
1483 1812 1539 1851 ll,
1565 1812 1612 1842 68
1635 1811 1707 1842 coll.
1733 1809 1831 1842 Auct.
1859 1811 1898 1842 ad
1921 1811 2121 1851 Herenn.5,
2150 1811 2220 1855 15).

1369 1887 1434 1906 vox
1456 1880 1487 1905 et
1520 1873 1660 1919 natura]
1693 1874 1947 1917 Quinctilianus:
1982 1875 2096 1905 »Prius
2133 1881 2183 1906 est
2212 1874 2252 1906 de

1294 1950 1370 1969 voce
1394 1937 1515 1977 dicere,
1541 1937 1592 1969 eui
1615 1937 1708 1969 etiam
1730 1943 1840 1981 qestus
1860 1938 2127 1969 accommodatur.
2151 1937 2190 1969 In
2214 1948 2252 1968 ea

1295 2001 1394 2046 prima
1412 2001 1593 2033 observatio
1613 2006 1678 2041 est,
1699 2001 1825 2045 ‹pialem
1845 2001 1979 2042 habeas,
2001 2000 2154 2040 secunda,
2173 2011 2251 2043 quo-

1294 2065 1390 2096 modo
1413 2065 1521 2096 utaris.
1560 2065 1692 2097 IValnra
1713 2065 1800 2097 vocis
1827 2070 1988 2109 spectatur
2014 2064 2194 2110 quantitate
2219 2069 2252 2096 et

1296 2130 1467 2176 qualitate«
1495 2134 1553 2160 cet.

1370 2191 1534 2237 clm-ilafe]
1561 2192 1665 2224 Paulo
1702 2203 1794 2223 secus
1822 2190 1948 2221 Auctor
1976 2190 2015 2221 ad
2050 2191 2251 2223 Herennium

1295 2255 1347 2299 (5,
1378 2256 1452 2299 ll'):
1480 2256 1612 2296 „Figura
1645 2254 1732 2286 vocis
1764 2259 1827 2294 est,
1859 2265 1941 2297 quae
1972 2266 2065 2285 suum
2091 2255 2250 2298 quendam

1294 2319 1438 2363 possidet
1469 2319 1610 2349 habitum
1636 2317 1757 2348 ratione
1784 2323 1815 2348 et
1840 2317 1994 2349 industria
2017 2324 2249 2362 eomparatum3

1295 2392 1332 2412 ea
1363 2380 1513 2411 dividitur
1544 2378 1577 2410 in
1606 2384 1671 2410 tres
1704 2384 1826 2422 parteS,
1861 2379 2126 2420 magnitudinem,
2155 2380 2249 2411 firmi-

1294 2443 1452 2481 tudinem,
1478 2441 1744 2482 mollitudinem«,
1776 2442 1831 2474 sed
1850 2448 1885 2473 ut
1907 2442 2011 2474 verbis
2033 2442 2132 2484 magis
2155 2455 2250 2486 quam

1294 2520 1328 2539 re
1349 2520 1367 2539 a
1390 2513 1500 2538 nostro
1521 2505 1572 2537 vel
1596 2506 1703 2550 potius
1725 2505 1954 2538 Fortunatiano
1980 2505 2150 2549 discrepet.
2203 2515 2205 2517 ’

1370 2566 1563 2612 coloremus]
1596 2568 1684 2609 Lege
1712 2568 1869 2608 colemus,
1899 2572 1931 2599 et
1953 2568 2014 2599 hoe
2035 2566 2153 2597 indicat
2175 2565 2247 2599 MS.

1296 2630 1456 2664 GnoT.-
1492 2629 1560 2663 Sed
1592 2629 1679 2674 qnod
1705 2628 1864 2662 antecedit
1888 2628 2090 2671 conferamus
2112 2627 2247 2660 alterum
