<?xml version="1.0" encoding="UTF-8"?>
<!DOCTYPE html PUBLIC "-//W3C//DTD XHTML 1.0 Transitional//EN"
    "http://www.w3.org/TR/xhtml1/DTD/xhtml1-transitional.dtd">
<html xmlns="http://www.w3.org/1999/xhtml" xml:lang="en" lang="en">
 <head>
  <title>
</title>
<meta http-equiv="Content-Type" content="text/html;charset=utf-8" />
  <meta name='ocr-system' content='tesseract 3.04.00' />
  <meta name='ocr-capabilities' content='ocr_page ocr_carea ocr_par ocr_line ocrx_word'/>
</head>
<body>
  <div class='ocr_page' id='page_1' title='image "./denuptiisphilolo00martuoft/denuptiisphilolo00martuoft_0480.png"; bbox 0 0 2310 2860; ppageno 0'>
   <div class='ocr_carea' id='block_1_1' title="bbox 155 752 1478 810">
    <p class='ocr_par' dir='ltr' id='par_1_1' title="bbox 155 752 1478 810">
     <span class='ocr_line' id='line_1_1' title="bbox 155 752 1478 810; baseline 0.002 -18"><span class='ocrx_word' id='word_1_1' title='bbox 155 752 165 779; x_wconf 78' lang='lat'>‘,</span> <span class='ocrx_word' id='word_1_2' title='bbox 196 753 356 803; x_wconf 86' lang='lat' dir='ltr'>studia,</span> <span class='ocrx_word' id='word_1_3' title='bbox 405 753 598 804; x_wconf 74' lang='lat' dir='ltr'>consilia,</span> <span class='ocrx_word' id='word_1_4' title='bbox 642 753 911 807; x_wconf 76' lang='lat' dir='ltr'><strong>rationesque</strong></span> <span class='ocrx_word' id='word_1_5' title='bbox 950 769 1102 795; x_wconf 88' lang='lat' dir='ltr'>eorum</span> <span class='ocrx_word' id='word_1_6' title='bbox 1143 756 1362 810; x_wconf 82' lang='lat' dir='ltr'>aperiam“</span> <span class='ocrx_word' id='word_1_7' title='bbox 1402 765 1478 796; x_wconf 89' lang='lat' dir='ltr'>etc.</span> 
     </span>
    </p>
   </div>
   <div class='ocr_carea' id='block_1_2' title="bbox 198 159 1567 215">
    <p class='ocr_par' dir='ltr' id='par_1_2' title="bbox 198 159 1567 215">
     <span class='ocr_line' id='line_1_2' title="bbox 198 159 1567 215; baseline -0.006 -7"><span class='ocrx_word' id='word_1_8' title='bbox 198 167 291 208; x_wconf 79' lang='grc'>450</span> <span class='ocrx_word' id='word_1_9' title='bbox 774 161 973 201; x_wconf 76' lang='lat' dir='ltr'>Martiam</span> <span class='ocrx_word' id='word_1_10' title='bbox 1006 159 1204 215; x_wconf 79' lang='lat' dir='ltr'>Capellae</span> <span class='ocrx_word' id='word_1_11' title='bbox 1235 159 1305 200; x_wconf 89' lang='lat' dir='ltr'>lib.</span> <span class='ocrx_word' id='word_1_12' title='bbox 1330 159 1385 201; x_wconf 84' lang='lat' dir='ltr'>V.</span> <span class='ocrx_word' id='word_1_13' title='bbox 1414 161 1445 212; x_wconf 67' lang='grc' dir='ltr'>ς)</span> <span class='ocrx_word' id='word_1_14' title='bbox 1463 159 1567 200; x_wconf 73' lang='lat'>525.</span> 
     </span>
    </p>
   </div>
   <div class='ocr_carea' id='block_1_3' title="bbox 200 266 2151 327">
    <p class='ocr_par' dir='ltr' id='par_1_3' title="bbox 200 266 2151 327">
     <span class='ocr_line' id='line_1_3' title="bbox 200 266 2151 327; baseline 0 -15"><span class='ocrx_word' id='word_1_15' title='bbox 200 270 576 327; x_wconf 74' lang='lat' dir='ltr'>praetermittentes</span> <span class='ocrx_word' id='word_1_16' title='bbox 608 267 822 322; x_wconf 77' lang='lat' dir='ltr'>quaedam</span> <span class='ocrx_word' id='word_1_17' title='bbox 852 266 1127 307; x_wconf 76' lang='lat' dir='ltr'>nihilominus</span> <span class='ocrx_word' id='word_1_18' title='bbox 1155 266 1346 306; x_wconf 72' lang='lat' dir='ltr'>dicimus·</span> <span class='ocrx_word' id='word_1_19' title='bbox 1409 266 1678 322; x_wconf 73' lang='lat' dir='ltr'>Apostrophe</span> <span class='ocrx_word' id='word_1_20' title='bbox 1709 276 1769 308; x_wconf 87' lang='lat' dir='ltr'>est</span> <span class='ocrx_word' id='word_1_21' title='bbox 1796 269 1839 308; x_wconf 88' lang='lat' dir='ltr'>in</span> <span class='ocrx_word' id='word_1_22' title='bbox 1872 270 2057 324; x_wconf 79' lang='lat' dir='ltr'>aliquem</span> <span class='ocrx_word' id='word_1_23' title='bbox 2088 271 2151 311; x_wconf 87' lang='lat' dir='ltr'>di—</span> 
     </span>
    </p>
   </div>
   <div class='ocr_carea' id='block_1_4' title="bbox 196 346 2152 565">
    <p class='ocr_par' dir='ltr' id='par_1_4' title="bbox 196 346 2152 565">
     <span class='ocr_line' id='line_1_4' title="bbox 196 346 2146 405; baseline -0.001 -13"><span class='ocrx_word' id='word_1_24' title='bbox 196 352 332 392; x_wconf 73' lang='lat' dir='ltr'>stricta</span> <span class='ocrx_word' id='word_1_25' title='bbox 363 348 604 398; x_wconf 81' lang='lat' dir='ltr'>conversio,</span> <span class='ocrx_word' id='word_1_26' title='bbox 634 347 837 402; x_wconf 81' lang='lat' dir='ltr'>frequens</span> <span class='ocrx_word' id='word_1_27' title='bbox 869 346 984 403; x_wconf 87' lang='lat' dir='ltr'>apud</span> <span class='ocrx_word' id='word_1_28' title='bbox 1008 346 1259 387; x_wconf 81' lang='lat' dir='ltr'>Ciceronem</span> <span class='ocrx_word' id='word_1_29' title='bbox 1290 361 1338 388; x_wconf 85' lang='lat' dir='ltr'>ac</span> <span class='ocrx_word' id='word_1_30' title='bbox 1363 348 1515 389; x_wconf 89' lang='lat' dir='ltr'>nobilis</span> <span class='ocrx_word' id='word_1_31' title='bbox 1546 347 1696 403; x_wconf 78' lang='lat' dir='ltr'>figura.</span> <span class='ocrx_word' id='word_1_32' title='bbox 1755 347 1872 388; x_wconf 86' lang='lat' dir='ltr'>Haec</span> <span class='ocrx_word' id='word_1_33' title='bbox 1902 358 1979 399; x_wconf 88' lang='lat' dir='ltr'>est,</span> <span class='ocrx_word' id='word_1_34' title='bbox 2010 365 2146 405; x_wconf 89' lang='lat' dir='ltr'>quum</span> 
     </span>
     <span class='ocr_line' id='line_1_5' title="bbox 200 427 2150 484; baseline 0.001 -14"><span class='ocrx_word' id='word_1_35' title='bbox 200 431 237 470; x_wconf 87' lang='lat' dir='ltr'>in</span> <span class='ocrx_word' id='word_1_36' title='bbox 269 430 456 483; x_wconf 82' lang='lat' dir='ltr'>aliquem</span> <span class='ocrx_word' id='word_1_37' title='bbox 492 429 549 469; x_wconf 86' lang='lat' dir='ltr'>sie</span> <span class='ocrx_word' id='word_1_38' title='bbox 581 429 870 469; x_wconf 87' lang='lat' dir='ltr'>convertimus</span> <span class='ocrx_word' id='word_1_39' title='bbox 907 429 1136 478; x_wconf 78' lang='lat' dir='ltr'>actionem,</span> <span class='ocrx_word' id='word_1_40' title='bbox 1175 437 1221 468; x_wconf 86' lang='lat' dir='ltr'>ut</span> <span class='ocrx_word' id='word_1_41' title='bbox 1252 443 1304 469; x_wconf 78' lang='lat' dir='ltr'>ex</span> <span class='ocrx_word' id='word_1_42' title='bbox 1336 443 1384 470; x_wconf 86' lang='lat' dir='ltr'>ea</span> <span class='ocrx_word' id='word_1_43' title='bbox 1414 428 1574 484; x_wconf 89' lang='lat' dir='ltr'>judices</span> <span class='ocrx_word' id='word_1_44' title='bbox 1606 427 1849 469; x_wconf 77' lang='lat' dir='ltr'>docea‘mus.</span> <span class='ocrx_word' id='word_1_45' title='bbox 1911 429 2150 484; x_wconf 88' lang='lat' dir='ltr'>Diaporesis</span> 
     </span>
     <span class='ocr_line' id='line_1_6' title="bbox 199 508 2152 565; baseline 0.002 -17"><span class='ocrx_word' id='word_1_46' title='bbox 199 521 258 551; x_wconf 59' lang='lat' dir='ltr'>‹rst</span> <span class='ocrx_word' id='word_1_47' title='bbox 298 511 579 561; x_wconf 85' lang='lat' dir='ltr'>addubitatio‚</span> <span class='ocrx_word' id='word_1_48' title='bbox 623 525 709 565; x_wconf 86' lang='lat' dir='ltr'>qua</span> <span class='ocrx_word' id='word_1_49' title='bbox 747 508 884 564; x_wconf 83' lang='lat' dir='ltr'>figura</span> <span class='ocrx_word' id='word_1_50' title='bbox 916 510 1093 559; x_wconf 89' lang='lat' dir='ltr'>utimur,</span> <span class='ocrx_word' id='word_1_51' title='bbox 1125 522 1263 562; x_wconf 86' lang='lat' dir='ltr'>quum</span> <span class='ocrx_word' id='word_1_52' title='bbox 1300 509 1431 551; x_wconf 82' lang='lat' dir='ltr'>veluti</span> <span class='ocrx_word' id='word_1_53' title='bbox 1461 510 1701 551; x_wconf 79' lang='lat' dir='ltr'>dubitantes</span> <span class='ocrx_word' id='word_1_54' title='bbox 1734 510 1785 551; x_wconf 90' lang='lat' dir='ltr'>ab</span> <span class='ocrx_word' id='word_1_55' title='bbox 1815 510 1914 565; x_wconf 85' lang='lat' dir='ltr'>ipsis</span> <span class='ocrx_word' id='word_1_56' title='bbox 1942 510 2152 564; x_wconf 83' lang='lat' dir='ltr'>judicibus</span> 
     </span>
    </p>
   </div>
   <div class='ocr_carea' id='block_1_5' title="bbox 194 589 2155 1053">
    <p class='ocr_par' dir='ltr' id='par_1_5' title="bbox 194 589 2155 1053">
     <span class='ocr_line' id='line_1_7' title="bbox 194 589 2153 646; baseline 0 -14"><span class='ocrx_word' id='word_1_57' title='bbox 194 592 480 632; x_wconf 83' lang='lat' dir='ltr'>inchoamenti</span> <span class='ocrx_word' id='word_1_58' title='bbox 504 591 726 631; x_wconf 88' lang='lat' dir='ltr'>consilium</span> <span class='ocrx_word' id='word_1_59' title='bbox 751 589 1041 646; x_wconf 89' lang='lat' dir='ltr'>postulamus,</span> <span class='ocrx_word' id='word_1_60' title='bbox 1073 599 1120 630; x_wconf 92' lang='lat' dir='ltr'>ut</span> <span class='ocrx_word' id='word_1_61' title='bbox 1150 604 1227 645; x_wconf 87' lang='lat' dir='ltr'>pro</span> <span class='ocrx_word' id='word_1_62' title='bbox 1259 589 1473 632; x_wconf 88' lang='lat' dir='ltr'>Cluentio:</span> <span class='ocrx_word' id='word_1_63' title='bbox 1503 590 1734 646; x_wconf 76' lang='lat' dir='ltr'>„equidem</span> <span class='ocrx_word' id='word_1_64' title='bbox 1762 605 1848 646; x_wconf 94' lang='lat' dir='ltr'>quo</span> <span class='ocrx_word' id='word_1_65' title='bbox 1874 606 1944 631; x_wconf 87' lang='lat' dir='ltr'>me</span> <span class='ocrx_word' id='word_1_66' title='bbox 1975 600 2153 643; x_wconf 82' lang='lat' dir='ltr'>vertam,</span> 
     </span>
     <span class='ocr_line' id='line_1_8' title="bbox 195 671 2151 728; baseline 0.002 -17"><span class='ocrx_word' id='word_1_67' title='bbox 195 671 373 723; x_wconf 86' lang='lat' dir='ltr'>judiees,</span> <span class='ocrx_word' id='word_1_68' title='bbox 419 672 608 724; x_wconf 78' lang='lat' dir='ltr'>nescio“;</span> <span class='ocrx_word' id='word_1_69' title='bbox 659 681 698 712; x_wconf 87' lang='lat' dir='ltr'>et</span> <span class='ocrx_word' id='word_1_70' title='bbox 728 686 805 727; x_wconf 86' lang='lat' dir='ltr'>pro</span> <span class='ocrx_word' id='word_1_71' title='bbox 838 671 1054 713; x_wconf 87' lang='lat' dir='ltr'>Cornelio:</span> <span class='ocrx_word' id='word_1_72' title='bbox 1089 687 1311 728; x_wconf 78' lang='lat' dir='ltr'>„pugnem</span> <span class='ocrx_word' id='word_1_73' title='bbox 1347 683 1494 715; x_wconf 84' lang='lat' dir='ltr'>contra</span> <span class='ocrx_word' id='word_1_74' title='bbox 1532 674 1894 715; x_wconf 87' lang='lat' dir='ltr'>nobilissimorum</span> <span class='ocrx_word' id='word_1_75' title='bbox 1926 674 2151 715; x_wconf 88' lang='lat' dir='ltr'>hominum</span> 
     </span>
     <span class='ocr_line' id='line_1_9' title="bbox 1549 755 2154 809; baseline -0.002 -13"><span class='ocrx_word' id='word_1_76' title='bbox 1549 756 1751 796; x_wconf 86' lang='lat' dir='ltr'>Erotema</span> <span class='ocrx_word' id='word_1_77' title='bbox 1782 766 1843 797; x_wconf 90' lang='lat' dir='ltr'>est</span> <span class='ocrx_word' id='word_1_78' title='bbox 1872 755 2154 809; x_wconf 78' lang='lat' dir='ltr'>interrogatio,</span> 
     </span>
     <span class='ocr_line' id='line_1_10' title="bbox 198 834 2155 892; baseline 0.002 -18"><span class='ocrx_word' id='word_1_79' title='bbox 198 849 282 889; x_wconf 84' lang='lat' dir='ltr'>qua</span> <span class='ocrx_word' id='word_1_80' title='bbox 322 834 459 889; x_wconf 78' lang='lat' dir='ltr'>figura</span> <span class='ocrx_word' id='word_1_81' title='bbox 499 836 682 886; x_wconf 87' lang='lat' dir='ltr'>utimur,</span> <span class='ocrx_word' id='word_1_82' title='bbox 740 849 876 889; x_wconf 89' lang='lat' dir='ltr'>quum</span> <span class='ocrx_word' id='word_1_83' title='bbox 908 835 1208 890; x_wconf 80' lang='lat' dir='ltr'>interrogando</span> <span class='ocrx_word' id='word_1_84' title='bbox 1242 836 1400 891; x_wconf 85' lang='lat' dir='ltr'>aliquid</span> <span class='ocrx_word' id='word_1_85' title='bbox 1442 852 1748 879; x_wconf 81' lang='lat' dir='ltr'>coacervamus</span> <span class='ocrx_word' id='word_1_86' title='bbox 1779 848 1819 878; x_wconf 88' lang='lat' dir='ltr'>et</span> <span class='ocrx_word' id='word_1_87' title='bbox 1849 851 2155 892; x_wconf 78' lang='lat' dir='ltr'>exaggeramus</span> 
     </span>
     <span class='ocr_line' id='line_1_11' title="bbox 196 915 2151 974; baseline 0.001 -19"><span class='ocrx_word' id='word_1_88' title='bbox 196 916 284 968; x_wconf 77' lang='lat' dir='ltr'>ejus</span> <span class='ocrx_word' id='word_1_89' title='bbox 317 915 535 956; x_wconf 84' lang='lat' dir='ltr'>invidiam.</span> <span class='ocrx_word' id='word_1_90' title='bbox 580 916 735 970; x_wconf 84' lang='lat' dir='ltr'>Pysma</span> <span class='ocrx_word' id='word_1_91' title='bbox 768 925 827 956; x_wconf 87' lang='lat' dir='ltr'>est</span> <span class='ocrx_word' id='word_1_92' title='bbox 856 917 1119 969; x_wconf 87' lang='lat' dir='ltr'>quaesitum,</span> <span class='ocrx_word' id='word_1_93' title='bbox 1151 932 1264 972; x_wconf 83' lang='lat' dir='ltr'>quae</span> <span class='ocrx_word' id='word_1_94' title='bbox 1296 917 1432 973; x_wconf 79' lang='lat' dir='ltr'>figura</span> <span class='ocrx_word' id='word_1_95' title='bbox 1460 933 1482 959; x_wconf 84' lang='lat' dir='ltr'>a</span> <span class='ocrx_word' id='word_1_96' title='bbox 1515 919 1734 974; x_wconf 87' lang='lat' dir='ltr'>superiore</span> <span class='ocrx_word' id='word_1_97' title='bbox 1767 933 1815 958; x_wconf 87' lang='lat' dir='ltr'>eo</span> <span class='ocrx_word' id='word_1_98' title='bbox 1846 918 2000 968; x_wconf 80' lang='lat' dir='ltr'>differt,</span> <span class='ocrx_word' id='word_1_99' title='bbox 2035 916 2151 972; x_wconf 88' lang='lat' dir='ltr'>quod</span> 
     </span>
     <span class='ocr_line' id='line_1_12' title="bbox 196 996 2153 1053; baseline 0.001 -18"><span class='ocrx_word' id='word_1_100' title='bbox 196 996 469 1051; x_wconf 77' lang='lat' dir='ltr'>interroganti</span> <span class='ocrx_word' id='word_1_101' title='bbox 500 1010 587 1036; x_wconf 84' lang='lat' dir='ltr'>una</span> <span class='ocrx_word' id='word_1_102' title='bbox 622 1010 726 1036; x_wconf 88' lang='lat' dir='ltr'>voce</span> <span class='ocrx_word' id='word_1_103' title='bbox 764 1005 929 1036; x_wconf 89' lang='lat' dir='ltr'>tantum</span> <span class='ocrx_word' id='word_1_104' title='bbox 967 997 1213 1052; x_wconf 86' lang='lat' dir='ltr'>responderi</span> <span class='ocrx_word' id='word_1_105' title='bbox 1249 1008 1403 1053; x_wconf 87' lang='lat' dir='ltr'>potest,</span> <span class='ocrx_word' id='word_1_106' title='bbox 1449 999 1641 1053; x_wconf 85' lang='lat' dir='ltr'>quaesito</span> <span class='ocrx_word' id='word_1_107' title='bbox 1674 1008 1816 1039; x_wconf 81' lang='lat' dir='ltr'>autem</span> <span class='ocrx_word' id='word_1_108' title='bbox 1848 999 1925 1038; x_wconf 88' lang='lat' dir='ltr'>nisi</span> <span class='ocrx_word' id='word_1_109' title='bbox 1957 997 2153 1052; x_wconf 85' lang='lat' dir='ltr'>pluribus</span> 
     </span>
    </p>
   </div>
   <div class='ocr_carea' id='block_1_6' title="bbox 193 1075 2152 1133">
    <p class='ocr_par' dir='ltr' id='par_1_6' title="bbox 193 1075 2152 1133">
     <span class='ocr_line' id='line_1_13' title="bbox 193 1075 2152 1133; baseline -0.002 -15"><span class='ocrx_word' id='word_1_110' title='bbox 193 1076 443 1133; x_wconf 87' lang='lat' dir='ltr'>responderi</span> <span class='ocrx_word' id='word_1_111' title='bbox 467 1090 551 1116; x_wconf 92' lang='lat' dir='ltr'>non</span> <span class='ocrx_word' id='word_1_112' title='bbox 587 1084 738 1130; x_wconf 86' lang='lat' dir='ltr'>potest,</span> <span class='ocrx_word' id='word_1_113' title='bbox 769 1084 816 1116; x_wconf 90' lang='lat' dir='ltr'>ut</span> <span class='ocrx_word' id='word_1_114' title='bbox 845 1089 985 1130; x_wconf 89' lang='lat' dir='ltr'>quum</span> <span class='ocrx_word' id='word_1_115' title='bbox 1010 1075 1212 1117; x_wconf 90' lang='lat' dir='ltr'>dicimus:</span> <span class='ocrx_word' id='word_1_116' title='bbox 1236 1076 1366 1127; x_wconf 85' lang='lat' dir='ltr'>„Qua</span> <span class='ocrx_word' id='word_1_117' title='bbox 1396 1077 1523 1131; x_wconf 78' lang='lat' dir='ltr'>igitur</span> <span class='ocrx_word' id='word_1_118' title='bbox 1553 1078 1714 1118; x_wconf 83' lang='lat' dir='ltr'>ratione</span> <span class='ocrx_word' id='word_1_119' title='bbox 1744 1078 1905 1118; x_wconf 88' lang='lat' dir='ltr'>bellum</span> <span class='ocrx_word' id='word_1_120' title='bbox 1932 1078 2152 1132; x_wconf 58' lang='lat' dir='ltr'>geremus?</span> 
     </span>
    </p>
   </div>
   <div class='ocr_carea' id='block_1_7' title="bbox 191 1215 1153 2572">
    <p class='ocr_par' dir='ltr' id='par_1_7' title="bbox 191 1215 1150 1697">
     <span class='ocr_line' id='line_1_14' title="bbox 194 1215 1147 1261; baseline -0.003 -12"><span class='ocrx_word' id='word_1_121' title='bbox 194 1217 267 1249; x_wconf 78' lang='lat' dir='ltr'>dam</span> <span class='ocrx_word' id='word_1_122' title='bbox 290 1216 428 1261; x_wconf 85' lang='lat' dir='ltr'>Aquilae</span> <span class='ocrx_word' id='word_1_123' title='bbox 453 1216 620 1248; x_wconf 81' lang='lat' dir='ltr'>editiones,</span> <span class='ocrx_word' id='word_1_124' title='bbox 646 1215 911 1247; x_wconf 82' lang='lat' dir='ltr'>Darmstattcnsis</span> <span class='ocrx_word' id='word_1_125' title='bbox 932 1215 1033 1247; x_wconf 83' lang='lat' dir='ltr'>codex</span> <span class='ocrx_word' id='word_1_126' title='bbox 1052 1227 1147 1258; x_wconf 87' lang='lat' dir='ltr'>para-</span> 
     </span>
     <span class='ocr_line' id='line_1_15' title="bbox 193 1278 1149 1324; baseline -0.002 -13"><span class='ocrx_word' id='word_1_127' title='bbox 193 1282 317 1319; x_wconf 78' lang='lat' dir='ltr'>Iemsis,</span> <span class='ocrx_word' id='word_1_128' title='bbox 351 1281 436 1324; x_wconf 83' lang='lat' dir='ltr'>quod</span> <span class='ocrx_word' id='word_1_129' title='bbox 463 1280 605 1323; x_wconf 78' lang='lat' dir='ltr'>proxime</span> <span class='ocrx_word' id='word_1_130' title='bbox 635 1279 757 1311; x_wconf 79' lang='lat' dir='ltr'>accedit</span> <span class='ocrx_word' id='word_1_131' title='bbox 787 1279 826 1310; x_wconf 88' lang='lat' dir='ltr'>ad</span> <span class='ocrx_word' id='word_1_132' title='bbox 853 1291 960 1310; x_wconf 69' lang='lat' dir='ltr'>verani</span> <span class='ocrx_word' id='word_1_133' title='bbox 990 1278 1149 1311; x_wconf 86' lang='lat' dir='ltr'>scribendi</span> 
     </span>
     <span class='ocr_line' id='line_1_16' title="bbox 193 1338 1148 1387; baseline -0.003 -12"><span class='ocrx_word' id='word_1_134' title='bbox 193 1345 348 1375; x_wconf 83' lang='lat' dir='ltr'>rationem</span> <span class='ocrx_word' id='word_1_135' title='bbox 381 1344 588 1386; x_wconf 73' lang='lat' dir='ltr'>paraleipsis5</span> <span class='ocrx_word' id='word_1_136' title='bbox 630 1338 868 1387; x_wconf 74' lang='grc' dir='ltr'><em>παράλειψις</em></span> <span class='ocrx_word' id='word_1_137' title='bbox 898 1342 981 1373; x_wconf 89' lang='lat' dir='ltr'>enim</span> <span class='ocrx_word' id='word_1_138' title='bbox 1015 1342 1148 1373; x_wconf 86' lang='lat' dir='ltr'>Graecis</span> 
     </span>
     <span class='ocr_line' id='line_1_17' title="bbox 193 1404 1147 1451; baseline -0.002 -13"><span class='ocrx_word' id='word_1_139' title='bbox 193 1413 243 1439; x_wconf 82' lang='lat' dir='ltr'>est</span> <span class='ocrx_word' id='word_1_140' title='bbox 271 1419 352 1451; x_wconf 86' lang='lat' dir='ltr'>quae</span> <span class='ocrx_word' id='word_1_141' title='bbox 382 1406 535 1437; x_wconf 81' lang='lat' dir='ltr'>Romanis</span> <span class='ocrx_word' id='word_1_142' title='bbox 561 1408 755 1449; x_wconf 74' lang='lat' dir='ltr'>praeteritio.</span> <span class='ocrx_word' id='word_1_143' title='bbox 791 1404 928 1436; x_wconf 87' lang='lat' dir='ltr'>Auctori</span> <span class='ocrx_word' id='word_1_144' title='bbox 957 1405 996 1436; x_wconf 81' lang='lat' dir='ltr'>ad</span> <span class='ocrx_word' id='word_1_145' title='bbox 1024 1406 1147 1436; x_wconf 78' lang='lat' dir='ltr'>Heren-</span> 
     </span>
     <span class='ocr_line' id='line_1_18' title="bbox 191 1467 1147 1514; baseline -0.001 -13"><span class='ocrx_word' id='word_1_146' title='bbox 191 1471 281 1502; x_wconf 88' lang='lat' dir='ltr'>nium</span> <span class='ocrx_word' id='word_1_147' title='bbox 306 1470 358 1514; x_wconf 79' lang='grc'>(4,</span> <span class='ocrx_word' id='word_1_148' title='bbox 389 1470 451 1511; x_wconf 84' lang='grc'>27)</span> <span class='ocrx_word' id='word_1_149' title='bbox 474 1471 637 1512; x_wconf 80' lang='lat' dir='ltr'>occupalio</span> <span class='ocrx_word' id='word_1_150' title='bbox 663 1468 793 1508; x_wconf 88' lang='lat' dir='ltr'>dicitur,</span> <span class='ocrx_word' id='word_1_151' title='bbox 821 1467 884 1499; x_wconf 87' lang='lat' dir='ltr'>nisi</span> <span class='ocrx_word' id='word_1_152' title='bbox 906 1480 977 1499; x_wconf 89' lang='lat' dir='ltr'>cum</span> <span class='ocrx_word' id='word_1_153' title='bbox 998 1467 1147 1511; x_wconf 86' lang='lat' dir='ltr'>Spaldin-</span> 
     </span>
     <span class='ocr_line' id='line_1_19' title="bbox 192 1529 1149 1575; baseline -0.002 -12"><span class='ocrx_word' id='word_1_154' title='bbox 192 1532 244 1573; x_wconf 77' lang='lat' dir='ltr'>gio</span> <span class='ocrx_word' id='word_1_155' title='bbox 265 1531 318 1575; x_wconf 85' lang='lat' dir='ltr'>(ad</span> <span class='ocrx_word' id='word_1_156' title='bbox 338 1531 495 1574; x_wconf 78' lang='lat' dir='ltr'>Quinctil.</span> <span class='ocrx_word' id='word_1_157' title='bbox 512 1532 551 1571; x_wconf 80' lang='lat'>9,</span> <span class='ocrx_word' id='word_1_158' title='bbox 577 1532 618 1569; x_wconf 83' lang='lat'>5,</span> <span class='ocrx_word' id='word_1_159' title='bbox 637 1531 703 1570; x_wconf 73' lang='lat'>983</span> <span class='ocrx_word' id='word_1_160' title='bbox 727 1543 757 1573; x_wconf 87' lang='lat' dir='ltr'>p.</span> <span class='ocrx_word' id='word_1_161' title='bbox 775 1529 862 1572; x_wconf 87' lang='grc'>529)</span> <span class='ocrx_word' id='word_1_162' title='bbox 883 1529 990 1570; x_wconf 81' lang='lat' dir='ltr'>legere</span> <span class='ocrx_word' id='word_1_163' title='bbox 1008 1536 1149 1573; x_wconf 82' lang='lat' dir='ltr'>praestat</span> 
     </span>
     <span class='ocr_line' id='line_1_20' title="bbox 192 1590 1150 1639; baseline -0.001 -14"><span class='ocrx_word' id='word_1_164' title='bbox 192 1594 370 1625; x_wconf 78' lang='lat' dir='ltr'>occultatio.</span> <span class='ocrx_word' id='word_1_165' title='bbox 395 1593 548 1625; x_wconf 86' lang='lat' dir='ltr'>Ceterum</span> <span class='ocrx_word' id='word_1_166' title='bbox 566 1604 606 1623; x_wconf 90' lang='lat' dir='ltr'>ex</span> <span class='ocrx_word' id='word_1_167' title='bbox 623 1590 743 1635; x_wconf 79' lang='lat' dir='ltr'>Aquila</span> <span class='ocrx_word' id='word_1_168' title='bbox 758 1591 801 1635; x_wconf 87' lang='lat' dir='ltr'>(p.</span> <span class='ocrx_word' id='word_1_169' title='bbox 816 1591 900 1633; x_wconf 76' lang='lat'>149)</span> <span class='ocrx_word' id='word_1_170' title='bbox 914 1591 1034 1622; x_wconf 85' lang='lat' dir='ltr'>inserui</span> <span class='ocrx_word' id='word_1_171' title='bbox 1055 1594 1150 1639; x_wconf 78' lang='lat' dir='ltr'>quasi</span> 
     </span>
     <span class='ocr_line' id='line_1_21' title="bbox 192 1654 1060 1697; baseline -0.001 -10"><span class='ocrx_word' id='word_1_172' title='bbox 192 1656 288 1697; x_wconf 71' lang='lat' dir='ltr'>vulgo</span> <span class='ocrx_word' id='word_1_173' title='bbox 313 1655 482 1695; x_wconf 86' lang='lat' dir='ltr'>omissum,</span> <span class='ocrx_word' id='word_1_174' title='bbox 514 1655 571 1686; x_wconf 87' lang='lat' dir='ltr'>scd</span> <span class='ocrx_word' id='word_1_175' title='bbox 601 1655 686 1697; x_wconf 88' lang='lat' dir='ltr'>quod</span> <span class='ocrx_word' id='word_1_176' title='bbox 710 1654 762 1684; x_wconf 82' lang='lat' dir='ltr'>vix</span> <span class='ocrx_word' id='word_1_177' title='bbox 785 1654 897 1684; x_wconf 85' lang='lat' dir='ltr'>abesse</span> <span class='ocrx_word' id='word_1_178' title='bbox 924 1659 1060 1697; x_wconf 83' lang='lat' dir='ltr'>poterat.</span> 
     </span>
    </p>

    <p class='ocr_par' dir='ltr' id='par_1_8' title="bbox 193 1715 1150 2124">
     <span class='ocr_line' id='line_1_22' title="bbox 267 1715 1148 1760; baseline -0.001 -13"><span class='ocrx_word' id='word_1_179' title='bbox 267 1715 443 1760; x_wconf 84' lang='lat' dir='ltr'>conversio]</span> <span class='ocrx_word' id='word_1_180' title='bbox 471 1715 606 1747; x_wconf 80' lang='lat' dir='ltr'>Auctori</span> <span class='ocrx_word' id='word_1_181' title='bbox 629 1715 669 1746; x_wconf 88' lang='lat' dir='ltr'>ad</span> <span class='ocrx_word' id='word_1_182' title='bbox 691 1715 891 1746; x_wconf 82' lang='lat' dir='ltr'>Herennium</span> <span class='ocrx_word' id='word_1_183' title='bbox 915 1715 969 1759; x_wconf 72' lang='lat'>(4,</span> <span class='ocrx_word' id='word_1_184' title='bbox 1001 1715 1060 1758; x_wconf 86' lang='grc'>15)</span> <span class='ocrx_word' id='word_1_185' title='bbox 1088 1715 1148 1746; x_wconf 90' lang='lat' dir='ltr'>sub</span> 
     </span>
     <span class='ocr_line' id='line_1_23' title="bbox 195 1775 1147 1820; baseline 0 -13"><span class='ocrx_word' id='word_1_186' title='bbox 195 1777 438 1808; x_wconf 73' lang='lat' dir='ltr'>exclamationis</span> <span class='ocrx_word' id='word_1_187' title='bbox 465 1777 593 1808; x_wconf 90' lang='lat' dir='ltr'>nomine</span> <span class='ocrx_word' id='word_1_188' title='bbox 625 1776 918 1820; x_wconf 78' lang='lat' dir='ltr'>comprehenditur,</span> <span class='ocrx_word' id='word_1_189' title='bbox 958 1775 1078 1820; x_wconf 79' lang='lat' dir='ltr'>Aquila</span> <span class='ocrx_word' id='word_1_190' title='bbox 1104 1776 1147 1820; x_wconf 86' lang='lat' dir='ltr'>(p.</span> 
     </span>
     <span class='ocr_line' id='line_1_24' title="bbox 197 1837 1148 1881; baseline 0 -12"><span class='ocrx_word' id='word_1_191' title='bbox 197 1838 287 1881; x_wconf 77' lang='lat'>150)</span> <span class='ocrx_word' id='word_1_192' title='bbox 323 1841 522 1870; x_wconf 79' lang='lat' dir='ltr'>aversionem</span> <span class='ocrx_word' id='word_1_193' title='bbox 560 1843 741 1881; x_wconf 80' lang='lat' dir='ltr'>nuncupat,</span> <span class='ocrx_word' id='word_1_194' title='bbox 776 1843 812 1869; x_wconf 90' lang='lat' dir='ltr'>ut</span> <span class='ocrx_word' id='word_1_195' title='bbox 844 1843 877 1869; x_wconf 82' lang='lat' dir='ltr'>et</span> <span class='ocrx_word' id='word_1_196' title='bbox 909 1837 1148 1880; x_wconf 76' lang='lat' dir='ltr'>Quinetilianus</span> 
     </span>
     <span class='ocr_line' id='line_1_25' title="bbox 193 1901 1148 1946; baseline 0 -13"><span class='ocrx_word' id='word_1_197' title='bbox 193 1902 247 1944; x_wconf 82' lang='grc'>(4,</span> <span class='ocrx_word' id='word_1_198' title='bbox 275 1903 312 1942; x_wconf 88' lang='grc'>1,</span> <span class='ocrx_word' id='word_1_199' title='bbox 341 1903 398 1934; x_wconf 78' lang='grc'>65.</span> <span class='ocrx_word' id='word_1_200' title='bbox 425 1903 464 1942; x_wconf 86' lang='grc'>9,</span> <span class='ocrx_word' id='word_1_201' title='bbox 492 1903 531 1941; x_wconf 90' lang='grc'>2,</span> <span class='ocrx_word' id='word_1_202' title='bbox 563 1901 627 1946; x_wconf 83' lang='lat'>58)</span> <span class='ocrx_word' id='word_1_203' title='bbox 653 1913 849 1933; x_wconf 78' lang='lat' dir='ltr'>»sermonem</span> <span class='ocrx_word' id='word_1_204' title='bbox 873 1914 890 1933; x_wconf 85' lang='lat' dir='ltr'>a</span> <span class='ocrx_word' id='word_1_205' title='bbox 907 1913 1046 1946; x_wconf 80' lang='lat' dir='ltr'>persona</span> <span class='ocrx_word' id='word_1_206' title='bbox 1062 1902 1148 1944; x_wconf 87' lang='lat' dir='ltr'>judi-</span> 
     </span>
     <span class='ocr_line' id='line_1_26' title="bbox 194 1965 1150 2010; baseline 0.002 -15"><span class='ocrx_word' id='word_1_207' title='bbox 194 1965 240 1996; x_wconf 87' lang='lat' dir='ltr'>cis</span> <span class='ocrx_word' id='word_1_208' title='bbox 274 1977 459 2006; x_wconf 60' lang='lat' dir='ltr'>aversanum,</span> <span class='ocrx_word' id='word_1_209' title='bbox 508 1966 566 1997; x_wconf 89' lang='lat' dir='ltr'>sed</span> <span class='ocrx_word' id='word_1_210' title='bbox 592 1965 735 1997; x_wconf 87' lang='lat' dir='ltr'>mutandi</span> <span class='ocrx_word' id='word_1_211' title='bbox 767 1966 851 2010; x_wconf 82' lang='lat' dir='ltr'>apud</span> <span class='ocrx_word' id='word_1_212' title='bbox 880 1971 1026 1998; x_wconf 82' lang='lat' dir='ltr'>nostrum</span> <span class='ocrx_word' id='word_1_213' title='bbox 1054 1977 1150 1998; x_wconf 80' lang='lat' dir='ltr'>eausa</span> 
     </span>
     <span class='ocr_line' id='line_1_27' title="bbox 194 2028 1149 2072; baseline 0.002 -12"><span class='ocrx_word' id='word_1_214' title='bbox 194 2028 298 2068; x_wconf 82' lang='lat' dir='ltr'>nulla,</span> <span class='ocrx_word' id='word_1_215' title='bbox 331 2040 428 2072; x_wconf 89' lang='lat' dir='ltr'>quum</span> <span class='ocrx_word' id='word_1_216' title='bbox 455 2029 481 2059; x_wconf 89' lang='lat' dir='ltr'>si</span> <span class='ocrx_word' id='word_1_217' title='bbox 507 2029 683 2061; x_wconf 81' lang='lat' dir='ltr'>orationem</span> <span class='ocrx_word' id='word_1_218' title='bbox 710 2030 749 2061; x_wconf 85' lang='lat' dir='ltr'>ab</span> <span class='ocrx_word' id='word_1_219' title='bbox 784 2041 847 2061; x_wconf 90' lang='lat' dir='ltr'>uno</span> <span class='ocrx_word' id='word_1_220' title='bbox 884 2032 1078 2069; x_wconf 75' lang='lat' dir='ltr'>avertimus,</span> <span class='ocrx_word' id='word_1_221' title='bbox 1109 2030 1149 2062; x_wconf 80' lang='lat' dir='ltr'>ad</span> 
     </span>
     <span class='ocr_line' id='line_1_28' title="bbox 196 2093 826 2124; baseline 0 0"><span class='ocrx_word' id='word_1_222' title='bbox 196 2093 331 2124; x_wconf 78' lang='lat' dir='ltr'>alterum</span> <span class='ocrx_word' id='word_1_223' title='bbox 359 2103 427 2122; x_wconf 84' lang='lat' dir='ltr'>eam</span> <span class='ocrx_word' id='word_1_224' title='bbox 450 2095 592 2124; x_wconf 78' lang='lat' dir='ltr'>converti</span> <span class='ocrx_word' id='word_1_225' title='bbox 619 2105 751 2124; x_wconf 84' lang='lat' dir='ltr'>neeesse</span> <span class='ocrx_word' id='word_1_226' title='bbox 774 2093 826 2124; x_wconf 84' lang='lat' dir='ltr'>sit.</span> 
     </span>
    </p>

    <p class='ocr_par' dir='ltr' id='par_1_9' title="bbox 198 2153 1153 2572">
     <span class='ocr_line' id='line_1_29' title="bbox 267 2153 1152 2198; baseline 0.001 -11"><span class='ocrx_word' id='word_1_227' title='bbox 267 2153 446 2198; x_wconf 78' lang='lat' dir='ltr'>actionem]</span> <span class='ocrx_word' id='word_1_228' title='bbox 481 2155 691 2187; x_wconf 74' lang='lat' dir='ltr'>Ruhnkcnius</span> <span class='ocrx_word' id='word_1_229' title='bbox 721 2156 913 2188; x_wconf 73' lang='lat' dir='ltr'>lllartianum</span> <span class='ocrx_word' id='word_1_230' title='bbox 941 2155 1056 2198; x_wconf 79' lang='lat' dir='ltr'>corrigi</span> <span class='ocrx_word' id='word_1_231' title='bbox 1083 2156 1152 2188; x_wconf 83' lang='lat' dir='ltr'>vult</span> 
     </span>
     <span class='ocr_line' id='line_1_30' title="bbox 198 2217 1152 2262; baseline 0.003 -14"><span class='ocrx_word' id='word_1_232' title='bbox 198 2228 238 2248; x_wconf 81' lang='lat' dir='ltr'>ex</span> <span class='ocrx_word' id='word_1_233' title='bbox 265 2217 403 2262; x_wconf 80' lang='lat' dir='ltr'>Aquila,</span> <span class='ocrx_word' id='word_1_234' title='bbox 433 2217 503 2260; x_wconf 88' lang='lat' dir='ltr'>qui:</span> <span class='ocrx_word' id='word_1_235' title='bbox 533 2218 596 2249; x_wconf 82' lang='lat' dir='ltr'>»sic</span> <span class='ocrx_word' id='word_1_236' title='bbox 624 2219 809 2262; x_wconf 86' lang='lat' dir='ltr'>plerumque</span> <span class='ocrx_word' id='word_1_237' title='bbox 837 2220 1051 2251; x_wconf 72' lang='lat' dir='ltr'>convertimus</span> <span class='ocrx_word' id='word_1_238' title='bbox 1082 2232 1152 2251; x_wconf 84' lang='lat' dir='ltr'>ora-</span> 
     </span>
     <span class='ocr_line' id='line_1_31' title="bbox 198 2281 1153 2327; baseline 0.003 -15"><span class='ocrx_word' id='word_1_239' title='bbox 198 2282 319 2312; x_wconf 78' lang='lat' dir='ltr'>tionem</span> <span class='ocrx_word' id='word_1_240' title='bbox 346 2281 378 2312; x_wconf 90' lang='lat' dir='ltr'>in</span> <span class='ocrx_word' id='word_1_241' title='bbox 398 2292 487 2311; x_wconf 89' lang='lat' dir='ltr'>reum</span> <span class='ocrx_word' id='word_1_242' title='bbox 517 2281 555 2311; x_wconf 79' lang='lat' dir='ltr'>ab</span> <span class='ocrx_word' id='word_1_243' title='bbox 578 2281 704 2322; x_wconf 85' lang='lat' dir='ltr'>judice,</span> <span class='ocrx_word' id='word_1_244' title='bbox 731 2295 827 2325; x_wconf 89' lang='lat' dir='ltr'>quum</span> <span class='ocrx_word' id='word_1_245' title='bbox 855 2283 907 2313; x_wconf 80' lang='lat' dir='ltr'>illa</span> <span class='ocrx_word' id='word_1_246' title='bbox 932 2289 1054 2324; x_wconf 74' lang='lat' dir='ltr'>tamen,</span> <span class='ocrx_word' id='word_1_247' title='bbox 1084 2284 1153 2327; x_wconf 88' lang='lat' dir='ltr'>qui-</span> 
     </span>
     <span class='ocr_line' id='line_1_32' title="bbox 198 2341 1153 2385; baseline 0.002 -11"><span class='ocrx_word' id='word_1_248' title='bbox 198 2343 259 2374; x_wconf 86' lang='lat' dir='ltr'>hus</span> <span class='ocrx_word' id='word_1_249' title='bbox 277 2341 491 2374; x_wconf 76' lang='lat' dir='ltr'>adversarium</span> <span class='ocrx_word' id='word_1_250' title='bbox 511 2341 712 2384; x_wconf 79' lang='lat' dir='ltr'>alloquimur,</span> <span class='ocrx_word' id='word_1_251' title='bbox 727 2343 826 2383; x_wconf 79' lang='lat' dir='ltr'>judici</span> <span class='ocrx_word' id='word_1_252' title='bbox 848 2344 1062 2385; x_wconf 80' lang='lat' dir='ltr'>allegentur«,</span> <span class='ocrx_word' id='word_1_253' title='bbox 1077 2344 1153 2376; x_wconf 85' lang='lat' dir='ltr'>scri-</span> 
     </span>
     <span class='ocr_line' id='line_1_33' title="bbox 199 2403 1153 2448; baseline 0.002 -12"><span class='ocrx_word' id='word_1_254' title='bbox 199 2405 296 2448; x_wconf 80' lang='lat' dir='ltr'>hique</span> <span class='ocrx_word' id='word_1_255' title='bbox 310 2404 404 2445; x_wconf 86' lang='lat' dir='ltr'>jubet</span> <span class='ocrx_word' id='word_1_256' title='bbox 426 2404 622 2442; x_wconf 82' lang='lat' dir='ltr'>orationem,</span> <span class='ocrx_word' id='word_1_257' title='bbox 647 2403 703 2434; x_wconf 83' lang='lat' dir='ltr'>scd</span> <span class='ocrx_word' id='word_1_258' title='bbox 726 2416 906 2446; x_wconf 71' lang='lat' dir='ltr'>perperam,</span> <span class='ocrx_word' id='word_1_259' title='bbox 931 2407 1040 2437; x_wconf 85' lang='lat' dir='ltr'>confer</span> <span class='ocrx_word' id='word_1_260' title='bbox 1057 2407 1153 2438; x_wconf 86' lang='lat' dir='ltr'>modo</span> 
     </span>
     <span class='ocr_line' id='line_1_34' title="bbox 201 2463 1153 2510; baseline 0.002 -14"><span class='ocrx_word' id='word_1_261' title='bbox 201 2465 358 2497; x_wconf 82' lang='lat' dir='ltr'>Rutilium</span> <span class='ocrx_word' id='word_1_262' title='bbox 387 2465 437 2508; x_wconf 89' lang='lat' dir='ltr'>(p.</span> <span class='ocrx_word' id='word_1_263' title='bbox 459 2463 540 2507; x_wconf 86' lang='grc'>75),</span> <span class='ocrx_word' id='word_1_264' title='bbox 571 2463 626 2495; x_wconf 87' lang='lat' dir='ltr'>ubi</span> <span class='ocrx_word' id='word_1_265' title='bbox 658 2464 697 2495; x_wconf 90' lang='lat' dir='ltr'>de</span> <span class='ocrx_word' id='word_1_266' title='bbox 727 2466 894 2497; x_wconf 80' lang='lat' dir='ltr'>metabasi‘:</span> <span class='ocrx_word' id='word_1_267' title='bbox 922 2467 1026 2500; x_wconf 77' lang='lat' dir='ltr'>»aliud</span> <span class='ocrx_word' id='word_1_268' title='bbox 1052 2479 1153 2510; x_wconf 87' lang='lat' dir='ltr'>genus</span> 
     </span>
     <span class='ocr_line' id='line_1_35' title="bbox 203 2527 1152 2572; baseline 0.005 -12"><span class='ocrx_word' id='word_1_269' title='bbox 203 2533 268 2568; x_wconf 84' lang='lat' dir='ltr'>est,</span> <span class='ocrx_word' id='word_1_270' title='bbox 297 2538 395 2572; x_wconf 78' lang='lat' dir='ltr'>quum</span> <span class='ocrx_word' id='word_1_271' title='bbox 417 2528 456 2559; x_wconf 72' lang='lat' dir='ltr'>ad</span> <span class='ocrx_word' id='word_1_272' title='bbox 481 2527 574 2558; x_wconf 76' lang='lat' dir='ltr'>aliam</span> <span class='ocrx_word' id='word_1_273' title='bbox 595 2539 663 2560; x_wconf 89' lang='lat' dir='ltr'>rem</span> <span class='ocrx_word' id='word_1_274' title='bbox 682 2532 715 2560; x_wconf 84' lang='lat' dir='ltr'>et</span> <span class='ocrx_word' id='word_1_275' title='bbox 739 2529 895 2561; x_wconf 80' lang='lat' dir='ltr'>actionem</span> <span class='ocrx_word' id='word_1_276' title='bbox 919 2536 951 2562; x_wconf 83' lang='lat' dir='ltr'>et</span> <span class='ocrx_word' id='word_1_277' title='bbox 976 2532 1152 2565; x_wconf 76' lang='lat' dir='ltr'>orationem</span> 
     </span>
    </p>
   </div>
   <div class='ocr_carea' id='block_1_8' title="bbox 205 2597 583 2623">
    <p class='ocr_par' dir='ltr' id='par_1_10' title="bbox 205 2597 583 2623">
     <span class='ocr_line' id='line_1_36' title="bbox 205 2597 583 2623; baseline 0.005 -2"><span class='ocrx_word' id='word_1_278' title='bbox 205 2597 344 2622; x_wconf 63' lang='lat' dir='ltr'>nostram</span> <span class='ocrx_word' id='word_1_279' title='bbox 369 2603 583 2623; x_wconf 66' lang='lat' dir='ltr'>revocamus«</span> 
     </span>
    </p>
   </div>
   <div class='ocr_carea' id='block_1_9' title="bbox 1199 1212 2155 1446">
    <p class='ocr_par' dir='ltr' id='par_1_11' title="bbox 1199 1212 2155 1446">
     <span class='ocr_line' id='line_1_37' title="bbox 1275 1212 2153 1259; baseline 0 -13"><span class='ocrx_word' id='word_1_280' title='bbox 1275 1212 1486 1259; x_wconf 73' lang='lat' dir='ltr'>addubitatio]</span> <span class='ocrx_word' id='word_1_281' title='bbox 1515 1214 1571 1247; x_wconf 86' lang='lat' dir='ltr'>Sic</span> <span class='ocrx_word' id='word_1_282' title='bbox 1598 1220 1630 1246; x_wconf 89' lang='lat' dir='ltr'>et</span> <span class='ocrx_word' id='word_1_283' title='bbox 1659 1214 1774 1247; x_wconf 90' lang='lat' dir='ltr'>Cicero</span> <span class='ocrx_word' id='word_1_284' title='bbox 1793 1214 1884 1258; x_wconf 79' lang='lat' dir='ltr'>(orat.</span> <span class='ocrx_word' id='word_1_285' title='bbox 1902 1213 1964 1257; x_wconf 77' lang='lat'>40)</span> <span class='ocrx_word' id='word_1_286' title='bbox 1981 1220 2013 1246; x_wconf 83' lang='lat' dir='ltr'>et</span> <span class='ocrx_word' id='word_1_287' title='bbox 2033 1213 2153 1259; x_wconf 78' lang='lat' dir='ltr'>Aquila</span> 
     </span>
     <span class='ocr_line' id='line_1_38' title="bbox 1199 1278 2154 1323; baseline 0.001 -15"><span class='ocrx_word' id='word_1_288' title='bbox 1199 1281 1243 1323; x_wconf 89' lang='lat' dir='ltr'>(p.</span> <span class='ocrx_word' id='word_1_289' title='bbox 1268 1278 1368 1321; x_wconf 61' lang='lat'>151),</span> <span class='ocrx_word' id='word_1_290' title='bbox 1408 1279 1637 1309; x_wconf 79' lang='lat' dir='ltr'>dubitationem</span> <span class='ocrx_word' id='word_1_291' title='bbox 1659 1278 1784 1310; x_wconf 80' lang='lat' dir='ltr'>Auctor</span> <span class='ocrx_word' id='word_1_292' title='bbox 1810 1279 1850 1309; x_wconf 84' lang='lat' dir='ltr'>ad</span> <span class='ocrx_word' id='word_1_293' title='bbox 1873 1278 2075 1308; x_wconf 84' lang='lat' dir='ltr'>Herennium</span> <span class='ocrx_word' id='word_1_294' title='bbox 2100 1278 2154 1320; x_wconf 76' lang='grc'>(4,</span> 
     </span>
     <span class='ocr_line' id='line_1_39' title="bbox 1199 1337 2155 1382; baseline -0.001 -13"><span class='ocrx_word' id='word_1_295' title='bbox 1199 1339 1261 1380; x_wconf 88' lang='grc'>29)</span> <span class='ocrx_word' id='word_1_296' title='bbox 1285 1344 1317 1369; x_wconf 82' lang='lat' dir='ltr'>et</span> <span class='ocrx_word' id='word_1_297' title='bbox 1342 1339 1580 1379; x_wconf 80' lang='lat' dir='ltr'>Quinctilianus</span> <span class='ocrx_word' id='word_1_298' title='bbox 1615 1340 1675 1382; x_wconf 83' lang='grc'>(9,</span> <span class='ocrx_word' id='word_1_299' title='bbox 1699 1339 1739 1378; x_wconf 84' lang='grc'>2,</span> <span class='ocrx_word' id='word_1_300' title='bbox 1763 1339 1826 1377; x_wconf 71' lang='grc'>19,</span> <span class='ocrx_word' id='word_1_301' title='bbox 1853 1351 1886 1381; x_wconf 87' lang='lat' dir='ltr'>p.</span> <span class='ocrx_word' id='word_1_302' title='bbox 1901 1337 2010 1381; x_wconf 80' lang='grc'>592),</span> <span class='ocrx_word' id='word_1_303' title='bbox 2041 1337 2096 1381; x_wconf 87' lang='lat' dir='ltr'>qui</span> <span class='ocrx_word' id='word_1_304' title='bbox 2125 1345 2155 1369; x_wconf 88' lang='lat' dir='ltr'>et</span> 
     </span>
     <span class='ocr_line' id='line_1_40' title="bbox 1200 1400 2153 1446; baseline 0.001 -14"><span class='ocrx_word' id='word_1_305' title='bbox 1200 1402 1312 1433; x_wconf 86' lang='lat' dir='ltr'>eodem</span> <span class='ocrx_word' id='word_1_306' title='bbox 1337 1402 1504 1433; x_wconf 84' lang='lat' dir='ltr'>Ciceronis</span> <span class='ocrx_word' id='word_1_307' title='bbox 1532 1403 1678 1446; x_wconf 82' lang='lat' dir='ltr'>exemplo</span> <span class='ocrx_word' id='word_1_308' title='bbox 1705 1402 1782 1446; x_wconf 87' lang='lat' dir='ltr'>(pro</span> <span class='ocrx_word' id='word_1_309' title='bbox 1805 1401 1956 1434; x_wconf 87' lang='lat' dir='ltr'>Cluentio</span> <span class='ocrx_word' id='word_1_310' title='bbox 1985 1400 2025 1445; x_wconf 84' lang='lat'>1)</span> <span class='ocrx_word' id='word_1_311' title='bbox 2050 1413 2153 1445; x_wconf 86' lang='lat' dir='ltr'>eoque</span> 
     </span>
    </p>
   </div>
   <div class='ocr_carea' id='block_1_10' title="bbox 1200 1463 1722 1508">
    <p class='ocr_par' dir='ltr' id='par_1_12' title="bbox 1200 1463 1722 1508">
     <span class='ocr_line' id='line_1_41' title="bbox 1200 1463 1722 1508; baseline 0.002 -14"><span class='ocrx_word' id='word_1_312' title='bbox 1200 1463 1337 1508; x_wconf 83' lang='lat' dir='ltr'>pleniori</span> <span class='ocrx_word' id='word_1_313' title='bbox 1363 1476 1457 1508; x_wconf 88' lang='lat' dir='ltr'>quam</span> <span class='ocrx_word' id='word_1_314' title='bbox 1479 1470 1590 1495; x_wconf 84' lang='lat' dir='ltr'>noster</span> <span class='ocrx_word' id='word_1_315' title='bbox 1614 1464 1722 1495; x_wconf 87' lang='lat' dir='ltr'>utitur.</span> 
     </span>
    </p>
   </div>
   <div class='ocr_carea' id='block_1_11' title="bbox 1199 1550 2155 1718">
    <p class='ocr_par' dir='ltr' id='par_1_13' title="bbox 1199 1550 2155 1718">
     <span class='ocr_line' id='line_1_42' title="bbox 1274 1550 2152 1597; baseline -0.002 -13"><span class='ocrx_word' id='word_1_316' title='bbox 1274 1565 1333 1596; x_wconf 85' lang='lat' dir='ltr'>pro</span> <span class='ocrx_word' id='word_1_317' title='bbox 1360 1550 1526 1597; x_wconf 80' lang='lat' dir='ltr'>Cornelio]</span> <span class='ocrx_word' id='word_1_318' title='bbox 1559 1553 1633 1585; x_wconf 84' lang='lat' dir='ltr'>Hoc</span> <span class='ocrx_word' id='word_1_319' title='bbox 1663 1564 1791 1596; x_wconf 87' lang='lat' dir='ltr'>quoque</span> <span class='ocrx_word' id='word_1_320' title='bbox 1818 1551 1999 1595; x_wconf 80' lang='lat' dir='ltr'>exemplum</span> <span class='ocrx_word' id='word_1_321' title='bbox 2026 1550 2152 1595; x_wconf 83' lang='lat' dir='ltr'>plenius</span> 
     </span>
     <span class='ocr_line' id='line_1_43' title="bbox 1200 1615 2155 1659; baseline -0.002 -13"><span class='ocrx_word' id='word_1_322' title='bbox 1200 1620 1305 1646; x_wconf 83' lang='lat' dir='ltr'>exstat</span> <span class='ocrx_word' id='word_1_323' title='bbox 1329 1616 1413 1659; x_wconf 80' lang='lat' dir='ltr'>apud</span> <span class='ocrx_word' id='word_1_324' title='bbox 1430 1615 1582 1659; x_wconf 79' lang='lat' dir='ltr'>Aquilam</span> <span class='ocrx_word' id='word_1_325' title='bbox 1598 1616 1640 1659; x_wconf 87' lang='lat' dir='ltr'>(p.</span> <span class='ocrx_word' id='word_1_326' title='bbox 1654 1615 1752 1657; x_wconf 60' lang='lat'>1502</span> <span class='ocrx_word' id='word_1_327' title='bbox 1770 1615 1934 1656; x_wconf 83' lang='lat' dir='ltr'>»Pugnem</span> <span class='ocrx_word' id='word_1_328' title='bbox 1952 1619 2060 1658; x_wconf 82' lang='lat' dir='ltr'>aperte</span> <span class='ocrx_word' id='word_1_329' title='bbox 2081 1624 2155 1645; x_wconf 89' lang='lat' dir='ltr'>con-</span> 
     </span>
     <span class='ocr_line' id='line_1_44' title="bbox 1199 1677 2154 1718; baseline 0 -9"><span class='ocrx_word' id='word_1_330' title='bbox 1199 1684 1247 1710; x_wconf 86' lang='lat' dir='ltr'>tra</span> <span class='ocrx_word' id='word_1_331' title='bbox 1262 1679 1532 1710; x_wconf 77' lang='lat' dir='ltr'>nobilissimorum</span> <span class='ocrx_word' id='word_1_332' title='bbox 1554 1679 1717 1710; x_wconf 86' lang='lat' dir='ltr'>hominnm</span> <span class='ocrx_word' id='word_1_333' title='bbox 1728 1679 1931 1710; x_wconf 67' lang='lat' dir='ltr'>voluntates?</span> <span class='ocrx_word' id='word_1_334' title='bbox 1949 1677 2065 1718; x_wconf 72' lang='lat' dir='ltr'>studIa,</span> <span class='ocrx_word' id='word_1_335' title='bbox 2081 1688 2154 1710; x_wconf 89' lang='lat' dir='ltr'>con-</span> 
     </span>
    </p>
   </div>
   <div class='ocr_carea' id='block_1_12' title="bbox 1200 1740 1926 1785">
    <p class='ocr_par' dir='ltr' id='par_1_14' title="bbox 1200 1740 1926 1785">
     <span class='ocr_line' id='line_1_45' title="bbox 1200 1740 1926 1785; baseline 0 -14"><span class='ocrx_word' id='word_1_336' title='bbox 1200 1741 1287 1781; x_wconf 81' lang='lat' dir='ltr'>silia,</span> <span class='ocrx_word' id='word_1_337' title='bbox 1315 1741 1589 1785; x_wconf 74' lang='lat' dir='ltr'>cogitationesque</span> <span class='ocrx_word' id='word_1_338' title='bbox 1612 1752 1722 1773; x_wconf 90' lang='lat' dir='ltr'>eorum</span> <span class='ocrx_word' id='word_1_339' title='bbox 1748 1740 1926 1784; x_wconf 69' lang='lat' dir='ltr'>aperiam‘P«</span> 
     </span>
    </p>
   </div>
   <div class='ocr_carea' id='block_1_13' title="bbox 1199 1828 2158 2057">
    <p class='ocr_par' dir='ltr' id='par_1_15' title="bbox 1199 1828 2158 2057">
     <span class='ocr_line' id='line_1_46' title="bbox 1276 1828 2157 1874; baseline -0.002 -14"><span class='ocrx_word' id='word_1_340' title='bbox 1276 1828 1504 1874; x_wconf 60' lang='lat' dir='ltr'>interrogatio]</span> <span class='ocrx_word' id='word_1_341' title='bbox 1545 1828 1668 1873; x_wconf 79' lang='lat' dir='ltr'>Aquila</span> <span class='ocrx_word' id='word_1_342' title='bbox 1698 1829 1748 1873; x_wconf 88' lang='lat' dir='ltr'>(p.</span> <span class='ocrx_word' id='word_1_343' title='bbox 1774 1828 1865 1872; x_wconf 87' lang='grc'>151)</span> <span class='ocrx_word' id='word_1_344' title='bbox 1900 1830 2157 1872; x_wconf 56' lang='grc' dir='ltr'>ἰηΐεννοριαίιιηι,</span> 
     </span>
     <span class='ocr_line' id='line_1_47' title="bbox 1201 1891 2158 1936; baseline -0.002 -12"><span class='ocrx_word' id='word_1_345' title='bbox 1201 1893 1288 1936; x_wconf 91' lang='lat' dir='ltr'>quod</span> <span class='ocrx_word' id='word_1_346' title='bbox 1317 1893 1498 1924; x_wconf 74' lang='lat' dir='ltr'>emendavit</span> <span class='ocrx_word' id='word_1_347' title='bbox 1529 1898 1655 1933; x_wconf 87' lang='lat' dir='ltr'>noster,</span> <span class='ocrx_word' id='word_1_348' title='bbox 1685 1892 1864 1924; x_wconf 79' lang='lat' dir='ltr'>Auctorem</span> <span class='ocrx_word' id='word_1_349' title='bbox 1892 1891 1933 1923; x_wconf 87' lang='lat' dir='ltr'>ad</span> <span class='ocrx_word' id='word_1_350' title='bbox 1955 1891 2158 1923; x_wconf 85' lang='lat' dir='ltr'>Herennium</span> 
     </span>
     <span class='ocr_line' id='line_1_48' title="bbox 1200 1952 2154 1998; baseline -0.003 -12"><span class='ocrx_word' id='word_1_351' title='bbox 1200 1954 1253 1997; x_wconf 80' lang='lat'>(4,</span> <span class='ocrx_word' id='word_1_352' title='bbox 1283 1954 1342 1998; x_wconf 83' lang='grc'>15)</span> <span class='ocrx_word' id='word_1_353' title='bbox 1370 1960 1510 1986; x_wconf 87' lang='lat' dir='ltr'>secutus.</span> <span class='ocrx_word' id='word_1_354' title='bbox 1542 1954 1667 1987; x_wconf 84' lang='lat' dir='ltr'>Verum</span> <span class='ocrx_word' id='word_1_355' title='bbox 1692 1965 1757 1985; x_wconf 90' lang='lat' dir='ltr'>non</span> <span class='ocrx_word' id='word_1_356' title='bbox 1781 1953 1957 1997; x_wconf 86' lang='lat' dir='ltr'>simplicem</span> <span class='ocrx_word' id='word_1_357' title='bbox 1981 1952 2154 1994; x_wconf 80' lang='lat' dir='ltr'>interroga·</span> 
     </span>
     <span class='ocr_line' id='line_1_49' title="bbox 1199 2014 2155 2057; baseline -0.002 -11"><span class='ocrx_word' id='word_1_358' title='bbox 1199 2015 1319 2047; x_wconf 88' lang='lat' dir='ltr'>tionem</span> <span class='ocrx_word' id='word_1_359' title='bbox 1348 2015 1589 2057; x_wconf 82' lang='lat' dir='ltr'>intelligendam</span> <span class='ocrx_word' id='word_1_360' title='bbox 1622 2027 1694 2047; x_wconf 86' lang='lat' dir='ltr'>esse</span> <span class='ocrx_word' id='word_1_361' title='bbox 1718 2020 1805 2047; x_wconf 82' lang='lat' dir='ltr'>reete</span> <span class='ocrx_word' id='word_1_362' title='bbox 1832 2019 1958 2055; x_wconf 86' lang='lat' dir='ltr'>monet,</span> <span class='ocrx_word' id='word_1_363' title='bbox 1994 2014 2051 2045; x_wconf 86' lang='lat' dir='ltr'>sed</span> <span class='ocrx_word' id='word_1_364' title='bbox 2071 2025 2155 2051; x_wconf 82' lang='lat' dir='ltr'>eam,</span> 
     </span>
    </p>
   </div>
   <div class='ocr_carea' id='block_1_14' title="bbox 1201 2073 2155 2573">
    <p class='ocr_par' dir='ltr' id='par_1_16' title="bbox 1201 2073 2155 2241">
     <span class='ocr_line' id='line_1_50' title="bbox 1207 2073 2154 2120; baseline -0.003 -14"><span class='ocrx_word' id='word_1_365' title='bbox 1207 2089 1344 2120; x_wconf 78' lang='lat' dir='ltr'>»quae«,</span> <span class='ocrx_word' id='word_1_366' title='bbox 1368 2083 1402 2108; x_wconf 92' lang='lat' dir='ltr'>ut</span> <span class='ocrx_word' id='word_1_367' title='bbox 1428 2077 1535 2108; x_wconf 72' lang='lat' dir='ltr'>verbis</span> <span class='ocrx_word' id='word_1_368' title='bbox 1561 2082 1632 2107; x_wconf 85' lang='lat' dir='ltr'>utar</span> <span class='ocrx_word' id='word_1_369' title='bbox 1654 2076 1821 2108; x_wconf 86' lang='lat' dir='ltr'>Ciceronis</span> <span class='ocrx_word' id='word_1_370' title='bbox 1848 2076 1945 2120; x_wconf 87' lang='lat' dir='ltr'>(orat.</span> <span class='ocrx_word' id='word_1_371' title='bbox 1967 2073 2050 2116; x_wconf 78' lang='lat'>40),</span> <span class='ocrx_word' id='word_1_372' title='bbox 2085 2085 2154 2104; x_wconf 75' lang='lat' dir='ltr'>»ur-</span> 
     </span>
     <span class='ocr_line' id='line_1_51' title="bbox 1201 2133 2155 2181; baseline -0.005 -11"><span class='ocrx_word' id='word_1_373' title='bbox 1201 2144 1309 2181; x_wconf 82' lang='lat' dir='ltr'>geat«,</span> <span class='ocrx_word' id='word_1_374' title='bbox 1332 2138 1383 2169; x_wconf 86' lang='lat' dir='ltr'>vel</span> <span class='ocrx_word' id='word_1_375' title='bbox 1404 2144 1438 2169; x_wconf 90' lang='lat' dir='ltr'>ut</span> <span class='ocrx_word' id='word_1_376' title='bbox 1457 2138 1695 2181; x_wconf 75' lang='lat' dir='ltr'>Quinctilianus</span> <span class='ocrx_word' id='word_1_377' title='bbox 1713 2138 1762 2181; x_wconf 79' lang='lat'>(9,</span> <span class='ocrx_word' id='word_1_378' title='bbox 1784 2138 1818 2177; x_wconf 92' lang='grc'>2,</span> <span class='ocrx_word' id='word_1_379' title='bbox 1836 2138 1875 2177; x_wconf 77' lang='lat'>¹73</span> <span class='ocrx_word' id='word_1_380' title='bbox 1899 2148 1931 2180; x_wconf 84' lang='lat' dir='ltr'>p.</span> <span class='ocrx_word' id='word_1_381' title='bbox 1941 2136 2015 2168; x_wconf 82' lang='grc'>586</span> <span class='ocrx_word' id='word_1_382' title='bbox 2031 2133 2155 2179; x_wconf 82' lang='lat' dir='ltr'>Spald.)</span> 
     </span>
     <span class='ocr_line' id='line_1_52' title="bbox 1203 2201 1498 2241; baseline -0.007 -7"><span class='ocrx_word' id='word_1_383' title='bbox 1203 2201 1328 2241; x_wconf 79' lang='lat' dir='ltr'>scribit,</span> <span class='ocrx_word' id='word_1_384' title='bbox 1356 2201 1498 2233; x_wconf 84' lang='lat' dir='ltr'>»instet.«</span> 
     </span>
    </p>

    <p class='ocr_par' dir='ltr' id='par_1_17' title="bbox 1203 2271 2155 2573">
     <span class='ocr_line' id='line_1_53' title="bbox 1279 2271 2155 2324; baseline -0.006 -16"><span class='ocrx_word' id='word_1_385' title='bbox 1279 2275 1443 2324; x_wconf 82' lang='lat' dir='ltr'>quaesito]</span> <span class='ocrx_word' id='word_1_386' title='bbox 1472 2275 1529 2308; x_wconf 83' lang='lat' dir='ltr'>Sic</span> <span class='ocrx_word' id='word_1_387' title='bbox 1550 2274 1720 2315; x_wconf 79' lang='lat' dir='ltr'>legendum</span> <span class='ocrx_word' id='word_1_388' title='bbox 1738 2284 1810 2304; x_wconf 86' lang='lat' dir='ltr'>esse</span> <span class='ocrx_word' id='word_1_389' title='bbox 1831 2283 1891 2316; x_wconf 88' lang='lat' dir='ltr'>pro</span> <span class='ocrx_word' id='word_1_390' title='bbox 1910 2271 2039 2313; x_wconf 80' lang='lat' dir='ltr'>vulgato</span> <span class='ocrx_word' id='word_1_391' title='bbox 2059 2284 2155 2319; x_wconf 79' lang='lat' dir='ltr'>quae·</span> 
     </span>
     <span class='ocr_line' id='line_1_54' title="bbox 1204 2333 2155 2381; baseline -0.006 -9"><span class='ocrx_word' id='word_1_392' title='bbox 1204 2341 1265 2372; x_wconf 79' lang='lat' dir='ltr'>stio</span> <span class='ocrx_word' id='word_1_393' title='bbox 1285 2340 1353 2381; x_wconf 83' lang='lat' dir='ltr'>jam</span> <span class='ocrx_word' id='word_1_394' title='bbox 1385 2339 1519 2371; x_wconf 88' lang='lat' dir='ltr'>Grotius</span> <span class='ocrx_word' id='word_1_395' title='bbox 1548 2336 1721 2376; x_wconf 83' lang='lat' dir='ltr'>intellexit,</span> <span class='ocrx_word' id='word_1_396' title='bbox 1752 2336 1941 2379; x_wconf 72' lang='lat' dir='ltr'>cori-exique</span> <span class='ocrx_word' id='word_1_397' title='bbox 1972 2347 2012 2367; x_wconf 83' lang='lat' dir='ltr'>ex</span> <span class='ocrx_word' id='word_1_398' title='bbox 2033 2333 2155 2379; x_wconf 83' lang='lat' dir='ltr'>Aquila</span> 
     </span>
     <span class='ocr_line' id='line_1_55' title="bbox 1204 2397 2154 2445; baseline -0.005 -12"><span class='ocrx_word' id='word_1_399' title='bbox 1204 2402 1253 2445; x_wconf 84' lang='lat' dir='ltr'>(p.</span> <span class='ocrx_word' id='word_1_400' title='bbox 1277 2399 1383 2444; x_wconf 77' lang='lat'>155),</span> <span class='ocrx_word' id='word_1_401' title='bbox 1410 2412 1504 2444; x_wconf 88' lang='lat' dir='ltr'>quem</span> <span class='ocrx_word' id='word_1_402' title='bbox 1532 2403 1643 2430; x_wconf 81' lang='lat' dir='ltr'>noster</span> <span class='ocrx_word' id='word_1_403' title='bbox 1665 2397 1705 2429; x_wconf 80' lang='lat' dir='ltr'>ad</span> <span class='ocrx_word' id='word_1_404' title='bbox 1734 2397 1865 2429; x_wconf 83' lang='lat' dir='ltr'>verbum</span> <span class='ocrx_word' id='word_1_405' title='bbox 1891 2398 1958 2429; x_wconf 80' lang='lat' dir='ltr'>sere</span> <span class='ocrx_word' id='word_1_406' title='bbox 1980 2397 2154 2441; x_wconf 70' lang='lat' dir='ltr'>expressit,</span> 
     </span>
     <span class='ocr_line' id='line_1_56' title="bbox 1204 2453 2153 2509; baseline -0.004 -13"><span class='ocrx_word' id='word_1_407' title='bbox 1204 2465 1290 2509; x_wconf 85' lang='lat' dir='ltr'>quod</span> <span class='ocrx_word' id='word_1_408' title='bbox 1309 2470 1414 2495; x_wconf 81' lang='lat' dir='ltr'>tamen</span> <span class='ocrx_word' id='word_1_409' title='bbox 1432 2468 1597 2507; x_wconf 85' lang='lat' dir='ltr'>praeterea</span> <span class='ocrx_word' id='word_1_410' title='bbox 1615 2473 1655 2494; x_wconf 86' lang='lat' dir='ltr'>ex</span> <span class='ocrx_word' id='word_1_411' title='bbox 1673 2461 1786 2493; x_wconf 88' lang='lat' dir='ltr'>eodem</span> <span class='ocrx_word' id='word_1_412' title='bbox 1805 2453 2028 2505; x_wconf 45' lang='lat' dir='ltr'>reponi-jussit</span> <span class='ocrx_word' id='word_1_413' title='bbox 2043 2461 2153 2493; x_wconf 84' lang='lat' dir='ltr'>Ruhn-</span> 
     </span>
     <span class='ocr_line' id='line_1_57' title="bbox 1203 2524 2151 2573; baseline -0.006 -12"><span class='ocrx_word' id='word_1_414' title='bbox 1203 2528 1315 2561; x_wconf 80' lang='lat' dir='ltr'>kenius</span> <span class='ocrx_word' id='word_1_415' title='bbox 1347 2530 1544 2573; x_wconf 68' lang='lat' dir='ltr'>interrogato</span> <span class='ocrx_word' id='word_1_416' title='bbox 1579 2538 1638 2572; x_wconf 81' lang='lat' dir='ltr'>pro</span> <span class='ocrx_word' id='word_1_417' title='bbox 1667 2527 1898 2570; x_wconf 63' lang='lat' dir='ltr'>intenoqanti,</span> <span class='ocrx_word' id='word_1_418' title='bbox 1941 2524 2151 2559; x_wconf 75' lang='lat' dir='ltr'>necessari-nn</span> 
     </span>
    </p>
   </div>
   <div class='ocr_carea' id='block_1_15' title="bbox 1203 2592 1376 2626">
    <p class='ocr_par' dir='ltr' id='par_1_18' title="bbox 1203 2592 1376 2626">
     <span class='ocr_line' id='line_1_58' title="bbox 1203 2592 1376 2626; baseline -0.012 0"><span class='ocrx_word' id='word_1_419' title='bbox 1203 2605 1267 2626; x_wconf 89' lang='lat' dir='ltr'>non</span> <span class='ocrx_word' id='word_1_420' title='bbox 1291 2592 1376 2625; x_wconf 68' lang='lat' dir='ltr'>duxt</span> 
     </span>
    </p>
   </div>
  </div>
 </body>
</html>
