2310 2860
728 141 927 184 Martiani
959 142 1158 198 Capellae
1186 142 1258 185 lib.
1287 143 1405 186 VIII.
1443 147 1474 196 ᾗ.
1499 145 1601 187 855.
2051 151 2142 193 655

184 261 266 287 non
312 247 444 302 magis
487 248 648 288 ratione
696 263 828 303 quam
877 250 1009 290 oculis
1062 251 1345 306 approbatum
1399 252 1520 305 cujus
1566 253 1677 294 ultra
1728 255 1920 309 regulam
1972 264 2010 295 et
2048 256 2138 310 ple-

182 339 369 380 rumque
400 326 596 368 deficiens
627 328 803 369 latitudo
827 344 849 370 a
881 330 1131 386 Cassiope-ae
1162 342 1272 373 astro
1303 332 1346 372 in
1376 333 1614 388 Scorpionis
1648 335 1845 377 aculeum
1878 335 2138 391 longitudine

181 417 493 462 compensatur.

914 543 992 582 DE
1036 542 1400 583 HORIZONTE.

349 646 548 700 Superest
572 646 755 687 circulus
783 646 898 686 solus
930 646 1088 697 finitor,
1121 648 1195 701 qui
1227 663 1279 688 ex
1306 663 1376 700 eo,
1409 649 1524 704 quod
1556 665 1725 706 semper
1756 653 1960 707 surgentis
1985 652 2132 694 deme-
2161 657 2250 699 856

177 726 368 780 antisque
406 727 553 767 mundi
585 728 896 769 diversitatibus
927 729 1138 779 varietur,
1192 738 1354 771 certum
1393 740 1603 771 astrorum
1636 732 1828 774 ordinem
1861 749 1944 774 non
1983 734 2132 789 poterit

175 808 366 848 retinere.

618 937 765 986 QUID
807 938 898 978 SIT
938 938 1123 978 SPATII
1161 938 1346 980 INTER
1386 939 1690 983 CIRCULOS.

337 1041 431 1082 Jam
463 1056 577 1083 nunc
608 1043 714 1084 inter
746 1044 925 1084 circulos
958 1046 1177 1086 universos
1209 1045 1313 1098 quid
1358 1046 1560 1087 interstitii
1598 1047 1666 1089 vel
1703 1049 1824 1103 spatii
1863 1049 2133 1106 intercapedo
2164 1052 2249 1092 857

166 1121 370 1162 naturalis
400 1122 645 1172 immiserit,
689 1137 878 1176 aequum
920 1124 1144 1177 explicare.
1204 1125 1316 1165 Nam
1350 1126 1457 1166 inter
1497 1127 1868 1181 septentrionalem
1902 1129 2127 1181 circulum,

166 1216 296 1257 quem
318 1203 359 1242 in
381 1203 513 1258 spatia
537 1212 630 1243 octo
656 1204 865 1254 resecavi,
897 1213 935 1243 et
959 1205 1065 1244 inter
1089 1204 1344 1245 solstitialem
1374 1206 1595 1260 interpatet
1617 1206 1882 1259 tantundem,
1913 1218 2124 1263 quantum

164 1283 333 1323 interest
369 1284 477 1323 inter
511 1293 602 1323 octo
635 1293 673 1324 et
702 1299 789 1324 sex.
850 1285 964 1324 Nam
1005 1283 1119 1324 idem
1155 1285 1397 1339 interjectus
1437 1287 1577 1342 spatiis
1620 1287 1828 1328 similibus
1867 1289 2127 1341 continetur,

162 1366 204 1405 in
238 1380 325 1420 quo
357 1364 420 1415 fit,
469 1374 515 1405 ut
545 1365 682 1418 major
714 1366 763 1405 sit
799 1366 982 1405 circulus
1014 1366 1066 1405 ab
1100 1366 1248 1406 eodem
1281 1366 1502 1419 interjectu
1541 1367 1633 1421 pari
1672 1368 1805 1421 spatio
1851 1379 1890 1409 et
1932 1371 2126 1424 ejusdem

160 1446 280 1486 tertia
317 1445 520 1500 portione.
591 1444 685 1485 Alia
723 1443 991 1498 intercapedo
1029 1446 1135 1486 inter
1170 1445 1429 1487 solstitialem
1469 1447 1910 1502 aequinoctialemque
1942 1451 2123 1493 circulos

232 1565 443 1610 lonqitudine]
472 1567 679 1605 Lalilucle’ne,
710 1566 795 1609 quod
818 1566 934 1606 legitur
954 1566 986 1596 in
1009 1565 1113 1605 editis,
1242 1567 1328 1597 inter
1361 1572 1429 1598 octo
1459 1572 1489 1597 et
1517 1564 1596 1611 sex]
1636 1567 1913 1610 Praepositionem
1946 1582 1965 1601 a
2005 1570 2122 1604 Grotio

158 1634 301 1671 apertum
335 1640 405 1659 csse
437 1628 562 1658 videtur
591 1627 761 1667 mendum,
806 1639 913 1658 veram
941 1627 1113 1658 lectionem
1163 1626 1340 1666 neglectam
1364 1638 1404 1658 ex
1436 1628 1647 1659 anterioribus
1676 1629 1885 1669 editionibus,
1925 1632 2123 1677 adstipulan-

157 1691 258 1721 codcx
291 1690 721 1721 Ettcnbeinnniinsteriensis
752 1689 913 1733 praebuit,
952 1701 1045 1732 quain
1077 1695 1112 1720 ut
1163 1688 1248 1719 tibus
1287 1689 1382 1720 ctiam
1409 1690 1573 1721 codicibus
1601 1691 1764 1732 omnibus,
1792 1693 1929 1727 restitui.
1966 1695 2120 1728 Ceterum

154 1754 329 1796 intelligas,
364 1754 536 1786 tenendum
565 1760 613 1784 cst
637 1753 829 1784 dimidiatam
854 1758 976 1784 tantum
1001 1752 1111 1785 circuli
1161 1752 1286 1784 diversa
1308 1754 1386 1784 baec
1403 1753 1552 1784 Martia-ni
1569 1754 1648 1785 ratio
1666 1760 1715 1785 cst
1736 1767 1753 1785 a
1771 1756 1922 1799 reliquiS,
1946 1758 2001 1800 qni
2023 1771 2120 1802 quum

154 1817 384 1859 longitudinem
411 1829 573 1860 apparere.
607 1817 719 1848 Possit
749 1823 854 1847 tamen
879 1817 1014 1847 sortasse
1041 1816 1108 1847 vul-
1161 1815 1371 1847 meridianum
1401 1816 1553 1847 circulum
1579 1817 1613 1847 in
1642 1817 1804 1859 sexaginta
1830 1825 1938 1862 partes
1965 1820 2118 1863 dividant,

154 1885 225 1920 gata
249 1890 378 1922 quoquc
407 1879 535 1910 defendi
559 1877 696 1910 Achillis
723 1878 807 1909 Tatii
838 1878 910 1909 loco
944 1878 1042 1921 (isag.
1074 1878 1107 1909 in
1158 1888 1253 1908 senas
1270 1883 1378 1921 partes
1398 1877 1482 1908 inter
1498 1878 1592 1920 polos
1615 1884 1646 1909 ct
1670 1879 1806 1911 circulos
1827 1881 1973 1923 polares,
2003 1883 2118 1925 quinas

152 1941 289 1974 Aratum
315 1954 341 1973 c.
360 1942 424 1981 25,
452 1954 482 1984 p.
503 1942 573 1972 144
599 1941 739 1983 Petam),
767 1940 822 1972 ubi
843 1941 961 1984 pariter
984 1941 1107 1974 zodiaci
1157 1940 1240 1971 inter
1265 1941 1395 1984 polan-es
1421 1946 1453 1971 et
1482 1941 1640 1984 tropicoS,
1668 1948 1838 1985 quaternas
1863 1943 1946 1975 inter
1974 1946 2116 1989 tropicos

152 2004 287 2035 latitudo
311 1998 488 2045 (πλάτος)
518 2002 696 2046 appellatur
721 1999 765 2035 τὸ
796 1999 875 2036 ἀπὸ
902 2001 1104 2048 αἰγοκέρω-
1156 2009 1187 2034 et
1207 2004 1471 2046 aequinoctialem
1492 2005 1708 2045 constituunt,
1740 2011 1775 2037 nt
1793 2007 1946 2038 Manilius
1967 2008 2021 2052 (1,
2042 2010 2116 2040 565

151 2076 219 2104 τος
246 2063 365 2109 μέχρι
399 2062 582 2110 καρκιίὀυ
616 2060 823 2108 διάστημα,
852 2064 968 2107 quihus
998 2065 1102 2096 verbis
1155 2067 1281 2110 sequ.),
1326 2067 1473 2098 Achilles
1508 2069 1622 2099 Tatius
1666 2069 1763 2112 (isag.
1794 2070 1828 2101 in
1867 2069 1959 2102 Arat.
1985 2084 2017 2115 p.
2044 2073 2117 2104 150

149 2129 218 2172 ipsa
251 2128 320 2170 cjns
349 2128 476 2158 dimidia
502 2139 575 2170 pars
603 2128 815 2169 significatui-5
842 2128 893 2160 cni
923 2128 1003 2160 adde
1037 2128 1102 2161 Ge·
1152 2129 1292 2173 Petav.),
1328 2130 1466 2161 Proclus
1501 2131 1560 2174 (de
1590 2132 1722 2175 sphaera
1749 2132 1810 2174 9),
1847 2133 1997 2176 Hyginus
2025 2135 2114 2178 (astr-

149 2190 268 2222 miuum
292 2190 335 2234 (p.
353 2191 400 2222 28
426 2189 561 2232 Petam).
1151 2198 1237 2235 poet.
1265 2194 1304 2232 l,
1337 2194 1376 2233 (33
1415 2206 1446 2237 p.
1471 2194 1545 2225 549
1577 2194 1693 2237 δίειμι),
1730 2200 1824 2238 atque
1848 2196 1942 2227 ctiam
1965 2197 2113 2227 Pseudo·

225 2252 405 2298 inaniiserit]
433 2253 488 2286 Sic
511 2265 569 2297 pro
594 2255 803 2293 immerserit,
831 2253 918 2298 qnod
942 2254 1032 2286 nihili
1051 2260 1100 2286 est
1150 2255 1358 2300 Hipparchus
1377 2256 1417 2287 ad
1431 2256 1568 2288 Aratum
1584 2258 1629 2302 (p.
1647 2258 1720 2289 265
1742 2259 1842 2301 Pet.),
1876 2259 1930 2301 qui
1952 2264 2112 2291 trecentas

148 2317 182 2348 iu
207 2315 318 2355 editis,
352 2326 460 2356 margo
493 2315 647 2347 Grotiana
679 2315 870 2359 codicesque
898 2316 1098 2349 Reichenau-
1151 2319 1315 2360 sexaginta
1347 2324 1454 2362 partes
1484 2321 1576 2361 facit3
1611 2333 1651 2352 ex
1675 2321 1826 2353 Martiani
1857 2322 1980 2353 ratione
2008 2323 2109 2354 hemi-

148 2379 252 2418 cnsis,
288 2378 731 2419 Ettenbcinnnunstericnsis,
769 2385 800 2410 ct
822 2380 1098 2413 Darnistattcnsis.
1149 2382 1304 2426 sphaeriis
1339 2382 1474 2424 singulis
1507 2384 1646 2416 tricenae
1677 2395 1790 2424 senae,
1831 2384 1980 2416 universo
2007 2386 2109 2428 igitur

147 2442 319 2473 Praeterea
343 2439 439 2483 paulo
468 2444 542 2482 post
566 2439 600 2469 in
621 2440 1032 2473 Ettcnlieimmiinsteriensi
1052 2443 1097 2474 lc·
1147 2443 1321 2475 meridiano
1342 2444 1542 2486 septuaginta
1568 2445 1649 2476 duae
1672 2450 1779 2488 partes
1804 2445 1995 2477 tribuuntur.

147 2505 231 2547 gitur
253 2515 391 2550 aequum
411 2508 459 2534 est
474 2513 532 2546 pro
549 2514 686 2549 aequum
705 2504 737 2536 in
752 2505 861 2547 editis,
888 2507 979 2549 cujus
992 2512 1097 2540 tamen
1221 2505 1421 2551 intenjectns]
1449 2507 1499 2539 De
1526 2509 1586 2542 hoc
1615 2507 1769 2541 vocabulo
1792 2507 1863 2541 vide
1887 2506 2103 2553 Stephanium

146 2567 288 2600 mutandi
312 2579 409 2600 causa
432 2578 499 2598 non
525 2572 602 2598 erat.
913 2595 952 2638 ⁴
1148 2570 1199 2614 (ad
1222 2568 1343 2603 Saxon.
1366 2583 1397 2616 p.
1419 2569 1490 2615 19).
