2310 2860
737 139 937 182 Martiani
968 138 1166 196 Capellae
1196 138 1267 180 lib.
1293 137 1369 181 IV.
1401 141 1431 192 ᾗ.
1454 139 1554 181 412.
2041 145 2128 187 575

175 260 298 306 turpe
323 249 573 300 honestum,
605 262 732 289 omne
759 248 920 299 justum
953 245 1203 297 honestum,
1235 246 1405 287 nullum
1436 247 1561 302 igitur
1587 256 1709 303 turpe
1732 249 1906 303 justum.
1955 249 2126 292 Tertius

173 331 327 374 modus
359 341 440 381 est,
482 332 525 371 in
559 344 646 385 quo
677 328 895 369 conficitur
928 343 979 368 ex
1011 329 1254 383 particulari
1285 329 1519 370 dedicativo
1552 339 1591 370 ct
1625 331 1853 373 universali
1887 331 2123 373 abdicativo

173 411 428 467 particulare
460 411 746 452 abdicativum
778 410 1007 460 directum,
1040 419 1086 450 ut
1122 419 1199 450 est:
1233 409 1451 465 quoddam
1482 409 1642 463 justum
1677 409 1924 462 honestum,
1954 411 2124 451 nullum

172 500 297 548 turpe
328 492 580 542 honestum,
628 490 847 546 quoddam
878 490 1006 546 igitur
1038 492 1198 546 justum
1230 507 1314 533 non
1345 501 1406 532 est
1435 500 1571 546 turpe.
1634 491 1824 540 Quartus
1863 490 2016 532 modus
2053 501 2124 542 est,

172 573 214 614 in
250 588 338 629 quo
369 572 588 615 conficitur
618 588 670 614 ex
702 572 948 628 particulari
989 573 1225 615 abdicativo
1258 581 1298 613 et
1328 570 1556 612 universali
1594 569 1829 612 dedicativo
1868 572 2123 626 particulare

173 653 462 695 abdicativum
496 653 729 704 directum,
767 662 814 694 ut
848 662 924 694 est:
957 655 1176 709 quoddam
1206 656 1369 710 justum
1400 668 1484 694 non
1515 661 1574 694 est
1603 662 1749 709 turpe,
1797 667 1925 694 omne
1958 653 2124 694 malum

171 744 317 790 turpe,
356 734 574 790 quoddam
605 734 731 790 igitur
760 734 922 789 justum
951 749 1036 776 non
1068 745 1129 777 cst
1157 735 1337 777 malum.

595 891 674 933 DE
710 890 893 932 PRIMO
931 891 1106 933 MODO
1145 892 1405 935 TERTIAE
1445 892 1702 936 FORMAE.

340 999 511 1040 Tertiae
538 998 703 1039 formae
733 998 898 1052 primus
923 997 1076 1038 modus
1101 1008 1173 1050 est,
1204 999 1246 1039 in
1268 1013 1354 1053 quo
1378 997 1597 1039 conficitur
1621 1012 1677 1039 ex
1701 996 1871 1039 duobus
1896 998 2119 1039 universa·
2149 994 2241 1037 415

168 1079 279 1120 libus
314 1078 557 1120 dedicativis
590 1079 846 1133 particulare
875 1077 1163 1119 dedicativum
1198 1078 1430 1130 directum,
1462 1088 1508 1119 ut
1532 1087 1611 1119 est:
1645 1093 1771 1119 omne
1793 1078 1954 1132 justum
1987 1078 2123 1119 hone-

167 1167 295 1209 stum,
319 1173 447 1200 omne
469 1159 634 1213 justum
657 1158 836 1209 bonum,
860 1158 1079 1213 quoddam
1110 1159 1235 1214 igitur
1259 1160 1485 1200 honestum
1510 1160 1687 1202 bonum.
1719 1159 1940 1208 Secundus
1965 1159 2121 1200 modus

169 1247 242 1290 est,
272 1239 315 1280 in
347 1253 435 1293 quo
460 1238 679 1280 conficitur
706 1254 756 1279 ex
782 1238 1026 1294 particulari
1048 1237 1284 1279 dedicativo
1305 1248 1345 1279 et
1364 1238 1594 1280 universali
1616 1238 1851 1280 dedicativo
1868 1240 2123 1295 particulare

167 1318 457 1359 dedicativum
477 1319 702 1370 directum,
732 1329 780 1360 ut
807 1329 884 1360 est:
905 1320 1121 1374 quoddam
1146 1321 1308 1373 justum
1331 1319 1572 1370 honestum,
1602 1334 1729 1360 omne
1751 1320 1913 1373 justum
1942 1320 2121 1371 bonum,

168 1398 390 1453 quoddam
414 1399 541 1454 igitur
562 1399 788 1439 honestum
815 1399 993 1439 bonum.
1026 1400 1197 1440 Tertius
1222 1399 1376 1440 modus
1398 1409 1476 1450 est,
1515 1400 1558 1439 in
1585 1415 1672 1454 quo
1700 1400 1921 1443 conficitur
1946 1417 1998 1442 ex
2023 1403 2120 1442 uni-

168 1481 322 1522 versali
343 1481 579 1522 dedicativo
604 1490 644 1521 et
665 1481 911 1536 particulari
934 1480 1170 1522 dedicativo
1193 1481 1446 1536 particulare
1466 1480 1752 1521 dedicativum
1774 1482 1874 1522 item
1895 1481 2120 1534 directum,

168 1571 215 1603 ut
244 1571 322 1603 est:
362 1576 490 1602 omne
519 1561 746 1602 honestum
779 1563 962 1616 justum,
1008 1561 1227 1617 quoddam
1259 1562 1484 1602 honestum
1521 1563 1708 1612 bonum,
1745 1563 1964 1617 quoddam
1994 1565 2121 1619 igitur

165 1644 328 1698 justum
358 1643 534 1684 bonum.
595 1642 786 1692 Quartus
816 1641 971 1683 modus
1002 1651 1081 1693 est,
1111 1641 1155 1682 in
1179 1656 1266 1697 quo
1297 1640 1516 1681 conficitur
1540 1655 1593 1681 ex
1623 1641 1855 1682 universali
1883 1641 2119 1685 dedicativo

167 1732 208 1764 et
229 1724 461 1766 universali
491 1722 728 1764 abdicativo
751 1722 1007 1779 particulare
1032 1721 1322 1764 abdicativum
1352 1719 1582 1771 directum,
1613 1728 1660 1760 ut
1690 1728 1767 1760 est:
1800 1735 1926 1762 omne
1953 1722 2117 1776 justum

166 1804 415 1856 honestum,
454 1804 623 1845 nullum
647 1804 809 1858 justum
850 1802 1037 1852 malum,
1072 1802 1290 1857 quoddam
1321 1801 1448 1856 igitur
1469 1799 1695 1841 honestum
1730 1816 1815 1842 non
1848 1811 1908 1843 est
1938 1803 2119 1847 malum.

168 1883 353 1935 Quintus
387 1884 542 1926 modus
580 1894 660 1935 est,
706 1884 752 1925 in
784 1897 872 1938 quo
911 1883 1131 1925 conficitur
1166 1899 1219 1925 ex
1253 1882 1499 1939 particulari
1541 1881 1777 1924 dedicativo
1819 1893 1859 1925 et
1887 1885 2119 1927 universali

166 1964 404 2006 abdicativo
450 1964 705 2020 particulare
757 1963 1044 2004 abdicativum
1089 1963 1323 2015 directum,
1374 1972 1423 2004 ut
1464 1971 1541 2003 est:
1573 1962 1792 2018 quoddam
1836 1964 1998 2017 justum
2037 1964 2120 2006 ho-

165 2055 356 2098 nestum,
395 2046 567 2088 nullum
603 2045 767 2100 justum
804 2043 992 2094 malum,
1040 2043 1258 2098 quoddam
1298 2043 1425 2099 igitur
1462 2042 1689 2083 honestum
1727 2057 1813 2083 non
1844 2051 1903 2084 est
1932 2044 2113 2086 malum.

165 2126 317 2169 Sextus
354 2125 510 2167 modus
546 2134 626 2177 est,
667 2125 710 2166 in
751 2139 838 2179 quo
877 2122 1096 2164 conficitur
1136 2137 1189 2163 ex
1227 2123 1460 2165 universali
1506 2123 1743 2165 dedicativo
1788 2133 1828 2165 et
1871 2126 2117 2180 particulari

166 2207 404 2250 abdicativo
437 2206 694 2263 particulare
729 2204 1014 2246 abdicativum
1057 2203 1289 2256 directum,
1328 2214 1377 2245 ut
1416 2213 1494 2245 est:
1526 2219 1653 2245 omne
1681 2205 1845 2260 justum
1875 2206 2114 2259 honestum,

168 2289 388 2344 quoddam
416 2289 580 2343 justum
611 2302 696 2328 non
727 2296 787 2328 est
820 2287 1010 2338 malurn,
1054 2285 1273 2342 quoddam
1303 2286 1431 2341 igitur
1460 2285 1687 2327 honestum
1724 2302 1808 2328 non
1840 2296 1902 2329 est
1935 2287 2112 2328 malum.

167 2371 330 2413 Omnes
358 2371 484 2426 igitur
509 2370 626 2412 modi
655 2379 820 2412 certum
850 2369 1045 2411 ordinem
1074 2377 1238 2421 tenent,
1269 2366 1550 2423 ejusdemque
1580 2367 1736 2409 ordinis
1766 2367 1872 2411 ratio
1898 2377 1969 2419 est,
2001 2381 2112 2422 quae

165 2450 208 2492 in
237 2450 336 2508 ipsis
365 2449 514 2491 formis
547 2449 832 2492 demonstrata
862 2458 934 2491 est.

236 2577 310 2609 item
339 2571 512 2619 directum]
546 2571 716 2606 omissum
741 2573 826 2619 apud
859 2572 1008 2608 Grotium
1041 2574 1114 2606 item
1164 2570 1290 2605 restitui
1317 2581 1357 2605 ex
1383 2575 1455 2604 ante
1476 2582 1547 2605 eum
1568 2569 1669 2604 editis.
