2310 2860
215 155 305 198 258
787 150 986 194 Martiani
1026 148 1229 206 Capellae
1267 147 1340 190 lib.
1367 147 1423 190 II.
1464 150 1497 202 §.
1519 150 1618 192 195.

587 259 696 301 Octo
727 268 768 301 et
797 258 1001 300 sexcentis
1031 256 1244 307 numeris,
1284 255 1354 297 cui
1387 255 1510 298 litera
1541 256 1649 299 trina

588 338 840 381 Conformat
868 353 1041 381 sacrum
1072 338 1223 380 mentis
1255 352 1491 394 cognomen
1522 348 1563 380 et
1596 354 1736 381 omen.

587 419 657 462 Da
688 430 806 476 pater
835 420 1055 462 aethereos
1087 431 1249 463 mentes
1280 420 1563 462 conscendere
1595 430 1756 472 coetus,

585 500 942 556 Astrigerumque
971 515 1091 542 sacro
1122 501 1202 542 sub
1234 500 1408 541 nomine
1441 515 1616 541 noscere
1645 500 1828 542 coelum.

103 580 190 621 r1971r
358 579 435 621 His
459 578 611 621 auditis
632 579 813 622 deorum
838 581 957 623 sedes
982 582 1097 637 jussa
1122 589 1183 622 est
1207 595 1441 637 permeare.
1472 580 1638 622 Verum
1666 580 1899 623 hemitonio
1916 581 2186 623 sublevatam

112 661 190 702 195
220 661 368 718 Pyrois
400 662 586 703 circulus
624 663 902 716 immoratur,
945 664 988 704 in
1025 676 1112 718 quo
1150 661 1266 702 Jovis
1305 661 1447 702 fuerat
1487 661 1708 702 maximus
1739 660 1944 706 filiorum.
2002 663 2068 705 Ex
2101 676 2189 718 quo

111 745 189 786 196
225 744 383 787 circulo
407 744 524 786 visus
548 745 906 801 Pyriphlegethon
943 744 1079 787 amnis
1111 743 1165 786 ad
1193 743 1330 785 infera
1362 743 1576 785 demeare.
1618 743 1718 794 Quo
1743 753 1999 799 transgresso
2031 746 2191 800 (neque

223 895 350 926 rectum
380 889 493 922 fuisse.
531 889 761 922 Verumtamen
792 889 971 933 intelligere
1003 890 1178 931 debebant,
1231 888 1369 920 (lamium
1387 893 1486 933 patet,
1507 900 1591 933 qnos
1605 887 1839 932 Aegyptiacum
1855 887 1944 921 Solis
1956 900 2073 921 nomen
2085 887 2196 924 ΦΡΗ

223 955 311 999 quod
339 953 528 985 scriberent!

298 1015 446 1063 sacrum]
480 1017 579 1059 Vulg.
606 1028 735 1049 sacrum
769 1030 906 1057 nomen,
941 1029 1117 1062 coynomen
1149 1021 1181 1049 et

223 1093 337 1121 omen,
371 1081 429 1113 sed
458 1082 536 1113 hacc
570 1087 723 1113 annotant
758 1081 845 1114 docti
874 1082 1080 1125 interpretes:
1108 1079 1180 1113 MS.

232 1154 377 1176 ”sacrum
392 1145 507 1175 mentis
529 1154 733 1184 cognomen«
765 1143 828 1174 Est
848 1148 953 1175 autem
971 1145 1032 1174 hoe
1054 1153 1181 1180 nomen,

225 1205 313 1249 quod
345 1204 490 1246 diligenti
524 1204 725 1244 indagatione
751 1203 874 1244 inveni,
920 1204 1053 1245 ΗῩΣ,
1096 1202 1184 1247 quod

224 1266 342 1298 mentis
362 1267 508 1298 affectum
526 1265 686 1309 placidum
707 1266 849 1306 denotat,
871 1271 984 1310 estque
1007 1261 1185 1311 τριγράμ·

225 1341 350 1371 μαῖον
374 1334 406 1360 et
426 1340 630 1360 numerorum
652 1330 737 1360 608.
763 1328 835 1360 Nisi
859 1329 932 1371 quis
960 1328 1069 1362 YI-IZ'
1087 1327 1184 1358 malit.

224 1393 263 1424 Id
284 1392 369 1423 cuim
391 1404 506 1423 nomen
530 1392 658 1422 Baccho
690 1396 841 1434 tauquam
877 1391 1025 1422 humidae
1053 1396 1185 1422 naturae

225 1456 354 1488 domino
377 1455 487 1486 tribuit
510 1455 712 1486 Plutarchus.
746 1454 819 1496 Ego
842 1460 948 1486 tamen
969 1453 1100 1486 alterius
1122 1466 1187 1485 lua-

224 1516 296 1555 lim,
321 1528 386 1560 quo
410 1516 450 1547 sit
474 1518 590 1548 mentis
612 1528 798 1560 coquomen.
837 1516 882 1548 Et
907 1528 984 1548 sane
1008 1516 1048 1548 ab
1073 1516 1188 1548 eodem

224 1579 313 1610 fonte
346 1577 534 1621 Apollinem
564 1575 654 1622 ἤϊον
685 1577 747 1609 dici
773 1577 845 1621 quis
874 1583 924 1609 est
954 1578 1009 1621 qui
1037 1577 1187 1619 ignoret?

226 1638 332 1670 Gnor.
348 1657 396 1661 —
423 1638 632 1670 Vei-siculum
655 1638 726 1682 ipso
760 1650 819 1669 suo
847 1649 927 1670 sono
953 1639 1117 1670 horridum
1139 1649 1189 1670 re-

227 1701 310 1734 ctius
337 1701 418 1732 forte
449 1701 552 1733 codex
577 1700 649 1733 MS.
675 1701 760 1733 hunc
789 1701 822 1733 iu
849 1701 979 1733 modum
1003 1702 1115 1733 refert:

286 1762 492 1805 »Conformat
515 1765 630 1794 mentis
652 1775 782 1795 sacrum
805 1775 979 1807 coqnomen
1005 1770 1036 1796 et
1063 1775 1184 1796 ennena«

228 1825 274 1858 Et
301 1826 343 1858 ita
373 1826 469 1858 etiam
496 1827 599 1859 codex
626 1838 644 1857 a
676 1826 793 1858 Grotio
819 1827 995 1868 adhibitus,
1026 1839 1121 1871 quem
1145 1826 1192 1859 vi-

232 1900 301 1920 rum
320 1902 477 1921 summum
501 1890 627 1932 egregie
653 1889 689 1933 (l)
714 1891 792 1922 hacc
816 1891 1031 1923 illustrantem
1060 1891 1132 1923 vide
1158 1890 1192 1922 in

231 1952 326 1984 notis.
371 1952 480 1985 Aliam
510 1953 606 1994 longe
636 1953 718 1984 iiam
742 1954 776 1985 in
804 1954 994 1986 illustrando
1026 1956 1088 1986 boe
1118 1954 1191 1986 loco

233 2015 396 2057 ingressus
419 2022 469 2047 est
492 2017 644 2048 Bartlnius
666 2017 749 2060 (adv.
770 2017 828 2050 XI.
858 2030 884 2049 c.
907 2019 940 2050 5.
970 2031 999 2061 p.
1024 2018 1111 2060 517)
1137 2017 1193 2061 qui

234 2077 401 2120 Capellam
427 2078 644 2110 Christianum
679 2091 752 2111 csse
784 2079 858 2112 hinc
891 2080 1031 2121 colligit,
1064 2086 1192 2112 rectene

234 2151 275 2172 an
301 2152 394 2171 secus
418 2139 486 2183 ipse
515 2141 643 2175 viderit.
666 2142 768 2174 Boxn.
792 2143 876 2186 (var.
896 2142 969 2175 lect.
1001 2156 1032 2187 p.
1057 2143 1123 2186 58)
1144 2164 1192 2168 —

235 2201 451 2234 Scribendum
483 2202 611 2234 omnino
642 2204 775 2235 „inentis
800 2216 1014 2247 cognomen«,
1047 2205 1134 2248 quod
1160 2205 1193 2236 in

237 2263 303 2294 suis
327 2262 490 2295 codicibus
509 2262 697 2296 invenerunt
719 2265 852 2297 Grotius
876 2273 908 2298 et
935 2267 1135 2299 Bondamius
1162 2272 1194 2299 et

235 2324 269 2356 in
291 2323 456 2356 vossiano
479 2329 591 2355 exstat.
607 2324 731 2357 Auwz.
757 2327 858 2370 (misc.
881 2341 912 2372 p.
935 2328 1023 2372 215)
1041 2349 1089 2354 —-
1124 2327 1194 2361 Ad-

237 2388 313 2419 dere
339 2387 417 2418 licet
441 2400 458 2419 c
476 2388 725 2420 Monacensibus
752 2391 877 2434 plures,
903 2393 1104 2434 Hugianum,
1132 2393 1195 2424 Ba-

237 2449 427 2489 sileenscm,
461 2449 768 2491 Darnistattcnsem,
796 2453 1015 2486 Britannicum
1049 2460 1081 2486 et
1110 2455 1194 2487 Can-

240 2513 473 2554 tabrigienscm.
514 2513 667 2546 Ceterum
698 2520 732 2545 ut
757 2527 822 2546 non
850 2529 931 2558 nego
958 2530 1059 2559 nugas
1091 2518 1194 2560 egisse

243 2573 425 2615 Burthium,
460 2574 504 2606 ita
527 2580 560 2607 et
583 2575 709 2618 egregie
736 2588 860 2621 ,errasse
885 2578 1033 2610 Grotium
1051 2586 1084 2611 et
1107 2580 1194 2612 Bon·

1232 951 1362 983 omnino
1381 951 1519 982 latuerat
1540 950 1581 994 (v.
1598 950 1766 992 Palaeogr.
1781 962 1883 982 ineam
1902 950 1971 983 crit.
1986 950 2046 982 III.
2062 949 2090 995 ξ.
2108 950 2191 982 229.

1231 1013 1290 1045 IV.
1313 1012 1343 1057 ἓ.
1363 1012 1460 1055 588).
1488 1013 1589 1055 Quod
1615 1017 1721 1043 autem
1745 1012 1797 1043 hic
1818 1014 1934 1044 mentis
1951 1024 2125 1056 coynomen
2142 1011 2190 1043 di·

1233 1076 1292 1116 cit,
1322 1077 1384 1107 hoc
1411 1087 1452 1107 cx
1483 1075 1641 1119 superiori
1664 1076 1737 1107 loco
1768 1075 1809 1120 (ἓ.
1836 1076 1922 1119 185)
1956 1076 2192 1114 illustrandum,

1235 1138 1290 1170 ubi
1313 1136 1426 1169 Solem
1448 1139 1563 1168 mentis
1586 1138 1708 1168 sontem
1732 1137 1880 1181 appellat.

1308 1210 1449 1257 memes]
1478 1211 1612 1243 Grotius
1636 1212 1761 1244 mentis.
1783 1229 1830 1234 —-
1861 1211 1926 1244 Vel
1948 1211 2120 1254 legendum
2143 1216 2196 1243 cst

1244 1281 1351 1319 »pater
1370 1275 1521 1315 mentis«,
1552 1274 1585 1306 id
1611 1280 1661 1306 est
1688 1274 1813 1314 mundi,
1844 1274 1896 1306 vel
1917 1275 1976 1306 »da
1997 1279 2088 1319 pater
2107 1285 2195 1307 men·

1236 1344 1313 1370 tes.«
1334 1338 1495 1370 Vac—
1521 1337 1657 1377 Cessat,
1685 1336 1761 1381 quia
1789 1337 1991 1379 Bodlcjanus
2014 1338 2117 1370 codex
2142 1349 2195 1369 ex·

1237 1402 1326 1435 hibet
1353 1406 1499 1439 mentes,
1526 1406 1621 1444 atque
1646 1400 1751 1444 ipsum
1783 1403 1898 1432 mentis
1929 1413 1988 1445 pro
2016 1400 2197 1434 accusatIm

1238 1466 1371 1512 pluralis
1389 1465 1513 1497 numeri
1534 1465 1634 1509 accipi
1651 1471 1768 1509 potest.
1793 1465 1919 1497 Sensus
1937 1470 2001 1496 est:
2021 1466 2091 1497 »Da
2108 1470 2200 1509 pater

1238 1528 1316 1561 mihi
1339 1527 1495 1567 animum,
1530 1532 1565 1558 ut
1594 1538 1692 1558 coner
1720 1526 1894 1558 ascendere
1923 1526 2074 1559 coelum.‹·
2114 1525 2199 1559 Nam

1240 1592 1286 1623 sic
1315 1590 1523 1631 intelligenda
1544 1589 1641 1621 dictio
1669 1594 1720 1620 cst
1743 1589 1837 1621 »darc
1865 1594 2032 1621 mentem«
2076 1589 2200 1622 Confer

1240 1655 1330 1687 illum
1359 1652 1488 1684 Horatii
1519 1653 1566 1698 (in
1589 1664 1639 1698 ep.
1663 1653 1704 1693 2,
1733 1653 1773 1693 2,
1801 1652 1864 1695 56)
1887 1665 2028 1685 versum:

1300 1730 1437 1763 »Verbis
1445 1752 1457 1769 ,
1494 1741 1578 1777 quae
1615 1729 1724 1762 timido
1757 1742 1883 1778 quoqne
1915 1735 2046 1774 possent
2081 1728 2198 1762 addere

1640 1799 1789 1827 mentem.
1799 1808 1810 1822 ιι

1315 1865 1456 1911 nomine]
1482 1865 1571 1908 Lege
1591 1867 1732 1897 numine.
1746 1865 1873 1898 Vos-cn.
1888 1884 1935 1890 —
1952 1864 2115 1910 Equidem
2131 1876 2200 1898 ver-

1243 1930 1335 1970 bum,
1377 1930 1464 1974 quod
1494 1929 1528 1960 in
1558 1929 1706 1961 omnibus
1735 1935 1798 1960 tam
1827 1929 1920 1961 editis
1951 1942 2046 1974 quam
2075 1929 2201 1973 scriptis

1245 1994 1335 2026 libris
1360 1999 1481 2032 exstat,
1506 1993 1668 2035 corrigere
1690 2004 1756 2024 non
1778 2005 1875 2025 ausus
1900 2005 1986 2035 sum,
2014 1991 2201 2038 praesertim

1244 2052 1342 2101 (11111111
1370 2068 1434 2088 VOX
1456 2068 1630 2100 coytlolnen
1655 2056 1837 2101 praecedat.

1317 2129 1452 2176 auditis]
1477 2130 1612 2163 Grotius
1628 2132 1754 2170 audita,
1775 2130 1862 2174 quod
1885 2129 2010 2162 correxi
2029 2141 2047 2161 e
2068 2129 2202 2162 varianti

1244 2193 1381 2226 lectione
1406 2193 1490 2236 apud
1515 2192 1747 2224 §Valthardum
1775 2197 1807 2223 et
1828 2203 1846 2222 c
1870 2191 2051 2223 Basilcensi
2079 2191 2201 2229 codice,

1243 2256 1282 2288 In
1317 2254 1526 2298 sequentibus
1557 2253 1832 2296 Guelferbytanus
1864 2253 1993 2296 quidem
2023 2254 2203 2295 sublevata,

1245 2323 1278 2349 et
1301 2315 1575 2357 Cantabrigiensis
1599 2315 1717 2347 circulo
1739 2314 1909 2358 praebent,
1939 2315 1997 2347 sed
2025 2327 2124 2360 quum
2137 2315 2201 2359 Py-

1245 2378 1312 2411 rois
1337 2377 1458 2422 primus
1484 2377 1525 2408 sit
1546 2380 1657 2416 casus',
1688 2375 1780 2407 male.

1321 2451 1442 2498 infera]
1468 2453 1517 2485 Ita
1545 2465 1604 2498 pro
1630 2452 1787 2485 Grotiano
1817 2451 1906 2496 infra
1938 2453 2058 2485 habent
2091 2452 2201 2486 Mona·

1249 2530 1363 2551 censes
1380 2517 1434 2561 (C.
1446 2517 1488 2549 l).
1501 2517 1553 2560 E),
1577 2516 1862 2557 Reichenauensis,
1881 2516 2071 2557 Basilensis,
2091 2517 2201 2547 Darin-

1249 2580 1430 2620 stuttcnsis,
1465 2579 1737 2624 Guelferbytanus
1769 2585 1852 2611 teste
1879 2578 2008 2620 Cor-tio,
2041 2579 2202 2611 Britanni.
