2310 2860
702 93 902 138 Martiani
933 93 1133 152 Capellae
1163 93 1235 137 lib.
1260 93 1336 137 III.
1365 97 1397 149 ς).
1421 93 1524 139 282.
2012 101 2103 143 ‘295

874 252 955 295 DE
995 252 1362 296 PRONOMINE.

305 361 355 403 In
395 362 594 403 omnibus
634 360 958 414 pronominibus
1003 360 1225 417 singularis
1269 361 1557 403 nominativus
1600 373 1820 420 correptus
1865 366 2096 420 invenltur,
2127 367 2215 410 ‘282

135 443 318 500 exceptis
346 443 517 485 duobus
546 443 872 499 monosyllabis,
903 451 950 483 tu
982 451 1020 483 et
1046 443 1133 497 qui.
1176 442 1398 484 Genitivus
1427 442 1651 498 singularis
1682 445 1701 485 I
1730 446 1797 486 vel
1825 445 1861 487 E
1904 448 2094 503 prolatus

132 522 283 578 longus
315 532 389 574 est,
418 533 464 564 ut
497 524 598 574 mei,
632 538 776 575 meae3
812 521 913 563 alias
943 521 1086 563 brevis
1117 531 1196 573 est,
1230 532 1277 563 ut
1300 523 1425 563 illius.
1456 523 1639 565 Dativus
1670 524 1893 580 singularis
1924 543 2096 584 semper

131 603 365 659 productus
385 613 456 656 est,
488 613 535 645 ut
558 613 720 656 nostr03
753 602 936 658 exceptis
963 602 1083 654 mihi,
1116 603 1203 653 tibi,
1237 602 1330 653 sibi,
1360 616 1471 657 quae
1492 603 1781 647 indill'erenter
1806 607 2090 664 accipiuntur.

130 686 412 727 Accusativus
453 686 674 742 singularis
706 685 955 741 corripitur,
1006 693 1054 725 ut
1091 684 1238 735 illum,
1287 684 1470 740 exceptis
1502 699 1594 736 me,
1638 695 1697 738 te,
1738 702 1796 728 se.
1855 689 2092 732 vocativus

129 764 351 820 singularis
383 782 407 808 a
438 765 699 808 nominativo
723 781 800 807 suo
824 781 909 807 non
935 764 1134 806 dissentit.
1172 764 1396 806 Ablativus
1418 766 1641 822 singularis
1664 768 1814 825 longus
1840 780 1927 821 est,
1959 780 2006 812 ut
2037 771 2091 813 ab

126 846 210 889 illo.
269 849 573 890 Noniinativus
609 858 648 890 et
680 849 944 890 accusativus
975 847 1162 903 plurales
1198 856 1299 888 tunc
1329 856 1494 889 tantum
1528 850 1840 906 corripiuntur,
1881 867 2021 908 quum
2051 854 2093 895 A·

128 929 286 971 fuerint
330 930 566 980 terminati,
611 939 660 971 ut
704 939 858 971 nostra.
934 930 1159 970 Genitivus
1207 928 1383 984 pluralis
1431 945 1660 986 nunquam
1712 933 1988 988 producitur,
2040 945 2088 976 ut

125 1010 314 1053 illorum.
371 1011 553 1053 Dativus
591 1021 631 1052 ct
677 1010 885 1053 ablativus
925 1009 1112 1066 plurales
1150 1011 1184 1052 is
1230 1010 1444 1053 terminati
1483 1012 1804 1068 producuntur3
1861 1014 1941 1056 bus
1983 1013 2086 1057 finiti

129 1090 429 1147 corripiuntur.

926 1199 1006 1241 DE
1049 1200 1263 1243 VERBO.

294 1301 343 1344 In
383 1303 582 1345 omnibus
621 1304 783 1356 verbis,
827 1303 988 1357 modis,
1037 1307 1324 1361 temporibus,
1370 1310 1583 1363 numeris,
1627 1301 1842 1366 p'ersonis,
1887 1312 2088 1369 conjuga-
2118 1316 2207 1361 285

123 1383 307 1425 donibus
346 1383 453 1425 haec
491 1385 716 1427 uniformis
756 1395 817 1426 est
852 1386 970 1426 ratio.
1041 1386 1342 1441 Quaecunque
1380 1403 1563 1442 persona
1601 1389 1639 1429 A
1676 1389 1808 1431 fuerit
1847 1391 2086 1444 terminata,

125 1464 400 1520 producitur,
432 1475 480 1506 ut
510 1475 643 1507 canta.
701 1466 737 1507 E
761 1465 876 1507 finita
907 1465 1049 1508 brevis
1075 1475 1156 1519 est,
1186 1475 1233 1507 ut
1262 1466 1374 1523 lege,
1404 1468 1484 1508 nisi
1515 1482 1538 1508 a
1569 1468 1756 1509 secunda
1788 1471 2083 1526 conjugatione

121 1546 280 1597 veniat,
310 1554 358 1587 ut
387 1545 512 1599 doce3
547 1555 650 1587 tunc
680 1547 792 1587 enim
823 1546 949 1602 longa
984 1555 1055 1586 est.
1100 1546 1120 1586 I
1152 1548 1376 1589 terminata
1404 1563 1586 1603 persona
1617 1564 1786 1605 semper
1817 1551 2084 1607 producitur,

119 1635 167 1667 ut
195 1627 323 1668 nutri.
371 1627 410 1668 O
434 1641 546 1683 quae
577 1626 744 1680 finitur,
776 1637 970 1683 correpta
1001 1636 1081 1678 est,
1113 1636 1161 1667 ut
1190 1626 1341 1679 audio;
1372 1627 1468 1667 licet
1499 1629 1724 1670 auctoritas
1753 1639 1792 1670 et
1821 1631 1864 1671 in
1902 1631 1966 1672 his
1997 1632 2083 1674 dis-

121 1717 275 1764 crepet.
338 1708 454 1751 Nam
493 1709 659 1765 primae
698 1708 1005 1765 conjugationis
1044 1707 1232 1764 primam
1269 1723 1497 1764 personam
1529 1708 1735 1764 Virgilius
1766 1710 1939 1766 longam
1967 1712 2082 1764 facit,

119 1799 167 1831 ut
195 1799 345 1841 „canto
385 1805 498 1846 quae
541 1791 737 1842 solitus“,
777 1800 817 1831 et
854 1799 996 1842 „terra
1034 1790 1110 1831 tibi
1149 1789 1349 1831 mando.“
1415 1790 1584 1848 Tamen
1622 1792 1922 1847 monosyllaba
1952 1795 2081 1836 etiam

119 1869 396 1926 producenda
433 1880 552 1923 sunt,
597 1880 644 1911 ut
682 1870 757 1922 do,
799 1879 883 1921 sto,
930 1869 998 1910 flo.
1073 1870 1116 1911 V
1154 1872 1378 1913 terminata
1425 1886 1607 1927 persona
1654 1872 1920 1928 producitur.
1993 1875 2079 1916 Am

119 1966 231 2008 quae
260 1952 426 2004 finitur,
465 1951 610 1993 brevis
641 1960 721 2002 est,
760 1960 808 1992 ut
837 1950 1044 2006 legebam.
1114 1952 1178 1993 Or
1208 1951 1325 1993 finita
1356 1953 1606 2008 corripitur,
1654 1963 1701 1994 ut
1730 1953 1860 2010 legor.
1906 1956 1934 1997 S
1959 1955 2081 1999 litera

115 2034 341 2075 terminata
382 2033 517 2075 verba
555 2032 877 2088 producuntur,
925 2034 958 2074 si
998 2034 1235 2089 penultima
1272 2034 1393 2076 litera
1431 2035 1470 2075 A
1496 2034 1566 2077 vel
1600 2035 1636 2076 E
1666 2035 1822 2089 fuerit,
1864 2046 1912 2078 ut
1946 2052 2079 2091 amaS,

115 2115 258 2169 doces3
309 2125 485 2172 excepto
532 2114 830 2170 monosyllabo
863 2130 926 2166 es,
966 2124 1005 2155 et
1036 2115 1083 2155 iis
1114 2129 1226 2170 quae
1260 2131 1313 2157 ex
1346 2130 1396 2156 eo
1426 2114 1554 2167 fiunt,
1592 2124 1639 2156 ut
1667 2116 1780 2158 ades.
1842 2117 1886 2158 Si
1921 2133 2026 2160 vero
2056 2119 2077 2159 I

118 2205 212 2237 ante
243 2197 270 2238 S
302 2196 524 2248 habuerit,
571 2196 819 2252 corripitur,
861 2205 908 2237 ut
936 2196 1059 2252 legis,
1097 2196 1252 2252 legitis3
1304 2205 1482 2252 excepta
1522 2195 1710 2237 secunda
1746 2211 1928 2251 persona
1964 2198 2074 2238 indi-

115 2276 239 2319 cativi
266 2278 384 2320 modi
430 2278 632 2334 temporis
671 2278 902 2334 praesentis
947 2279 1120 2321 numeri
1160 2276 1384 2333 singularis
1429 2292 1454 2320 a
1485 2278 1607 2320 tertia
1642 2278 1937 2334 conjugatione
1968 2293 2071 2334 pro—-

189 2412 311 2455 primae
342 2411 593 2458 conjnyationis]
628 2413 759 2447 Omissa
793 2413 879 2458 apud
913 2413 1065 2448 Grotium
1115 2412 1252 2455 Virgilio
1274 2411 1346 2455 (ecl.
1365 2412 1405 2453 2,
1429 2411 1508 2457 25),
1533 2411 1618 2445 unde
1641 2412 1693 2456 (8,
1718 2411 1780 2456 95)
1806 2416 1838 2444 et
1860 2411 1992 2444 alterum
2015 2423 2067 2445 cx-

115 2472 261 2516 supplcvi
288 2484 304 2504 e
330 2473 576 2505 Damnstattensi
602 2481 634 2506 et
657 2475 915 2508 Reiclienauensi
950 2477 1065 2509 codici-
1115 2475 1254 2519 emplum
1274 2473 1411 2517 repetiit.

115 2535 185 2567 bus.
227 2534 264 2567 In
287 2534 389 2579 primo
424 2535 569 2580 exemplo
603 2536 774 2579 legendum
802 2544 896 2571 canto
920 2551 961 2571 ex
990 2540 1061 2583 ipso
1186 2550 1206 2569 a
1224 2535 1331 2583 tertia]
1355 2537 1444 2582 Lege
1463 2550 1500 2570 »a
1520 2539 1616 2571 tertia
1633 2535 1857 2578 conjugatione
1876 2534 2059 2580 producta«
