2310 2860
671 179 871 222 Martiani
902 178 1101 237 Capellae
1130 179 1201 221 lib.
1230 178 1306 221 IV.
1335 178 1487 232 §.548

1964 182 2051 224 5¹11

103 287 329 344 proprium
360 302 464 330 vero
501 286 555 329 ab
595 287 807 329 omnibus.
868 288 984 329 Nam
1022 301 1161 342 quum
1204 286 1425 327 hominem
1465 300 1489 328 a
1530 286 1650 327 leone
1694 303 1771 344 per
1810 289 2054 331 violentiam

101 369 290 411 volentes
311 369 550 411 discernere
573 369 823 420 dixerimus,
855 369 972 425 quod
1002 369 1067 410 leo
1098 368 1213 410 ferus
1247 377 1328 420 est,
1358 367 1488 408 homo
1517 378 1660 410 autem
1690 371 1814 421 mitis,
1848 371 1889 411 id
1914 372 2054 413 solum

102 450 303 492 videmur
336 451 602 502 discernere,
638 450 754 506 quod
779 450 833 491 ad
862 460 1107 506 susceptum
1130 450 1345 506 negotium
1378 451 1566 506 pertinet.
1600 451 1792 494 Dicendo
1824 453 1956 493 enim:
1989 453 2054 493 leo

101 533 218 574 ferus
246 543 326 585 est,
356 532 489 574 homo
521 533 654 583 mitis,
697 547 775 573 nee
802 530 1031 573 hominum
1063 532 1117 574 ab
1148 531 1236 573 aliis
1269 531 1441 572 mitibus
1472 532 1747 584 animalibus,
1780 548 1858 573 nee
1888 533 2056 574 leonem

103 627 127 654 a
161 613 307 654 ceteris
338 613 477 654 bestiis
508 613 795 668 sejunximus3
854 612 960 655 dum
1003 629 1107 655 vero
1149 613 1371 654 hominem
1407 611 1566 654 risibile
1603 611 1762 654 animal
1805 612 2055 663 dixerimus,

101 708 151 734 eo
182 707 206 735 a
239 702 477 736 ceterorum
509 695 790 737 animantium
819 694 1089 751 generalitate
1119 694 1460 738 discreverimus.

812 860 893 903 DE
933 859 1335 903 DEFINITIONE.

268 965 466 1007 Definitio
490 975 568 1018 est,
601 980 740 1022 quum
765 967 957 1008 involuta
989 967 1329 1023 uniuscujusque
1360 967 1421 1008 rei
1451 967 1594 1009 notitia
1625 976 1769 1023 aperte
1794 980 1842 1008 ae
1867 966 2054 1008 breviter
2083 971 2176 1015 549

99 1047 347 1102 explicatur.
404 1048 453 1088 In
484 1047 563 1088 hae
595 1048 674 1089 tria
706 1047 880 1090 vitanda
909 1058 1027 1090 sunt:
1063 1065 1116 1090 ne
1148 1048 1254 1104 quid
1284 1048 1465 1100 falsum,
1504 1064 1557 1090 ne
1589 1048 1694 1104 quid
1725 1049 1835 1104 plus,
1867 1063 1919 1089 ne
1951 1049 2057 1103 quid

96 1127 240 1168 minus
261 1125 531 1182 significetur.
574 1127 751 1169 Falsum
783 1137 843 1169 est
868 1128 951 1171 hoe
982 1129 1132 1171 modo:
1158 1130 1290 1172 homo
1315 1141 1374 1172 est
1399 1131 1557 1171 animal
1581 1130 1823 1171 immortale
1848 1139 1921 1170 aut
1950 1130 2059 1170 irra-

96 1207 264 1249 tionale.
319 1207 531 1258 Quamvis
562 1208 673 1249 enim
707 1208 839 1250 homo
871 1224 959 1251 esse
994 1210 1152 1252 animal
1185 1223 1337 1253 verum
1369 1209 1440 1260 sit,
1483 1209 1640 1250 salsum
1670 1218 1815 1250 tamen
1853 1219 1934 1261 est,
1973 1210 2058 1250 im-

99 1289 326 1330 mortalem
347 1299 420 1330 aut
440 1290 729 1332 irrationalem
753 1306 853 1332 esse.
884 1292 984 1332 Plus
1008 1301 1067 1332 est
1094 1291 1176 1333 hoe
1204 1290 1352 1331 modo:
1375 1289 1506 1330 homo
1531 1297 1591 1330 est
1612 1288 1769 1330 animal
1788 1291 1981 1331 mortale.
2007 1291 2063 1331 Et

98 1371 180 1412 hoc
207 1371 335 1421 enim,
361 1372 562 1425 quamvis
589 1371 776 1412 breviter
794 1371 956 1412 dietum
979 1371 1043 1418 sit,
1072 1369 1167 1422 plus
1194 1378 1336 1410 tamen
1360 1380 1440 1421 est,
1473 1370 1590 1424 quod
1614 1369 1667 1411 ad
1691 1371 1834 1412 omnia
1860 1371 2062 1412 animalia

98 1451 290 1505 pertinet.
348 1451 491 1492 Minus
517 1451 774 1506 significatur
799 1451 881 1492 hoe
906 1450 1054 1491 modo:
1088 1450 1218 1491 homo
1243 1462 1305 1493 est
1336 1452 1491 1492 animal
1515 1453 1857 1506 grammaticum.
1890 1452 2060 1501 Quam-

99 1532 162 1573 vis
186 1532 300 1571 enim
318 1546 402 1572 non
426 1532 478 1571 sit
500 1532 578 1571 nisi
600 1531 731 1572 homo
756 1531 914 1573 animal
939 1532 1283 1587 grammaticum,
1309 1547 1394 1573 non
1418 1542 1562 1573 tamen
1586 1533 1723 1573 omnis
1750 1533 1881 1574 homo
1913 1547 2059 1588 gram-

98 1612 291 1653 maticus.
332 1611 533 1653 Definitio
560 1611 684 1666 plena
705 1620 765 1652 est
792 1611 874 1653 hoe
898 1611 1048 1652 modo:
1075 1611 1207 1653 homo
1235 1622 1296 1653 est
1322 1613 1479 1653 animal
1504 1613 1706 1653 rationale
1740 1615 1930 1655 mortale.
1971 1614 2061 1655 Ad-

96 1694 236 1737 dendo
263 1695 377 1736 enim
409 1694 589 1735 mortale
618 1694 914 1750 separavimus
940 1709 964 1735 a
986 1693 1063 1735 diis
1073 1709 1086 1748 3
1118 1692 1313 1734 addendo
1338 1692 1542 1734 rationale
1574 1693 1870 1748 separavimus
1895 1709 1917 1735 a
1947 1695 2061 1736 feris.

170 1802 368 1849 violentiam]
392 1803 441 1835 Ita
466 1815 537 1835 cum
557 1803 652 1835 editis
670 1803 820 1836 Grotius:
837 1803 895 1834 sed
913 1803 952 1834 ad
970 1814 1050 1834 mar-

99 1865 204 1908 ginem
232 1867 391 1910 adscripta
416 1867 512 1899 lectio
539 1868 671 1911 praebet
698 1865 929 1910 differentiam,
957 1877 1052 1909 quam

98 1935 131 1961 et
157 1930 284 1962 codices
305 1930 596 1970 Reichenauensis‚
621 1929 903 1968 Darmstattensis‚
929 1934 961 1960 et
982 1930 1052 1960 Μο-

97 1993 244 2025 nacensis
270 1992 324 2037 (F)
345 1993 473 2024 hahent.
509 1992 671 2035 Quoniam
705 1999 811 2024 autem
840 1991 1054 2035 supplendum

97 2054 223 2086 videtur
258 2055 380 2094 leonis,
419 2054 607 2095 lectionem,
647 2065 729 2098 quae
767 2053 801 2085 in
838 2052 933 2085 editis
969 2058 1052 2094 erat,

97 2116 244 2161 praetuli.

172 2178 324 2225 definitio]
351 2177 478 2211 Auctor
502 2179 541 2210 ad
563 2178 764 2211 Herennium
790 2178 844 2223 (4,
866 2178 943 2221 25)=
969 2178 1052 2210 »De-

99 2240 199 2273 finitio
222 2246 272 2273 est
291 2253 372 2285 quae
391 2241 439 2273 rei
458 2241 592 2284 alicujus
616 2241 761 2285 proprias
780 2240 981 2284 amplectitur
995 2252 1052 2284 po·

100 2309 232 2335 testates
258 2305 396 2336 breviter
418 2310 450 2336 et
472 2306 643 2337 absolute«
684 2304 799 2337 Cicero
828 2304 888 2349 (de
919 2309 996 2336 orat.
1019 2305 1052 2345 1,

99 2364 176 2407 42):
207 2364 285 2396 „Est
308 2365 392 2396 enim
415 2365 556 2397 definitio
581 2378 688 2398 earum
713 2378 835 2406 rerum,
870 2377 951 2410 qnae
978 2371 1053 2398 sunt

100 2425 170 2468 ejus
200 2425 247 2456 rei
281 2425 445 2470 propriae,
474 2438 568 2470 quam
595 2428 725 2460 definire
751 2428 915 2469 volumus,
948 2429 1052 2460 brevis

100 2495 133 2521 et
145 2490 385 2532 circumscripta
399 2489 553 2532 quaedam
571 2491 767 2534 explieati0.«
794 2491 885 2524 Idem
899 2491 961 2524 alio
978 2492 1051 2525 loco

100 2551 153 2594 (2,
178 2550 239 2593 20)
264 2550 466 2583 uvel-borum«
490 2551 592 2595 inquit
622 2552 854 2595 »definitiones7
878 2554 912 2586 in
935 2554 1051 2598 quibus

101 2624 205 2658 neque
221 2615 330 2648 abesse
354 2614 527 2659 quidquam
551 2615 641 2648 dccet
666 2628 770 2662 neque
791 2618 1002 2653 redundarem

1177 1806 1209 1833 et
1225 1798 1296 1845 hoc]
1313 1798 1369 1833 Sic
1383 1799 1589 1832 Monacensis
1600 1800 1662 1844 (F).
1673 1800 1712 1832 In
1728 1800 1822 1832 editis
1838 1801 1920 1833 male
1939 1813 1981 1834 ex
1992 1803 2061 1836 hoe.

1176 1859 1433 1906 grammaticum]
1461 1861 1552 1893 Haec
1570 1861 1672 1893 finitio
1697 1862 1769 1894 ideo
1789 1862 1870 1894 falsa
1890 1869 1955 1904 est,
1987 1864 2062 1908 quia

1102 1938 1219 1969 genere
1247 1931 1280 1957 et
1302 1927 1497 1970 proprietate
1529 1931 1672 1965 constat,
1708 1937 1774 1957 non
1797 1938 1914 1970 yenere
1941 1933 1974 1959 et
2000 1927 2060 1971 elif·

1101 1984 1258 2029 feremia3
1290 1989 1377 2033 quod
1401 1988 1543 2032 postulat
1565 1989 1764 2032 Porphyrius
1789 1989 1923 2033 (isagog.
1942 1992 1978 2032 5,
2006 1990 2061 2035 7)=

1103 2053 1144 2087 οἰ
1162 2063 1203 2087 τε
1225 2049 1310 2099 ὅροι
1336 2048 1592 2086 ἀποδίδονται
1622 2052 1662 2087 ἐκ
1690 2050 1834 2097 γένους
1858 2050 1968 2093 ὄντες
1996 2052 2061 2088 καὶ

1103 2114 1184 2150 τῶν
1208 2112 1397 2150 τοιούτων
1416 2114 1628 2162 διαφορῶν.
1666 2114 1881 2147 Grammatica
1911 2117 1994 2148 enim
2016 2118 2061 2148 sa-

1104 2179 1205 2211 cultas
1235 2179 1311 2211 licet
1334 2179 1463 2223 propria
1484 2179 1525 2210 sit
1546 2178 1682 2219 homini,
1712 2183 1818 2211 tamen
1846 2191 1911 2211 non
1939 2187 1988 2211 est
2015 2179 2060 2214 εἱ-

1104 2239 1266 2282 ὃοποιὸς
1292 2239 1478 2288 διαφορὰ,
1504 2247 1541 2274 ut
1570 2242 1655 2286 apud
1677 2242 1814 2275 eundem
1837 2247 1902 2283 est,
1931 2240 2057 2287 ὥςπερ

1104 2303 1320 2352 ἄνθρωπος
1356 2304 1483 2340 ἵππου
1519 2303 1701 2353 εἰὸοποιῷ
1736 2305 1906 2354 διαφορᾷ
1939 2301 2059 2348 διενή-

1102 2381 1202 2415 νοχε
1228 2367 1275 2415 τῇ
1295 2366 1367 2403 τοῦ
1391 2367 1550 2414 λογικοῦ
1574 2365 1764 2414 ποιότητι.

1176 2428 1320 2474 mortale]
1347 2430 1484 2463 Mortale
1511 2431 1555 2461 ait
1586 2430 1782 2470 addendum,
1812 2435 1849 2461 ut
1873 2440 1891 2460 a
1916 2427 1976 2459 diis
2007 2438 2055 2459 se·

1102 2497 1239 2536 paretur.
1265 2491 1347 2523 Nam
1370 2491 1414 2523 dii
1433 2491 1580 2523 animalia
1597 2491 1783 2523 Platonicis.
1809 2489 1933 2521 Eodem
1958 2488 2073 2520 mo<lo=

1102 2554 1302 2598 Porphyrius
1336 2551 1424 2601 περὶ
1456 2551 1804 2601 κατηγορημάτωνε
1842 2548 1865 2595 ἡ
1904 2549 1944 2586 δὲ
1987 2548 2058 2585 τοῦ

1103 2616 1255 2663 θνητοῦ
1290 2614 1354 2654 καὶ
1383 2614 1588 2654 ἀθανάτου
1626 2611 1794 2664 διαφορὰ
1826 2610 1888 2648 καὶ
1924 2609 1948 2658 ἦ
1985 2612 2056 2648 τοῦ
