2310 2860
713 140 911 180 Martiani
944 139 1142 195 Capellae
1172 140 1244 181 lib.
1265 140 1341 182 VI.
1380 143 1411 192 §.
1432 142 1534 182 595.

2016 144 2104 188 497

148 243 405 286 Alexandria
441 244 564 285 ctiam
602 244 800 301 Canopus
834 255 986 301 quarta
1017 254 1134 301 parte
1166 246 1368 287 interstitii
1399 248 1503 302 signi
1535 248 1660 289 unius
1691 249 1803 291 ultra
1833 260 1963 291 terras
1995 255 2100 292 omi-

147 335 262 376 neat,
301 326 570 381 Trioncsque
601 327 789 381 geminos
827 336 874 368 ut
903 326 1071 367 devexa
1102 341 1186 366 non
1218 336 1384 378 cernat3
1426 342 1564 381 quum
1599 328 1640 368 in
1676 328 1832 371 Arabia
1863 330 2101 373 Novembri

147 421 293 447 mense
332 407 412 447 sub
453 408 582 448 noctis
624 407 808 463 auspicio
849 407 994 448 Helice
1037 420 1120 446 non
1153 415 1372 460 conspecta
1412 406 1596 448 secunda
1627 408 1767 463 vigilia
1797 420 2101 467 prospectetur‚

147 488 187 527 in
229 488 374 529 Meroe
413 488 583 528 solstitio
624 498 789 529 tantum
833 487 1073 541 exiguaque
1118 486 1323 527 brevitate
1369 488 1646 543 conspicitur,
1689 489 1764 530 ubi
1805 491 1913 531 circa
1954 500 2098 534 ortum

147 568 318 609 Arcturi
348 583 448 610 culn
480 569 547 610 die
582 569 790 620 nascitur,
840 581 951 621 quae
982 566 1081 606 item
1113 566 1155 607 in
1181 567 1301 609 India
1334 569 1579 611 Patavitano
1614 580 1739 627 portu
1769 573 1907 628 prima
1934 582 2097 614 tantum

147 659 265 705 parte
296 651 429 691 noctis
463 649 711 705 adspicitur,
742 649 784 689 in
817 662 904 703 qua
936 648 1061 688 etiam
1085 649 1126 688 in
1156 647 1297 689 Maleo
1323 660 1465 691 monte
1491 650 1735 705 quindecim
1760 660 1924 692 tantum
1948 652 2099 693 diebus

148 731 298 771 annuis
337 731 526 784 vidctur3
566 731 661 786 quis
692 730 816 785 igitur
851 729 1012 770 dubitet
1051 727 1163 781 globi
1197 727 1436 770 devexioris
1477 731 1674 786 oppositu
1713 732 1794 774 alia
1828 733 2099 789 inconspicua

147 810 238 852 ficri
269 822 396 867 atque
431 812 511 853 alia
542 812 660 853 velut
682 810 888 866 sphaerae
920 809 1237 851 curvationibus
1269 810 1488 851 eminere?
1531 811 1715 853 Additur
1746 812 1799 853 ad
1828 812 1957 855 fidem
1988 814 2099 868 globi
2127 811 2219 853 594

147 891 403 932 rotundioris
439 891 748 945 ambigentibus
780 889 1076 940 asserendum,
1112 889 1228 943 quod
1260 890 1364 931 Solis
1395 892 1633 948 Lunaeque
1663 894 1850 948 deliquia
1881 896 1923 935 in
1948 910 2099 936 occasu

146 971 254 1013 sacta
290 972 460 1014 orientis
497 971 659 1011 incolae
695 985 780 1011 non
817 969 1038 1021 viderunt,
1076 970 1266 1024 itemque
1297 971 1340 1011 in
1380 980 1476 1012 ortu
1513 972 1547 1012 si
1579 972 1789 1024 accidant,
1834 989 1857 1014 a
1892 983 1976 1014 tota
2006 974 2100 1015 Bri-

147 1053 288 1092 tannia
326 1062 452 1105 atque
491 1051 690 1092 occasivis
735 1051 975 1106 regionibus
1007 1052 1274 1106 ignorantur3
1332 1051 1457 1092 etiam
1489 1051 1531 1092 iu
1563 1051 1711 1094 mediis
1743 1053 2001 1108 plerumque
2031 1068 2100 1094 re-

146 1131 340 1185 gionibus
380 1132 587 1173 horarum
627 1131 940 1173 diversitatibus
980 1133 1222 1184 variantur3
1267 1131 1374 1171 sicut
1410 1131 1453 1172 in
1490 1131 1636 1187 Magni
1666 1132 1897 1175 Alexandri
1927 1135 2102 1176 victoria

221 1252 307 1295 siqui
333 1250 452 1297 untias]
492 1251 688 1296 Corruptum
718 1252 753 1284 in
787 1252 880 1283 editis
912 1250 1101 1283 vocabulum

146 1314 272 1357 siqnile's
300 1315 416 1345 sustuli
448 1321 479 1346 et
498 1327 514 1346 e
536 1316 623 1346 fonte
646 1316 716 1358 ipso
742 1315 875 1347 correxi.
898 1315 995 1345 Plinii
1018 1314 1101 1345 enim

146 1377 200 1419 (2,
226 1378 288 1416 70,
319 1377 379 1419 71)
405 1378 501 1409 verba
522 1379 600 1410 haec
624 1383 714 1409 sunt:
735 1376 909 1420 »Adeoque
934 1377 1101 1408 manifesto

148 1450 319 1480 assurgens
342 1439 502 1480 fastigium
528 1445 690 1480 curvatur,
722 1445 757 1470 ut
779 1438 931 1481 Canopus
958 1443 1102 1481 quartam

147 1500 212 1530 scre
234 1506 354 1543 partem
376 1502 463 1543 siqui
483 1503 580 1532 unius
605 1512 701 1544 supra
725 1506 840 1531 terram
863 1499 1000 1531 eminere
1023 1498 1100 1530 Ale-

147 1563 297 1595 xandriae
325 1563 522 1595 intuentibus
549 1564 718 1595 viduatum
760 1563 886 1595 Pariter
908 1563 1004 1606 paulo
1026 1568 1101 1607 post

146 1632 182 1658 ut
208 1627 332 1658 devexa
358 1626 471 1671 scripsi
496 1639 554 1670 pro
585 1633 616 1658 et
638 1627 761 1658 devexa
785 1639 802 1657 e
827 1626 990 1658 codicibus
1017 1625 1100 1659 Gro-

146 1689 249 1730 tiano,
275 1690 539 1730 Darmstattensi,
562 1689 835 1729 Reichenaucnsi,
862 1696 895 1721 et
912 1689 1100 1722 Monacensi

146 1759 282 1797 utroque
304 1752 358 1797 (A.
383 1753 437 1796 C).

224 1826 323 1860 quum
349 1816 385 1845 in
409 1812 551 1858 Arabia]
585 1812 695 1856 Atque
721 1814 799 1845 haec
824 1813 917 1844 ctiam
939 1813 1010 1856 ipsa
1033 1814 1099 1845 l'cre

148 1876 247 1907 Plinii
270 1877 367 1909 verba
392 1882 467 1908 sunt
489 1877 528 1908 de
551 1876 797 1920 Septentrione:
818 1876 873 1907 »In
890 1876 1010 1906 Arabia
1033 1875 1099 1907 No·

149 1939 270 1970 vernbri
302 1950 411 1970 mense
445 1940 545 1983 prima
574 1939 682 1980 vigilia
715 1938 858 1970 occultus
895 1938 1034 1969 secunda
1066 1950 1099 1970 se

149 2001 303 2034 ostendit:
329 2001 362 2032 in
391 2001 504 2034 Meroe
534 2001 671 2032 solstitio
701 2001 826 2044 vesperi
858 2001 1020 2044 paulisper
1046 2012 1099 2045 ap-

147 2069 253 2107 paret,
284 2063 458 2107 paucisque
488 2068 560 2094 ante
586 2068 731 2094 exortum
759 2062 889 2094 Arcturi
910 2062 1022 2094 diebus
1045 2073 1099 2106 pa-

149 2127 225 2158 riter
248 2139 319 2160 cum
341 2127 391 2158 die
414 2127 580 2159 cernitur.«
614 2127 664 2158 De
686 2125 817 2158 Helices
840 2125 967 2162 nomine
990 2127 1099 2158 confer

151 2190 285 2223 Aratum
311 2191 498 2234 (Phaenom.
516 2190 593 2232 56)=

201 2251 279 2286 Καὶ
317 2250 389 2298 τὴν
426 2251 495 2296 μὲν
517 2249 777 2299 Κυνόσουραν
809 2251 1010 2298 ἐπίκλησιν
1038 2265 1098 2287 κα-

560 2315 710 2359 λέουσι,

201 2372 283 2420 Τήν
302 2374 471 2421 δ“έτε’ρην
483 2373 651 2422 Ἑλίκην·
678 2374 802 2424 Ἑλίκῃ
817 2390 860 2423 γε
875 2375 945 2421 μὲν
962 2375 1098 2423 ἄνδρες
1142 2376 1145 2379 ’

544 2434 691 2482 Ἀχαιοὶ

204 2499 271 2536 Εἷν
289 2497 353 2534 cii-i,
368 2498 636 2546 τεκμαίρονται
652 2501 714 2536 ἵνα
728 2499 808 2548 χρὴ
828 2501 927 2547 νῆας
941 2499 1098 2547 ἀγινεῖν,

155 2567 187 2593 ct
208 2562 427 2595 Reinliarduin
451 2561 616 2596 Sternium
641 2563 694 2605 (ad
716 2563 806 2597 Grat-
829 2564 944 2596 Falisc.
966 2564 1036 2606 55).

1231 1250 1426 1283 Patavitano
1452 1250 1567 1297 portu]
1600 1252 1822 1285 Patalitamnn
1849 1254 1992 1295 Plinius,
2019 1256 2102 1287 uude

1151 1312 1275 1356 reliqna
1303 1320 1414 1346 noster
1443 1315 1554 1356 habet,
1586 1317 1676 1358 eujus
1701 1318 1797 1349 verba
1824 1319 1901 1350 haec
1927 1324 2016 1350 sunt:
2047 1318 2102 1350 »In

1151 1375 1266 1406 Indiae
1296 1380 1390 1416 gente
1426 1375 1563 1408 Oretum
1593 1389 1686 1410 mons
1722 1385 1772 1410 est
1797 1379 1925 1411 Maleus
1956 1380 2101 1421 nomine,

1146 1434 1240 1476 juxta
1265 1447 1360 1478 quem
1384 1436 1512 1468 umbrae
1547 1443 1666 1469 aestate
1699 1438 1731 1468 in
1760 1444 1916 1479 austrum,
1945 1440 2047 1471 hieme
2069 1441 2101 1471 in

1151 1499 1399 1541 septentrionem
1421 1499 1593 1541 jaciuntur.
1638 1500 1831 1543 Quindecim
1854 1507 1976 1533 tantum
2001 1503 2100 1534 nocti-

1151 1559 1211 1590 bus
1234 1559 1278 1590 ibi
1301 1566 1433 1603 apparet
1455 1560 1653 1604 Septentrio.
1679 1561 1718 1592 In
1736 1562 1845 1593 eadem
1866 1562 1958 1595 India
1976 1564 2102 1595 Patalis

1151 1619 1357 1651 celeberrimo
1389 1626 1485 1664 portu
1517 1620 1577 1653 Sol
1607 1622 1719 1652 dexter
1753 1622 1868 1664 oritur,
1909 1624 2036 1656 umbrae
2067 1625 2101 1657 in

1149 1681 1314 1713 meridiem
1339 1680 1485 1715 caduntu«
1520 1681 1634 1714 Codex
1656 1682 1860 1716 Monacensis
1885 1684 1943 1728 (A)
1965 1686 2101 1717 absurde

1150 1745 1321 1777 Patauino.

1224 1808 1310 1854 quod
1326 1805 1423 1852 Solis]
1450 1807 1541 1841 Haec
1564 1820 1693 1853 quoque
1716 1821 1733 1842 e
1753 1810 1876 1851 Plinio,
1897 1811 1952 1855 qui
1973 1812 2020 1855 (2,
2043 1812 2102 1853 70,

1151 1870 1217 1913 72)
1240 1870 1337 1914 paulo
1363 1871 1540 1902 accuratius
1565 1872 1748 1917 scripserat:
1777 1874 1935 1918 »Ideoque
1961 1876 2103 1907 defectus

1150 1932 1239 1965 Solis
1272 1945 1308 1965 ac
1338 1933 1451 1965 Lunae
1487 1935 1686 1978 vespertinos
1721 1936 1851 1968 orientis
1885 1937 2009 1970 incolae
2036 1950 2102 1970 non

1151 1993 1306 2025 sentiunt:
1339 2006 1398 2027 nec
1441 1996 1614 2027 matutinos
1649 1997 1688 2028 ad
1725 2009 1873 2030 occasum
1908 1999 2101 2031 habitantes:

1149 2056 1341 2088 meridianos
1366 2069 1441 2090 vero
1468 2059 1622 2103 saepius.«

1222 2119 1393 2166 occas-ivis]
1423 2121 1556 2154 Grotius
1584 2135 1733 2162 occasus,
1762 2124 1838 2156 licet
1861 2125 1930 2170 ipse
1958 2127 1990 2158 in
2015 2126 2101 2158 notis

1150 2183 1343 2215 anteriorum
1365 2184 1539 2216 editionum
1557 2184 1728 2219 lectionem
1745 2187 1876 2231 probet,
1901 2201 1995 2233 quam
2014 2189 2098 2222 codi-

1151 2255 1205 2277 ces
1226 2256 1355 2289 quoque
1378 2245 1644 2279 Darmstattensis
1670 2253 1703 2279 et
1726 2248 2000 2281 Reichenauensis
2023 2261 2097 2281 con·

1148 2309 1284 2341 firmant.

1223 2375 1308 2405 sieut
1329 2374 1365 2404 in
1389 2372 1524 2419 illaqm']
1556 2374 1657 2406 Juvat
1686 2375 1747 2406 hoe
1780 2373 1852 2407 loco
1879 2374 2096 2406 incredibilem

1149 2433 1298 2468 Martiani
1320 2435 1600 2469 hallucinationem
1619 2437 1802 2477 observare,
1824 2437 1879 2480 qui
1901 2449 1997 2480 quum
2013 2439 2098 2470 hune

1150 2499 1250 2531 Plinii
1268 2498 1390 2531 locum:
1416 2500 1625 2532 »meridianos
1648 2500 1785 2544 saepius.
1809 2499 1917 2531 Nobili
1937 2500 2020 2544 apud
2035 2499 2097 2532 Ar-

1150 2563 1239 2595 bela«
1262 2568 1322 2596 cet.
1340 2562 1455 2595 cursim
1474 2564 1650 2608 raptimque
1670 2561 1904 2602 transcriberet,
1927 2563 2003 2605 legit
2016 2576 2098 2596 nme-

1652 2625 1699 2657 65
