2310 2860
737 145 936 188 Martiani
976 144 1176 202 Capellae
1205 144 1276 186 lib.
1301 144 1354 187 V.
1386 144 1542 196 §.1168
2042 145 2128 186 417

175 254 273 296 Non
305 254 418 295 enim
451 265 680 310 antequam
714 255 981 297 laudandum
1013 254 1253 310 quendam,
1284 251 1546 294 laudabilem
1578 251 1901 304 demonstraris,
1948 266 2048 293 nam
2072 251 2133 292 illi

176 334 266 375 talis
297 334 468 375 intentio
501 345 581 386 est,
622 345 668 376 ut
698 336 959 377 laudabilem
990 336 1185 376 nondum
1218 335 1380 387 credat3
1426 336 1656 377 adversum
1689 351 1820 390 quam
1856 335 2132 376 intentionem

174 417 386 458 laudatori
418 428 631 459 certamen
664 428 723 459 est
758 418 825 459 vel
857 417 1154 473 vituperatori,
1203 416 1296 456 licet
1328 417 1369 456 in
1400 416 1608 471 superiori
1641 416 1920 457 adstructione
1953 413 2132 469 quidam

177 497 394 539 conflictus
435 499 607 540 evidens
644 499 924 554 approbetur3
983 508 1030 539 ut
1069 513 1206 553 quum
1249 497 1354 538 alius
1391 498 1641 552 quempiam
1674 497 1818 538 laudat
1857 507 1896 538 et
1927 497 2030 537 alter
2062 510 2132 537 ac-

177 589 314 631 cusat,
362 590 408 621 ut
447 580 652 621 Catonem
692 579 862 620 Tullius
898 579 1079 619 laudans
1117 588 1156 619 et
1199 578 1368 619 duobus
1405 577 1697 618 voluminibus
1731 576 1887 618 Caesar
1920 590 2133 619 accusans.

176 660 245 700 Ex
278 674 364 715 quo
397 661 605 714 colligitur
637 660 832 700 omnium
869 672 1096 699 causarum
1128 673 1284 713 genera
1312 658 1489 698 statibus
1522 658 1817 713 percensenda.

316 740 408 780 Hoc
430 750 610 796 reperto,
641 750 839 780 naturam
865 755 1016 780 causae
1042 740 1251 790 discuties,
1283 754 1395 794 quae
1420 748 1493 779 aut
1516 739 1696 793 simplici
1723 749 1796 780 aut
1813 739 1972 794 duplici
1997 754 2133 796 quae-

175 820 306 860 stione
339 831 411 861 aut
440 821 662 876 multiplici
694 821 941 861 continetur.
979 821 1171 877 Simplex
1200 830 1278 872 est,
1311 836 1449 877 quum
1483 836 1619 861 unum
1655 820 1759 875 quid
1789 821 1832 861 in
1855 830 1935 863 tota
1971 823 2134 863 actione

176 899 448 956 disquiritur,
484 912 548 943 ut:
582 902 782 942 Clodium
809 902 968 942 Milone
990 903 1085 956 jure
1116 902 1356 942 necaverit?
1388 902 1500 942 lllud
1529 917 1627 942 vero
1658 901 1775 955 quod
1806 917 1881 956 per
1912 902 2134 955 judicatio-

177 998 276 1023 nem
308 984 538 1039 posteriore
563 984 654 1024 loco
683 983 1073 1038 disquiritur,⁴uter
1096 981 1179 1022 utri
1204 980 1373 1021 insidias
1405 981 1679 1036 compararit,
1710 996 1796 1022 non
1821 991 1880 1022 est
1909 982 2136 1037 singulare,

176 1062 249 1103 sed
274 1063 469 1116 junctum
503 1080 555 1104 ex
586 1063 747 1118 duplici
779 1064 1042 1116 conjectura,
1084 1077 1217 1116 quam
1249 1063 1402 1103 Graeci
1432 1066 1758 1114 ἀντικατηγορῶν
1786 1063 2029 1116 nominant3
2064 1061 2137 1104 sed

176 1143 362 1184 incidens
397 1145 586 1197 quaestio
621 1159 752 1199 genus
795 1158 947 1185 causae
993 1144 1132 1185 facere
1171 1161 1255 1185 non
1295 1153 1441 1199 potest.
1503 1144 1677 1199 Duplex
1709 1154 1800 1184 tum
1834 1159 1889 1185 ex
1919 1146 2048 1186 rebus
2078 1145 2138 1197 fit,

175 1233 222 1265 ut
260 1240 337 1280 pro
377 1224 518 1266 Caelio
555 1225 606 1266 do
654 1241 759 1267 auro
801 1236 840 1267 et
876 1241 1063 1279 veneno,
1120 1236 1212 1267 tum
1246 1225 1486 1275 collatione,
1541 1234 1587 1265 ut
1625 1239 1702 1279 pro
1743 1224 1918 1276 Roscio,
1971 1225 2138 1266 filiusne

177 1314 340 1358 patrem
389 1320 442 1346 an
483 1306 643 1347 inimici
682 1307 1000 1360 jugulaverint?
1065 1306 1292 1361 Multiplex
1337 1321 1439 1347 vero
1484 1321 1537 1346 ex
1583 1306 1780 1361 pluribus
1821 1307 2138 1361 quaestionibus

181 1399 308 1426 causa
340 1387 542 1437 consistit,
591 1397 638 1428 ut
678 1389 1016 1443 repetundarum
1049 1402 1196 1429 omnes
1227 1387 1459 1438 Verrina03
1504 1395 1544 1426 et
1574 1402 1651 1442 pro
1683 1388 1844 1428 Scauro
1875 1387 1928 1428 de
1958 1387 2139 1429 Bostaris

179 1481 302 1517 nece,
349 1466 400 1507 de
442 1467 581 1509 Arinis
621 1481 779 1519 uxore,
824 1476 864 1507 et
901 1467 1075 1508 decimis
1114 1467 1248 1508 tribus
1294 1466 1549 1522 exquiritur.

251 1586 327 1607 nam
345 1574 405 1621 illi]
433 1576 481 1607 lta
503 1576 610 1608 Grotii
631 1577 733 1608 codex
755 1587 814 1620 pro
833 1588 898 1607 non
915 1578 962 1608 illi
978 1576 1011 1607 in
1033 1576 1135 1607 editis.

178 1635 274 1679 Quae
294 1638 505 1678 antecedunt,
536 1638 582 1670 sic
599 1638 751 1682 accipias:
774 1637 866 1669 »Non
884 1638 968 1669 enim
992 1638 1135 1668 laudabi-

178 1701 238 1733 lem
260 1713 452 1745 quemquam
475 1702 720 1743 demonstraris,
747 1707 917 1745 antequam
936 1702 1137 1734 laudandum

178 1764 314 1796 eundem
338 1764 406 1796 seil.
431 1764 638 1796 ostenderis«

251 1827 419 1873 Catonem]
445 1828 530 1861 Vide
554 1828 744 1860 Ciceronem
766 1827 819 1871 (ad
838 1827 908 1859 Au.
932 1829 986 1859 12.
1008 1828 1069 1860 40.
1087 1828 1133 1860 41

179 1896 211 1923 et
239 1892 301 1931 15,
327 1892 394 1931 44,
422 1897 486 1934 top.
506 1892 567 1933 25)
590 1897 623 1922 et
647 1892 790 1923 Gellium
810 1892 890 1934 (15,
919 1891 987 1933 18).

253 1955 312 1985 hoe
334 1952 473 1998 reperto]
502 1954 617 1986 Cicero
641 1954 699 1998 (de
724 1954 845 1987 invent.
870 1955 907 1993 1,
936 1954 1016 1996 12)=
1045 1965 1138 1985 »eon-

180 2017 345 2049 stitutione
370 2029 484 2049 causae
508 2023 633 2061 reperta
657 2017 761 2061 placet
784 2017 1001 2057 considerare,
1032 2023 1138 2050 utrum

178 2091 275 2112 causa
298 2079 340 2110 sit
366 2079 503 2123 simplex
526 2091 566 2110 an
594 2079 780 2121 conjuncta«
813 2083 872 2111 eet.

250 2147 324 2173 uter
340 2140 417 2186 utri]
445 2141 533 2182 Lege
553 2146 589 2172 ut
608 2147 681 2172 uter
700 2142 776 2172 utri.
802 2140 854 2171 Ex
871 2140 1015 2184 repetitis
1035 2140 1136 2173 literis

179 2208 328 2236 erratum.
342 2203 447 2236 Gnor.
464 2222 511 2227 —
540 2189 613 2244 ΕΞὉ
639 2214 714 2235 vero
740 2202 864 2233 nullum
883 2202 934 2234 hie
956 2214 1027 2233 esse
1053 2215 1135 2234 erra-

178 2271 247 2297 tum
280 2278 412 2307 censeo,
450 2272 483 2299 ct
515 2266 642 2298 omnino
670 2266 862 2310 superfluam
893 2266 1135 2299 correctionem.

180 2328 310 2371 Quodsi
326 2331 386 2361 hoe
402 2330 475 2361 loco
494 2330 652 2372 corrigere
673 2330 799 2361 volebat
820 2329 970 2371 Grotius,
994 2342 1050 2361 eur
1069 2341 1135 2362 non

180 2403 276 2434 supra
305 2389 346 2434 (ξ.
366 2390 439 2422 445
464 2391 498 2434 s.)
526 2392 636 2432 etiam,
670 2391 724 2423 ubi
754 2391 949 2441 Martianus3
973 2391 1133 2423 »incidens

179 2451 353 2496 (quaestio)
375 2457 447 2483 uter
469 2454 537 2483 utri
555 2452 687 2484 insidias
708 2453 940 2497 compararim?

253 2511 599 2561 ἀντικατηγορίαν]
631 2516 777 2548 Meminit
799 2517 929 2549 Fabius.
958 2516 1045 2549 Huic
1067 2528 1132 2548 non

183 2577 325 2610 absimile
341 2577 390 2618 id,
417 2578 504 2623 quod
520 2574 765 2626 ιέντὲγκλημα
786 2585 916 2621 vocant,
934 2579 1030 2624 idque
1053 2579 1139 2624 quod

1606 1467 1773 1508 Dehinc
1804 1467 1957 1509 duetus
1988 1481 2140 1508 causae

1187 1575 1290 1608 nostri
1307 1575 1485 1618 jurisperiti
1507 1577 1802 1614 reconvenlimzem,
1825 1576 1942 1608 Graeci
1967 1572 2141 1622 ἀντιγρα·

1189 1636 1272 1686 ῳήν
1296 1639 1472 1670 nominant.
1489 1638 1592 1670 Gno'r.
1611 1657 1659 1662 -
1690 1639 1807 1670 Plures
1839 1640 1924 1683 apud
1950 1639 2142 1682 Quinctilia-

1188 1715 1264 1734 num
1291 1707 1366 1734 sunt
1395 1701 1459 1733 loci
1483 1702 1667 1733 conserendi
1693 1702 1746 1745 (5,
1775 1703 1836 1742 10,
1862 1703 1903 1741 42,
1940 1715 1970 1745 p.
1991 1703 2080 1743 612,
2111 1708 2145 1735 et

1188 1765 1228 1804 5,
1254 1765 1317 1804 11,
1344 1765 1441 1807 6311.
1459 1764 1542 1795 615.
1568 1764 1601 1803 7,
1622 1763 1662 1803 2,
1686 1764 1709 1794 9
1736 1768 1768 1795 et
1799 1764 2017 1807 18—2631).
2037 1764 2143 1795 62-

1189 1829 1236 1859 (38
1260 1827 1401 1871 Spalim,
1437 1827 1492 1859 ubi
1516 1828 1593 1859 haee
1622 1826 1706 1858 inter
1734 1827 1794 1859 alia
1818 1827 1926 1859 docet:
1960 1827 2144 1860 »Interdum

1190 1889 1394 1920 substituitur
1424 1894 1532 1920 mutua
1556 1889 1732 1930 accusatio,
1771 1901 1865 1933 quam
1901 1889 2017 1921 Graeci
2044 1885 2145 1924 ἀντι·

1189 1949 1428 1996 κατηγορίαν
1453 1957 1583 1991 vocant,
1616 1957 1800 1983 nostrorum
1829 1951 1957 1995 quidam
1982 1957 2142 1984 concerta-

1189 2015 1315 2045 timum
1350 2014 1501 2047 Celerum
1521 2021 1551 2046 et
1569 2020 1641 2046 ante
1668 2028 1763 2062 (sutem
1786 2015 1889 2047 delevi
1908 2015 2054 2048 codicum
2073 2015 2141 2049 Mo·-

1188 2075 1336 2107 aucensis
1358 2074 1414 2119 (C)
1438 2082 1470 2108 et
1491 2077 1757 2108 Dal-instattensis
1783 2076 1980 2109 auctoritate.

1262 2137 1300 2168 cle
1324 2135 1416 2182 auro]
1444 2138 1530 2170 Vide
1554 2136 1722 2169 Ciceronis
1748 2138 1924 2171 orationem
1945 2151 2004 2183 pro
2030 2138 2141 2172 Caelio

1187 2201 1245 2244 (21
1266 2200 1379 2244 sequ.).
1404 2201 1483 2234 Mox
1503 2202 1702 2234 eollationem
1723 2202 1815 2244 dicit,
1840 2215 1935 2247 quam
1953 2203 2067 2236 Cicero
2088 2202 2142 2245 (de

1185 2264 1304 2296 invent.
1333 2266 1369 2305 1,
1401 2265 1467 2309 12)
1495 2268 1780 2308 comparationem.-
1809 2267 1861 2299 »in
1891 2279 1953 2310 qua
1980 2277 2037 2310 per
2066 2275 2139 2296 eon-

1185 2327 1377 2368 tentionem,
1413 2335 1518 2361 utrum
1544 2330 1651 2373 potius
1681 2335 1735 2361 aut
1759 2329 1836 2374 quid
1861 2328 2059 2373 potissimum
2087 2327 2139 2368 sit,

1185 2391 1364 2435 quaeritur«
1391 2397 1450 2424 cet.
1482 2393 1532 2424 De
1553 2393 1696 2425 oratione
1722 2405 1780 2438 pro
1801 2392 1924 2425 Scauro
1948 2391 2019 2423 vide
2044 2402 2140 2440 supra

1184 2452 1231 2497 (ἓ.
1251 2452 1344 2495 441)
1374 2458 1407 2484 et
1436 2460 1548 2486 nostro
1583 2455 1622 2487 de
1652 2455 1725 2486 loco
1756 2453 1899 2497 inprimis
1929 2452 2140 2485 Niebuhriuiu

1184 2516 1237 2560 (ad
1253 2517 1362 2557 stagni.
1381 2517 1515 2550 oration.
1533 2530 1592 2562 pro
1611 2517 1748 2558 Fontejo
1771 2522 1802 2547 et
1822 2516 1862 2549 C.
1877 2515 2010 2546 Rabirio
2026 2515 2140 2559 p.55).

1265 2578 1392 2626 ductus]
1420 2580 1481 2614 Est
1503 2593 1597 2626 quam
1623 2578 1738 2613 Graeci
1763 2574 1923 2624 ἀγωγήν
1944 2584 2140 2624 mmcupant,

1689 2640 1734 2672 55

2161 734 2254 779 469

2170 1461 2261 1504 470
