2310 2860
717 163 915 206 Martiani
954 163 1154 221 Capellae
1191 165 1263 207 lib.
1288 166 1320 207 Ι.
1358 169 1389 218 §.
1411 167 1482 208 85.

1992 172 2076 215 125

121 270 268 312 hatur:
301 270 382 312 alia
417 271 738 326 generationum
776 271 971 312 oninium
1002 281 1157 314 mater:
1190 273 1250 314 illi
1291 287 1413 315 arcus
1445 288 1546 315 curn
1577 276 1800 331 pharetra,
1839 278 1942 320 huic
1970 281 2074 322 rosis

120 351 374 393 decussatim
405 353 555 394 vinctis
585 362 738 394 sertata
769 353 992 394 contextio.

1055 353 1200 403 Quam
1233 363 1272 394 et
1299 354 1541 408 conspicere
1571 355 1793 408 nitentem,
1843 368 1882 399 et
1910 358 2075 400 fantem

120 433 268 474 audire
304 433 449 474 dulces
479 433 721 484 illecebras,
761 441 801 473 et
839 431 1049 474 attrahere
1079 432 1402 488 fragrantissimi
1432 434 1603 489 spiritus
1634 434 1844 477 balatibus
1875 437 2074 479 redolen-

117 521 225 564 tem,
267 522 306 553 et
343 513 495 554 osculis
534 513 750 563 lambere,
791 521 831 553 et
871 513 1113 568 contingere
1153 529 1355 570 corpore,
1397 515 1577 570 ejusque
1609 515 1738 557 velles
1769 518 1968 573 cupidine
1998 533 2073 560 su-

115 593 289 648 spirare.
321 593 446 643 Quae
471 592 647 648 quidem
672 593 768 634 licet
792 607 991 635 amorum
1025 594 1389 650 voluptatumque
1420 604 1558 636 mater
1589 596 1785 637 omnium
1816 597 2073 639 crederetur:

114 680 257 714 tamen
283 672 421 714 eidem
445 673 693 715 deserebant
715 673 942 730 pudicitiae
972 674 1272 730 principatum.
1304 674 1417 715 Cum
1442 674 1506 715 his
1529 685 1646 730 grata
1670 675 1812 727 Ceres,
1838 677 2075 719 admodum
2104 679 2164 721 86

114 755 254 809 gravis
283 755 462 807 femina,
493 755 759 811 alumnaque
790 765 1009 798 terrarum
1039 770 1087 797 ac
1117 756 1264 796 nutrix
1296 756 1564 809 mortalium,
1597 756 1835 801 videbatur.
1885 758 2076 808 Quidam
2106 759 2163 801 87

121 911 270 932 »eernere
289 900 394 932 ferro«
409 900 547 944 scripsit,
574 906 606 932 et
625 899 796 933 Lueretius
809 901 857 944 (5,
871 900 959 943 595)
979 900 1064 932 »bel-

111 960 179 995 lum
203 961 326 1004 magnis
347 962 387 993 dc
413 962 510 994 rebus
536 962 621 993 inter
648 974 684 994 sc
710 974 840 994 cernere
860 968 1010 994 certant.-

184 1026 428 1068 qenerationum
451 1022 603 1068 οηιηίιιιη]
631 1023 793 1057 Venerem
816 1024 958 1066 intellige
983 1037 1064 1064 eam,

110 1098 207 1130 quam
228 1087 427 1120 Geuitriecm
449 1100 467 1119 a
486 1087 642 1119 Romanis
664 1088 855 1132 appellatam
882 1100 971 1129 esse,
1001 1094 1064 1119 tam

109 1151 282 1195 scriptores
307 1157 432 1183 veteres
457 1156 616 1183 testantur
636 1152 714 1196 (Dio
739 1152 833 1185 Cass.
849 1152 907 1184 49.
929 1165 962 1196 p.
981 1152 1064 1183 599.

107 1213 210 1244 Reim.
223 1211 393 1257 Appianas
413 1213 457 1247 11.
481 1226 514 1257 p.
531 1214 606 1246 470
627 1213 742 1258 Steph.
763 1215 908 1248 Maerob.
932 1214 1062 1247 Saturn.

111 1275 143 1314 1,
165 1275 220 1305 12.
233 1274 317 1305 ΡΙίιι.
333 1276 367 1315 7,
389 1276 422 1315 5,
443 1275 502 1307 59.
518 1276 551 1315 8,
573 1276 633 1315 41,
648 1276 706 1307 64.
728 1277 788 1315 55,
804 1277 839 1317 4,
864 1278 896 1308 9.
921 1277 980 1316 55,
1004 1275 1062 1316 12,

107 1337 168 1370 45.
204 1336 339 1369 Sueton.
367 1337 400 1367 iu
431 1337 528 1371 Caes.
563 1349 590 1371 c.
625 1340 684 1370 61.
715 1340 760 1370 78
792 1345 824 1370 et
854 1338 933 1382 84),
967 1351 1063 1383 quam

106 1399 252 1444 lap-idum
280 1399 366 1431 tituli
395 1399 504 1444 (Grut.
527 1401 615 1441 225,
646 1402 681 1434 5.
708 1402 822 1441 1012,
853 1403 886 1433 5.
907 1401 1062 1434 Min-ator.

107 1463 172 1503 58,
202 1463 226 1495 4
247 1467 279 1494 et
302 1463 336 1495 5.
366 1461 452 1493 Gud.
477 1463 545 1502 59,
573 1461 610 1504 5)
634 1467 668 1492 ct
694 1462 780 1492 numi
806 1462 849 1505 (v.
871 1462 999 1493 Rasehe
1017 1463 1061 1503 Π,

108 1524 139 1556 1.
164 1536 197 1568 p.
222 1525 328 1555 1558.
352 1523 403 1561 V,
437 1523 469 1553 2.
499 1535 529 1566 p.
557 1522 656 1565 897).
696 1523 835 1564 Egregie
869 1523 1062 1555 describitur

103 1598 179 1631 prae
203 1586 318 1618 ceteris
341 1585 380 1617 ab
402 1585 520 1616 ovidio
544 1585 628 1628 (fast.
643 1585 685 1625 4,
709 1585 770 1628 95)
795 1585 928 1628 aliisque
955 1586 1060 1629 poetis

103 1657 167 1682 tam
189 1633 314 1682 tatinis
336 1649 478 1693 (Lucret.
503 1649 541 1680 ab
565 1648 634 1680 init.
657 1647 739 1680 Stat.
764 1648 836 1681 silv.
859 1650 892 1689 1,
920 1649 954 1689 2,
977 1650 1060 1681 182.

103 1712 218 1744 Sencc.
242 1710 379 1755 Hippoi.
410 1709 514 1752 469),
543 1722 638 1754 quam
664 1709 798 1742 Graecis
821 1709 997 1754 (stobaeus
1025 1710 1059 1742 iu

103 1775 160 1808 ccl.
188 1776 227 1817 1,
255 1776 312 1809 10.
341 1787 372 1818 p.
393 1775 467 1806 268
493 1785 582 1817 sequ.
606 1772 731 1817 Heer.).

174 1836 270 1882 rosis]
302 1838 442 1877 Rosam,
474 1837 583 1868 scribit
610 1836 805 1876 Pausanias,
835 1835 959 1868 Veneri
985 1847 1058 1868 esse

101 1913 173 1933 cum
190 1906 293 1944 myrto
316 1905 532 1946 consecratam
555 1904 588 1931 et
608 1898 766 1930 Amorum
787 1899 821 1930 in
837 1911 906 1930 eam
924 1899 1057 1932 dominii

100 1964 244 1997 meminit
265 1963 599 2005 AnacreonsBAn'ru.
625 1963 762 2007 (advers.
786 1975 816 2006 p.
839 1961 962 2006 1236).

174 2026 310 2073 vinetis]
346 2026 480 2060 Grotius
511 2027 703 2059 vinculatis:
727 2027 831 2060 codex
857 2026 1055 2059 Dresdensifl

93 2092 232 2136 junctis:
251 2089 540 2132 Guelferbytanus,
565 2088 787 2130 Britannicus,
811 2088 1054 2131 Cantabrigien-

100 2155 162 2195 sis,
189 2154 403 2187 Monacenses
420 2152 475 2196 (C.
494 2151 549 2195 G.)
577 2152 792 2194 Basileensis,
820 2152 1053 2185 Darmstatten-

101 2216 144 2248 sis
165 2221 198 2248 et
212 2214 454 2256 Bongarsianus
478 2213 592 2245 melius
615 2215 751 2254 vinclis,
776 2215 864 2258 quod
889 2215 1006 2259 recepi.

170 2274 378 2322 decussatim]
406 2275 777 2309 Codices-Monacenses
799 2274 863 2308 duo
888 2277 930 2322 (C
946 2282 978 2309 et
997 2276 1051 2321 E),

97 2339 383 2380 Reiehenauensis,
403 2339 682 2381 Darmstattensis‚
700 2345 733 2372 et
754 2340 962 2373 Britannicus
986 2353 1050 2374 uno

98 2401 126 2436 S
149 2400 308 2441 scribunt,
339 2402 477 2433 fortasse
514 2401 588 2445 quia
617 2414 636 2433 a
664 2402 761 2435 decus
789 2403 985 2444 derivarent,
1015 2409 1051 2435 ut

99 2467 185 2495 esset
208 2462 356 2494 decenter
380 2462 446 2494 sive
471 2469 583 2495 ornate
600 2463 717 2508 (Cang.
740 2465 773 2499 h.
789 2476 821 2499 v.
844 2470 876 2497 et
895 2477 973 2498 voce
996 2466 1049 2498 de-

100 2523 259 2568 cussum),
288 2522 447 2557 Martiano
470 2528 575 2555 tamen
595 2524 772 2567 significare
789 2527 960 2559 nexionem
979 2539 1048 2560 cru—

101 2588 147 2620 cis
172 2586 274 2620 instar
295 2587 408 2619 factam
432 2586 474 2620 ad
497 2586 706 2622 imitationem
728 2590 812 2632 signi
833 2591 865 2623 Χ
886 2603 927 2624 ex
954 2603 1048 2637 supe·

1114 899 1192 931 riori
1215 900 1288 932 loco
1314 907 1445 944 apparet
1465 900 1508 945 (ξ.
1531 903 1592 943 57,
1615 902 1672 934 ubi
1692 903 1774 934 eonl‘.
1798 909 1906 936 notam
1930 911 2072 938 nostram

1115 966 1149 994 ct
1169 961 1310 994 Baldum
1331 963 1370 993 ad
1390 963 1519 997 vitruv.
1540 976 1572 1007 p.
1597 963 1668 1008 55).

1188 1025 1474 1071 fraqrantissimis]
1503 1027 1554 1058 Ita
1577 1032 1658 1059 teste
1684 1027 1797 1061 Cortio
1824 1029 1857 1060 in
1882 1029 2071 1074 Guelferby-

1115 1089 1215 1130 tanis,
1249 1090 1353 1134 quod,
1392 1090 1466 1134 quia
1498 1092 1692 1123 redolentem
1729 1094 1892 1136 sequitur,
1926 1096 2072 1138 praefero

1115 1152 1257 1193 lectioni,
1283 1165 1378 1197 quam
1396 1153 1587 1195 lingianus,
1612 1155 1891 1195 Darnistattvnsis,
1915 1163 1945 1188 et
1960 1158 2073 1190 Mona-

1115 1227 1228 1248 eenses
1250 1216 1302 1260 (C.
1316 1217 1477 1260 D.E.G.)
1497 1218 1668 1262 praebent,
1691 1219 1968 1263 flayraneissimt'S.
1997 1220 2072 1253 Ser-

1114 1280 1185 1311 vius
1214 1280 1298 1312 enim
1317 1280 1371 1325 (ad
1393 1279 1478 1312 Aen.
1502 1282 1540 1322 1,
1560 1281 1648 1325 456)
1674 1282 1834 1314 subtiliter
1855 1282 2070 1326 distinguens:

1120 1342 1289 1384 »quotiens
1314 1342 1533 1383 incendium«,
1564 1343 1685 1387 inquit,
1724 1344 1953 1386 »significatur‚
1986 1347 2073 1390 quod

1108 1402 1194 1446 flatu
1218 1403 1329 1443 alitur,
1358 1415 1376 1435 a
1397 1404 1523 1435 flamma
1547 1416 1605 1447 per
1623 1405 1652 1435 L
1673 1405 1807 1437 dicimus
1824 1407 1965 1451 flaymt,
1991 1419 2071 1451 quo·

1113 1464 1195 1495 tiens
1226 1465 1321 1504 odor,
1363 1466 1419 1508 qui
1454 1467 1553 1497 fracta
1589 1467 1695 1509 specie
1725 1469 1826 1510 major
1852 1475 1917 1509 est,
1952 1482 2011 1513 per
2039 1471 2071 1502 R

1112 1527 1246 1559 dicimus
1270 1527 1418 1571 fraqrat«
1455 1528 1540 1572 (add.
1571 1528 1742 1565 claudian.
1775 1531 1809 1563 in
1844 1532 1947 1576 primo
1980 1544 2069 1565 cons.

1112 1587 1184 1620 Stil.
1209 1589 1284 1620 470
1309 1589 1416 1631 ibique
1444 1588 1584 1632 Burm.).

1182 1650 1370 1695 pudicitiae]
1399 1651 1494 1684 Cons.
1519 1652 1683 1696 Propertii
1704 1653 1752 1696 (2.
1773 1654 1830 1686 25.
1857 1654 1920 1699 89)
1937 1667 2068 1688 versus:

1168 1715 1263 1757 »Ipsa
1282 1715 1415 1753 Venus,
1437 1717 1584 1762 quamvis
1605 1722 1756 1760 corrupta
1781 1718 1913 1750 libidine
1933 1719 2068 1760 Martis,

1137 1779 1139 1781 ’
1158 1776 1249 1807 IVum
1272 1777 1380 1807 tutinus
1407 1778 1442 1807 in
1468 1776 1553 1808 coelo
1580 1789 1706 1821 semper
1729 1778 1863 1811 honesta
1881 1780 1994 1823 fuit&

1107 1838 1198 1870 Duas
1226 1824 1386 1872 Veneres·
1404 1839 1543 1873 coluisse
1562 1846 1699 1882 veteres,
1723 1841 1857 1874 alteram
1882 1844 2067 1883 coelestem,

1107 1900 1173 1932 sive
1187 1902 1351 1943 Uraniam,
1369 1901 1990 1951 alteramVulgivagams.Hcivd”77uov,
2010 1918 2066 1938 no-

1106 1967 1174 1994 tum
1199 1968 1248 1994 est
1273 1963 1369 2008 (Plat.
1391 1964 1495 1997 Conv.
1515 1977 1546 2008 p.
1568 1965 1648 1997 180.
1671 1966 1742 1997 185
1761 1965 1905 2010 steph),
1932 1980 2067 2012 quarum

1104 2026 1245 2071 priorem
1274 2027 1327 2060 hic
1365 2027 1535 2069 significari
1568 2033 1708 2073 apparet.
1761 2029 1900 2062 Romani
1936 2043 2064 2076 quoque

1104 2095 1233 2134 practer
1258 2090 1421 2133 vulgarem
1450 2084 1609 2124 finierant
1634 2091 1869 2125 Verticordiam
1902 2094 2061 2139 (Pausan.

1104 2152 1140 2192 9,
1160 2153 1223 2193 16,
1250 2152 1283 2185 2.
1299 2152 1367 2185 Jul.
1386 2153 1531 2197 Obsequ.
1550 2154 1589 2185 de
1606 2154 1730 2198 prodig.
1743 2155 1822 2198 97),
1842 2167 1906 2200 quo
1927 2156 2064 2197 facilius,

1103 2220 1139 2249 ut
1161 2215 1286 2248 Valerii
1307 2217 1441 2249 Maximi
1464 2218 1518 2262 (8,
1549 2218 1612 2258 15,
1640 2217 1700 2262 12)
1728 2218 1835 2250 verbis
1858 2224 1946 2260 utar,
1984 2220 2062 2251 »vir-

1100 2276 1208 2319 ginum
1231 2278 1464 2323 mulierumque
1497 2284 1622 2312 mentes
1647 2280 1687 2312 ad
1704 2280 1890 2325 pudicitiam
1929 2292 2059 2314 eonver-

1101 2344 1262 2371 tei-entur«
1281 2340 1380 2384 (conf.
1406 2340 1503 2373 ovid.
1526 2341 1561 2374 in
1588 2342 1660 2374 fast.
1685 2341 1728 2385 4,
1757 2344 1828 2376 160
1850 2348 1882 2375 et
1906 2349 2050 2375 nostrum

1100 2404 1182 2436 infra
1205 2402 1233 2447 ἓ.
1260 2403 1353 2448 144).

1174 2473 1269 2510 grata
1293 2466 1410 2514 Ceres]
1438 2469 1570 2502 Cottius
1606 2470 1640 2502 in
1672 2470 1932 2513 Guelferbytanis
1966 2469 2058 2512 legit:

1107 2528 1256 2561 »Gratiae
1278 2534 1310 2562 et
1329 2530 1467 2572 Ceres«,
1501 2532 1559 2564 sed
1579 2531 1683 2563 minus
1703 2532 1819 2576 placet.
1848 2531 1951 2563 Grata
1974 2531 2058 2563 enim

1101 2592 1202 2627 Ceres
1219 2592 1335 2627 dieitur
1351 2594 1392 2627 oh
1409 2594 1565 2628 beneficia
1580 2595 1613 2626 in
1629 2597 1800 2626 humanum
1815 2594 1929 2625 collata
1945 2604 2055 2634 genus.
