2310 2860
54 515 141 559 140

175 247 262 289 190

744 243 946 287 Martiani
979 241 1178 300 Capellae
1207 242 1280 285 lib.
1302 242 1357 285 11.
1385 244 1420 295 §.
1449 242 1546 285 159.

173 353 361 397 confecta
390 351 646 395 Athanasiae
681 367 831 409 opem,
875 365 987 407 quae
1018 350 1119 392 tanti
1140 350 1298 392 laboris
1329 349 1496 391 conscia
1533 349 1692 402 fuerat,
1736 350 1984 407 postulavit⁴
2016 351 2135 392 Tum

172 439 262 480 illa:
294 447 342 480 ut
370 436 566 479 refectior
595 436 764 478 coelum
790 436 1074 490 sublimisque
1103 429 1382 481 conscendas,
1413 429 1496 472 hoc
1525 430 1600 471 tibi
1631 432 1772 489 accipe
1805 432 2133 474 sorbillandum.

179 520 241 560 Ac
278 526 383 560 tunc
418 517 544 558 matri
590 516 845 574 Apotheosi,
896 530 1008 572 quae
1052 528 1153 554 cum
1191 512 1263 554 illa
1310 511 1418 553 forte
1466 522 1744 564 convenerat,
1799 514 1928 555 etiam
1972 513 2141 570 pridem

173 599 334 651 libros‚‘
371 599 447 655 qui
486 614 539 641 ex
577 598 836 654 Philologiae
879 612 953 639 ore
991 594 1284 647 defluxerant,
1338 608 1471 636 manu
1503 594 1745 650 contingens
1777 609 1826 636 ae
1855 595 2133 637 dinumerans

170 678 466 730 consecrabat,
514 679 710 721 auferens
760 676 980 734 quandam
1029 676 1250 733 globosam
1298 675 1620 731 animatamque
1669 658 1969 717 rotunditatem
2011 675 2143 717 sumit

175 775 231 803 ac.
263 760 415 816 virgini
461 760 636 817 porrigit
673 758 972 801 hauriendam.

172 881 258 902 mum
285 868 359 901 loeo
388 880 405 901 a
433 867 557 902 Goezio
587 867 732 901 laudato:
753 879 863 901 verum
890 866 934 900 ibi
960 867 993 899 in
1015 866 1136 912 optima

173 933 276 969 Gellii
305 933 446 965 editione
476 933 519 978 (p.
542 933 616 965 252
640 932 750 976 Conr.)
775 932 902 964 minime
927 933 1048 971 imitus,
1078 930 1136 963 sed

172 999 262 1029 intus
280 997 398 1039 legitur
416 1009 475 1029 nec
490 997 552 1028 nisi
573 1009 656 1028 unus
675 996 777 1028 codex
793 997 902 1027 imitus
916 996 1055 1028 exhibet.
1075 994 1135 1027 Al-

174 1067 241 1094 tero
254 1061 326 1092 loco
339 1062 412 1105 (17,
428 1062 483 1093 10.
494 1061 534 1093 Τ.
547 1060 590 1093 Π.
607 1072 638 1105 p.
648 1061 736 1105 587)
747 1060 825 1092 olim
840 1061 919 1093 liaeo
936 1059 1141 1101 legebantur=

180 1123 308 1168 »Atque
336 1125 391 1157 ille
417 1125 563 1158 Graecus
589 1125 718 1169 quIdem
747 1125 853 1157 fontes
883 1126 1027 1155 imitatus
1052 1123 1136 1165 ignis

173 1193 329 1228 eructare,
350 1194 382 1220 et
395 1189 493 1221 ssuere
509 1189 610 1221 amnis
625 1189 714 1229 sumi,
739 1194 770 1220 et
789 1189 985 1220 flammarum
999 1187 1087 1218 fulva
1104 1191 1137 1218 et

173 1256 320 1282 tortuosa
335 1250 497 1282 volumina
512 1250 546 1282 in
563 1251 673 1293 plagas
697 1250 793 1282 maris
810 1250 909 1289 serre,
929 1248 1022 1292 quasi
1039 1260 1136 1292 quos-

173 1312 245 1343 dam
260 1311 371 1353 igneos
383 1324 516 1354 angues,
534 1311 696 1343 luculente
711 1311 827 1352 dixit«,
845 1310 900 1342 ubi
913 1310 1021 1342 invitis
1036 1310 1136 1343 omni·

172 1374 233 1406 hus
252 1378 412 1417 quotquot
429 1379 503 1405 sunt
522 1373 687 1405 codicibus
710 1373 822 1413 critici,
845 1385 942 1417 quum
964 1372 1070 1404 locum
1089 1371 1137 1405 in·

172 1437 318 1478 telligere
338 1437 453 1468 frustra
474 1441 664 1477 tentassent,
690 1436 803 1468 audaci
819 1437 963 1480 profecto
979 1448 1073 1467 manu
1087 1447 1136 1467 re-

173 1504 351 1544 posuerunt
369 1500 500 1530 imitus!
525 1498 597 1530 Illic
619 1503 725 1529 autem
746 1497 878 1529 verbum
894 1500 1038 1529 imitatus
1057 1497 1136 1529 adeo

173 1564 390 1596 necessarium
409 1569 469 1603 est,
492 1569 527 1594 ut
550 1565 611 1596 hoc
633 1562 760 1595 sublato
785 1568 872 1594 totus
892 1561 983 1594 locus
1010 1562 1138 1604 egregia

171 1628 250 1669 illa,
287 1628 315 1659 si
343 1628 392 1659 dio
424 1628 547 1671 placet,
582 1627 806 1660 emendatione
844 1639 929 1659 nune
965 1631 1136 1670 corruptus

174 1695 375 1732 compareat3
417 1689 575 1732 siquidem
606 1688 735 1721 Gellius
766 1688 890 1719 dixerat
922 1693 1049 1731 poetam
1080 1698 1138 1730 per

175 1752 394 1794 metaphoram
414 1750 616 1782 transtulisse
631 1751 763 1782 effectus
781 1749 916 1782 sontium
933 1750 972 1781 ad
991 1750 1081 1791 ignes
1104 1754 1137 1781 et

176 1811 256 1847 ¹'mni
279 1826 397 1846 amnes.
424 1812 493 1846 Sed
519 1818 554 1844 ut
578 1813 618 1845 ad
641 1818 786 1845 nostrum
815 1812 983 1844 redeamus
1007 1812 1136 1844 Martia-

177 1890 272 1918 num,
298 1882 469 1922 postquam
499 1876 617 1908 videris
643 1888 738 1921 quam
764 1875 847 1910 male
874 1876 1027 1908 fundatus
1049 1876 1137 1908 Goe-

179 1941 250 1974 zius
272 1940 306 1971 in
339 1939 447 1972 Gellio
480 1938 593 1979 fuerit,
624 1950 710 1970 nunc
744 1938 895 1971 observes
925 1938 1038 1979 velim,
1070 1943 1136 1969 tres

175 2004 243 2046 jam
277 2015 350 2036 esse
381 2003 492 2034 allatas
523 2003 743 2045 conjecturas,
771 2002 904 2046 primam
929 2015 946 2034 a
973 2003 1137 2044 Pennino,

180 2066 354 2099 secundam
381 2078 398 2098 a
424 2065 556 2108 Grotio,
592 2065 717 2097 tertiam
739 2077 756 2096 a
778 2064 894 2105 Susio‚
922 2065 976 2109 qui
1001 2065 1033 2097 in
1053 2065 1137 2098 Gur-

180 2129 244 2162 litti
280 2130 588 2162 animadversionum
618 2129 773 2174 particula
803 2134 917 2173 quarta
951 2130 993 2174 (p.
1013 2130 1049 2173 9)
1074 2129 1139 2172 legi

182 2191 253 2224 vult
287 2194 486 2224 »animuum
539 2192 668 2235 Quibus
700 2203 799 2234 quum
835 2191 987 2235 deinceps
1020 2192 1137 2224 multae

184 2254 265 2287 aliae
298 2254 336 2285 ab
366 2254 404 2285 iis
439 2253 512 2285 addi
542 2253 685 2297 possint,
725 2253 781 2297 qui
807 2253 869 2285 alia
898 2265 993 2298 quam
1021 2254 1139 2298 scripta

184 2317 281 2348 verba
300 2316 419 2357 fingere
447 2315 621 2356 voluerint,
651 2327 749 2346 unum
772 2315 853 2347 illud
873 2322 995 2348 certum
1019 2322 1138 2358 manet,

185 2379 307 2412 nullam
329 2389 437 2409 earum
455 2377 626 2409 intextum
643 2377 857 2422 recipiendam
879 2390 968 2419 esse,
999 2379 1056 2411 sed
1078 2379 1141 2412 hoc

187 2441 291 2473 solum
316 2439 496 2480 fatendum,
526 2439 632 2472 locum
656 2440 708 2471 vel
734 2446 919 2485 corruptum
944 2441 1062 2482 videri,
1088 2440 1141 2473 vel

188 2503 216 2535 si
247 2515 321 2535 vera
349 2501 505 2546 scriptura
528 2501 584 2542 sit,
617 2513 635 2533 a
656 2502 749 2533 nobis
777 2514 843 2534 non
872 2503 1016 2545 intelligi.

262 2561 439 2610 exhausto]
471 2563 521 2595 Ita
546 2563 739 2604 Martianus,
762 2564 817 2607 qui
840 2564 975 2597 maxime
1001 2563 1141 2609 hypalla—

190 2640 252 2673 gen
280 2633 379 2668 amat,
407 2639 466 2671 pro
500 2627 671 2659 »exhausta
699 2632 730 2658 et
753 2627 898 2671 pallida.-

264 2690 511 2741 rotunditatem]
544 2691 627 2725 Tota
656 2690 785 2736 quidem
808 2692 1022 2739 descriptione
1050 2703 1145 2726 ovum

1048 757 1220 799 Verum
1265 757 1357 813 ipsa
1403 757 1563 813 species
1608 756 1679 798 ovi
1715 756 1924 797 interioris
1966 755 2142 797 coccino

1186 863 1389 908 designatur,
1411 877 1474 910 qua
1491 865 1561 910 ipsa
1584 866 1679 898 etiam
1702 877 1781 898 voce
1801 870 1913 897 noster
1935 875 2010 897 mox
2028 865 2143 896 utitur:

1187 930 1245 962 sed
1261 929 1333 961 vide
1351 942 1428 962 num
1445 929 1478 961 in
1497 929 1636 962 rotundo
1661 929 1755 961 altior
1773 930 1882 961 forsan
1904 940 2019 960 sensus
2036 928 2144 968 lateat,

1188 992 1345 1036 siqnidem
1379 991 1518 1024 circulus
1549 991 1690 1023 omnium
1717 990 1948 1035 perfectissima
1973 995 2024 1022 est
2046 990 2146 1032 figura

1187 1053 1357 1099 (Quinctil.
1382 1053 1422 1094 1,
1450 1053 1514 1094 10,
1538 1053 1598 1085 41.
1623 1066 1654 1098 p.
1678 1053 1751 1085 252
1778 1051 1904 1097 Spald.)
1920 1057 1952 1084 et
1982 1051 2148 1097 sphaerica

1188 1122 1273 1149 certe
1299 1122 1366 1148 tum
1391 1116 1514 1158 divina,
1545 1121 1611 1148 tum
1640 1121 1768 1148 aeterna
1794 1115 2030 1158 significabant,
2059 1113 2148 1159 quod

1187 1180 1363 1213 conditoris
1389 1191 1458 1212 cam
1485 1191 1614 1224 quoque
1644 1180 1776 1221 figuram
1799 1190 1871 1211 esse
1898 1179 1994 1211 Plato
2023 1178 2148 1211 dixerat

1187 1243 1364 1287 (Diogenes
1388 1242 1476 1273 Lart.
1499 1243 1541 1281 5,
1571 1241 1629 1272 72.
1646 1253 1678 1285 p.
1700 1241 1749 1273 29
1766 1241 1865 1273 Meih.
1889 1241 1960 1273 add.
1977 1239 2147 1283 Palaeogr.

1187 1304 1257 1336 crit.
1284 1302 1342 1335 ΠΙ.
1373 1301 1401 1346 §.
1427 1302 1511 1334 255.
1542 1301 1603 1334 IV.
1631 1301 1659 1346 ἓ.
1683 1302 1780 1346 702).
1816 1303 2028 1335 Rotunditate
2051 1302 2148 1344 igitur

1187 1366 1243 1398 illa
1275 1366 1431 1397 exhausta
1460 1364 1643 1396 aetheream
1671 1363 1759 1395 venit
1791 1363 1860 1395 sine
1886 1364 1998 1395 mortis
2021 1363 2148 1405 legibus

1188 1437 1310 1458 aevum.
1336 1425 1412 1458 Non
1440 1425 1524 1457 enim
1546 1431 1797 1472 aeternumque,
1824 1425 1912 1469 quod
1930 1424 2064 1457 Grotius
2081 1424 2149 1458 edl-

1189 1489 1253 1530 dit,
1283 1488 1341 1521 sed
1371 1490 1620 1535 ausseert-umque
1642 1488 1674 1520 in
1705 1488 1869 1520 codicibus
1899 1488 2148 1522 Monacensibus

1188 1550 1405 1599 (B.G.I).E.
1422 1550 1500 1594 G.)‚
1528 1549 1734 1591 Britannico,
1763 1550 1915 1592 llugiano
1947 1556 1981 1583 et
2010 1550 2148 1583 Leiden—

1188 1615 1278 1647 oibus
1306 1614 1470 1659 (Oudend.
1493 1614 1533 1645 ad
1555 1613 1708 1657 Appulcj.
1732 1613 1774 1644 Π.
1803 1626 1834 1658 p.
1857 1613 1941 1657 141)
1967 1619 2085 1648 exstat.

1263 1675 1332 1722 ουί]
1367 1677 1419 1709 Dc
1452 1687 1531 1716 ovo,
1570 1676 1754 1708 morborum
1786 1677 1943 1718 remedio,
1980 1677 2044 1709 alio
2073 1676 2147 1709 loco

1189 1740 1374 1784 (Palae-ogr.
1396 1751 1438 1772 cr.
1456 1739 1515 1772 IV.
1541 1737 1570 1783 ἓ.
1589 1739 1676 1783 816)
1699 1740 1796 1771 verba
1824 1740 1895 1773 feci.
1921 1740 1972 1773 De
1996 1740 2150 1784 mysterio

1188 1808 1293 1834 antem
1327 1802 1359 1834 in
1385 1813 1424 1833 eo
1450 1801 1636 1834 Macrobius
1658 1800 1840 1846 (saturnal.
1873 1803 1906 1842 7,
1942 1802 2007 1846 16)
2036 1802 2148 1834 docet:

1194 1865 1251 1897 »ln
1275 1865 1374 1898 saeris
1398 1864 1507 1896 Liberi
1531 1864 1639 1897 Patris
1665 1866 1725 1897 liae
1745 1865 1951 1897 veneratione
1975 1877 2071 1898 ovum
2095 1877 2148 1898 co-

1188 1928 1280 1968 litur,
1311 1935 1347 1959 ut
1374 1940 1414 1960 ex
1440 1928 1542 1959 forma
1571 1928 1666 1960 tereti
1694 1940 1730 1960 ac
1755 1940 1838 1972 pene
1866 1928 2025 1974 sphaerali
2053 1935 2149 1973 atque

1189 1992 1458 2035 undiqueversum
1482 1991 1590 2024 clausa
1614 1996 1647 2023 et
1671 1991 1854 2024 includente
1879 1992 1962 2025 intra
1990 2004 2026 2025 se
2054 1992 2151 2025 vitam

1188 2055 1300 2089 mundi
1330 2055 1536 2088 simulacrum
1561 2060 1723 2087 vocetum

1266 2117 1414 2164 coccino]
1440 2118 1508 2150 Pro
1529 2120 1657 2151 coccino
1679 2130 1720 2151 ex
1734 2118 1898 2151 vossiano
1917 2125 1949 2151 et
1968 2119 2039 2151 aliia
2059 2129 2148 2151 revo-

1190 2183 1326 2216 candum
1350 2182 1486 2214 arbitror
1507 2184 1651 2223 crocino,
1682 2194 1763 2226 qnae
1787 2195 1867 2223 vox,
1895 2183 2000 2214 minus
2018 2182 2148 2214 librario

1189 2253 1282 2287 nota,
1316 2246 1419 2278 fraudi
1444 2246 1513 2277 suit.
1542 2245 1681 2278 Glossae
1707 2250 1793 2277 recte
1819 2245 2068 2289 interpretantur
2092 2256 2150 2291 per

1191 2324 1311 2346 croceo.
1338 2311 1545 2352 Unguentum
1561 2311 1724 2341 crocinum
1741 2320 1758 2339 c
1784 2307 1892 2339 Plinio
1912 2308 1980 2350 jam
1997 2308 2150 2353 produxit

1191 2374 1355 2409 Livineius
1383 2374 1423 2405 ad
1448 2373 1596 2417 Propert.
1624 2372 1684 2404 111.
1711 2371 1792 2413 cleg.
1816 2372 1873 2412 10,
1901 2371 1971 2412 22,
1994 2384 2089 2416 quam
2117 2372 2150 2406 in

1192 2451 1259 2472 rem
1297 2437 1389 2482 plura
1418 2436 1554 2469 eontulit
1587 2433 1802 2479 spanhemius
1835 2434 1876 2466 ad
1903 2434 2091 2468 Callimacln.
2115 2436 2150 2473 iu

1191 2501 1336 2547 Apollin.
1360 2512 1388 2532 v.
1408 2501 1475 2540 58,
1498 2504 1593 2542 atque
1620 2499 1683 2530 huc
1708 2509 1838 2541 quoque
1859 2498 2038 2542 pertinent,
2067 2510 2150 2544 qiuae

1192 2566 1277 2598 idem
1296 2568 1386 2597 notat
1410 2563 1450 2595 de
1475 2561 1570 2594 variis
1594 2561 1691 2593 rebus
1721 2573 1816 2593 croco
1842 2562 1950 2594 tinctis
1975 2563 2015 2595 ad
2039 2575 2068 2595 v.
2090 2564 2150 2604 85,

1194 2639 1289 2672 quem
1314 2636 1442 2669 quoque
1462 2623 1568 2656 locum
1584 2622 1727 2654 adhibuit
1748 2623 1927 2655 Burmann.
1953 2623 1994 2655 ad
2017 2624 2149 2657 Petron.

1195 2691 1302 2736 Satyr.
1321 2691 1381 2723 68.
1421 2687 1560 2734 Saepius
1591 2692 1697 2719 antem
1723 2698 1819 2719 voces
1848 2698 1959 2720 crocus
1984 2692 2018 2720 et
2035 2698 2150 2723 ,coccus
