2310 2860
66 1667 153 1710 765

170 153 259 195 610
735 145 935 188 Martiani
966 143 1167 200 Capellae
1196 142 1271 183 lib.
1291 141 1389 184 VII.
1419 144 1450 194 ᾗ.
1472 142 1572 183 762.

173 260 372 316 proxima
409 263 692 310 superquarto
734 253 840 294 ratio
882 262 941 293 est
979 253 1086 293 inter
1127 257 1288 304 septem
1332 258 1372 289 et
1407 258 1615 303 quatuor,
1663 249 1769 290 inter
1807 252 2132 305 quatuordecim

175 352 214 382 et
244 350 346 381 octo.
412 337 460 377 In
502 346 662 392 septem
706 345 744 375 et
775 335 863 390 ipsa
900 343 1087 389 quatuor
1126 339 1224 372 sunt
1264 338 1304 369 et
1338 329 1427 383 ejus
1459 338 1542 370 tres
1572 339 1762 383 quartae.
1821 331 1960 384 Atque
1999 343 2044 374 ut
2087 349 2135 375 ea

175 420 358 468 ratione,
391 431 503 471 quae
533 415 808 471 supertertiae
842 423 880 454 et
910 421 1220 468 superquartae
1246 411 1445 467 proxima
1469 421 1548 462 est,
1580 413 1762 466 majores
1789 413 1831 453 in
1858 413 1922 454 his
1946 416 2135 456 numeris

176 502 373 550 vincunt,
411 498 469 538 sic
499 497 661 538 ratione
693 496 890 551 proxima
918 495 1147 536 subtertiae
1182 503 1220 534 et
1257 494 1517 548 subquartae
1551 494 1735 535 minores
1768 509 1867 535 cum
1901 495 2136 548 majoribus

176 581 347 622 habent.
417 579 494 619 Illo
528 578 743 618 neminem
782 577 919 632 decipi
958 576 1175 626 convenit,
1220 584 1267 616 ut
1302 575 1493 630 aliquam
1529 576 1716 631 partium
1753 577 1958 617 rationem
1987 591 2139 631 super-

175 661 375 703 dimidiae
402 657 585 699 similem
611 666 739 713 putet.
772 657 884 697 Nam
911 655 944 696 si
966 669 1173 696 numerus
1195 656 1348 710 aliquis
1376 662 1609 697 numerum
1635 657 1822 712 aliquem
1852 666 1890 697 ct
1911 656 2137 697 dimidium

177 743 267 796 ejus
311 741 460 792 habet,
508 738 841 796 superdimidius
881 747 961 789 est3
1023 737 1055 777 si
1102 751 1337 778 numerum
1380 736 1568 790 aliquem
1613 746 1652 777 et
1696 737 1786 791 ejus
1832 732 1919 778 duo
1964 737 2141 779 dimidia

177 825 324 875 habet,
365 838 462 879 pars
497 831 568 863 est,
630 822 743 863 Nam
778 830 825 861 ut
855 820 965 861 duae
994 817 1169 873 quidem
1197 818 1342 858 tertiae
1376 818 1583 858 rationem
1617 818 1869 873 supertertio
1898 819 2140 873 proximam

175 904 356 955 habent,
407 903 464 943 sic
506 901 619 942 duae
662 909 840 954 quartae
877 901 1084 941 rationem
1129 909 1416 955 superquarto
1458 902 1702 955 proximam
1752 901 1973 955 recipiunt.
2026 901 2140 942 Nam

177 986 210 1026 si
247 986 342 1040 quis
378 985 518 1040 ipsum
554 994 593 1024 et
629 985 718 1037 ejus
751 982 857 1023 duas
895 991 1067 1036 quartas
1102 980 1250 1030 habet,
1292 979 1626 1035 superdimidius
1665 982 1755 1034 ejus
1797 990 1876 1033 est;
1922 990 1968 1021 ut
2001 981 2034 1021 si
2063 981 2143 1021 sint

177 1080 250 1105 sex
281 1064 331 1105 ad
369 1074 573 1119 quatuor:
606 1064 647 1104 in
682 1078 753 1103 sex
798 1063 910 1103 onim
943 1072 982 1103 et
1017 1070 1203 1116 quatuor
1243 1069 1340 1101 sunt
1382 1069 1420 1100 et
1459 1060 1548 1114 ejus
1591 1059 1703 1100 duae
1744 1070 1944 1114 quartae3
1996 1068 2141 1100 eontra

181 1160 305 1195 vcro,
345 1154 393 1185 ut
427 1159 475 1185 ea
512 1144 694 1195 ratione,
739 1158 850 1197 quae
887 1141 1164 1197 supertertiae
1198 1150 1237 1180 et
1269 1150 1579 1195 superquartae
1611 1141 1805 1195 proxima
1841 1150 1920 1191 est,
1960 1141 2142 1195 majores

181 1227 221 1267 in
262 1225 326 1266 his
357 1225 528 1266 numeri
560 1224 756 1273 vineunt,
805 1223 863 1262 sic
894 1223 1102 1263 rationem
1137 1222 1379 1276 proximam
1416 1221 1644 1261 subtertiae
1684 1230 1723 1261 et
1762 1221 2024 1275 subquartae
2061 1222 2143 1279 mi-

180 1322 305 1348 nores
345 1321 443 1346 cum
493 1304 728 1357 majoribus
776 1303 953 1354 habent3
1005 1302 1245 1355 eademque
1286 1301 1390 1340 ratio
1433 1301 1642 1355 procedit,
1689 1301 1796 1341 sicut
1839 1302 2144 1356 superquintae

182 1387 509 1428 ulterioribusve
540 1383 686 1424 similis
718 1391 788 1422 est.

295 1555 374 1597 DE
405 1530 751 1594 MULTIPLICI
782 1548 1367 1590 SUPERPARTICULARI
1397 1549 1475 1590 ET
1507 1549 2027 1590 SUPERPARTIENTI.

350 1662 459 1702 Hinc
494 1673 642 1700 rursus
675 1657 798 1710 plura
831 1655 1075 1695 discrimina
1107 1655 1325 1704 oriuntur,
1380 1655 1590 1708 siquidem
1624 1669 1736 1695 unus
1770 1669 1979 1695 numerus
2012 1662 2144 1708 potest

184 1743 317 1798 duplo
348 1740 539 1795 generari
569 1747 641 1777 aut
672 1734 978 1791 super-dimidio
1010 1742 1082 1774 aut
1112 1734 1363 1787 supertertio
1398 1744 1468 1775 aut
1495 1744 1782 1789 superquarto
1816 1734 2144 1775 ulterioribusve

185 1832 225 1863 et
261 1818 659 1874 multiplicationum
702 1825 741 1855 et
785 1814 1083 1854 membrorum
1123 1814 1369 1855 rationibus.
1441 1816 1654 1856 Ponamus
1685 1825 1871 1869 quatuor
1914 1825 1953 1855 et
1980 1815 2141 1856 decem.

184 1903 252 1942 Ex
282 1899 347 1940 his
376 1898 523 1938 decem
555 1896 688 1950 duplo
719 1905 758 1935 et
787 1895 1095 1949 superdimidio
1123 1896 1233 1936 aucti
1268 1905 1378 1936 sunt.
1439 1897 1551 1937 Nam
1587 1896 1650 1936 his
1679 1906 1886 1951 quaterna
1914 1904 2005 1936 octo
2034 1904 2144 1946 sunt,

188 1979 339 2023 deinde
368 1977 593 2019 dimidium
622 1986 806 2032 quatuor
829 1986 888 2016 est
918 1977 958 2017 in
992 1977 1173 2018 duobus.
1218 1980 1499 2034 Apponamus
1526 1988 1713 2033 quatuor
1734 1988 1773 2019 et
1797 1978 2144 2034 quatuordecim3

189 2078 240 2103 ex
282 2061 347 2101 his
386 2059 708 2114 quatuordecim
756 2058 880 2112 triplo
919 2068 958 2099 et
993 2061 1300 2115 supordimidio
1345 2062 1455 2102 aucti
1498 2072 1622 2114 sunt3
1679 2077 1780 2103 nam
1831 2072 1893 2103 ter
1937 2070 2144 2116 quaterna

189 2141 413 2183 duodecim
446 2148 564 2191 suut3
605 2139 756 2179 deiude
789 2139 1016 2181 dimidium
1046 2151 1232 2195 quatuor
1264 2152 1322 2182 est
1352 2143 1393 2182 in
1426 2142 1610 2183 duobus.
1671 2142 2000 2197 Progrediamur
2031 2140 2142 2180 ultra

190 2237 329 2278 usque
359 2229 545 2275 quatuor
576 2229 614 2259 et
643 2219 944 2275 duodeviginti.
988 2222 1054 2262 Ex
1076 2221 1140 2261 his
1167 2220 1457 2276 duodeviginti
1489 2221 1733 2276 quadruplo
1766 2230 1805 2260 ct
1835 2219 2142 2274 superdimidio

192 2306 485 2355 increverunt3
530 2316 632 2342 nain
676 2312 826 2357 quater
868 2304 1064 2359 quaterni
1098 2303 1281 2345 sedecim
1323 2311 1443 2352 sunt,
1497 2301 1648 2343 deinde
1696 2300 1922 2341 dimidium
1957 2309 2143 2354 quatuor

194 2455 225 2481 et
251 2447 363 2479 similia
385 2458 456 2478 esse
478 2443 640 2480 ἄπτωτα
658 2446 726 2490 ipse
747 2446 779 2478 in
801 2449 1002 2489 grammatica
1021 2450 1141 2484 docuit.
1195 2462 1257 2494 que
1274 2440 1559 2487 Reichenauensis‘,
1585 2448 1861 2484 Dan-mstnttensis,
1884 2453 1916 2478 et
1932 2448 2144 2478 Monacenses

194 2512 353 2544 GnoT.—
377 2511 525 2541 Praestat
543 2510 681 2551 vulgata.
1194 2513 1249 2557 (A.
1262 2513 1305 2557 C)
1321 2524 1379 2557 pro
1395 2524 1562 2543 numerum
1578 2511 1609 2542 in
1627 2511 1729 2542 editis.
1757 2512 1941 2542 Praestaret
1960 2516 2064 2542 tamen
2084 2522 2142 2542 rm-

263 2575 406 2607 ·numeris
430 2571 585 2618 vincunt]
610 2573 658 2605 lta
686 2584 794 2616 margo
823 2573 977 2608 Grotiaua
1001 2575 1141 2609 codices·
1193 2577 1294 2614 meri,
1319 2574 1405 2618 quod
1427 2574 1507 2605 infra
1533 2573 1566 2604 in
1593 2573 1702 2605 eadem
1732 2572 1837 2616 phrasi
1862 2572 1987 2613 legitur.
