2310 2860
209 199 293 241 128

791 195 993 239 Martiani
1032 193 1231 252 Capellae
1268 195 1340 238 lib.
1365 194 1397 237 Ι.
1437 196 1470 246 §.
1504 196 1573 238 89.

204 304 471 362 puellariter,
515 311 643 359 caput
678 302 758 345 illis
797 303 918 359 virga
948 301 1267 352 comminuens,
1309 299 1557 357 eisdemque
1588 302 1746 358 quibus
1777 302 1917 345 fuerat
1947 301 2160 345 eblandita

119 382 178 425 89
206 387 358 428 ictibus
406 384 564 426 crebris
603 385 807 426 verticem
845 382 1193 439 complicatisque
1228 381 1272 422 in
1308 380 1511 438 condylos
1541 381 1676 438 digitis
1713 384 1982 426 vulnerabat.

2043 385 2160 426 IIaec

202 484 306 511 mox
332 477 381 508 ut
402 468 508 510 Fata
531 468 750 523 conspexit
767 466 911 508 omnia
937 479 1049 520 quae
1074 463 1331 520 gerebantur
1353 462 1397 503 in
1416 461 1533 503 Jovis
1559 463 1803 505 consistorio
1832 464 2075 514 subnotare,
2108 461 2160 503 ad

204 563 361 590 corum
390 548 521 589 libros
561 557 600 589 et
638 548 892 604 pugillarem
933 545 1133 602 paginam
1175 541 1386 592 cucurrit,
1427 550 1467 582 et
1500 540 1715 583 licentiore
1754 544 1941 599 quadam
1989 542 2161 594 fiducia,

207 630 321 685 quae
360 628 472 669 facta
504 638 801 684 conspexerat,
839 628 1054 684 inopinata
1091 623 1373 680 descriptione
1403 622 1628 678 corripuit,
1665 632 1714 664 ut
1744 624 1957 680 quaedam
1987 633 2162 681 repente

203 708 530 763 prorumpentia
573 707 692 749 velut
728 723 877 750 rerum
917 708 1071 749 scriem
1111 706 1433 764 perturbarent3
1489 704 1572 746 alia
1608 719 1735 757 vero,
1775 720 1888 761 quae
1934 720 2164 749 causarum

203 787 310 828 ratio
341 796 564 843 prospecta
593 788 864 843 vulgaverat,
897 788 1104 844 quoniam
1134 787 1275 829 facere
1305 785 1542 842 improvisa
1570 801 1657 827 non
1689 795 1872 842 poterat,
1903 786 1988 827 suis
2018 795 2162 827 tamen

119 865 180 907 90
208 867 409 924 operibus
437 869 671 924 arrogabat.
702 870 798 910 Post
821 870 932 911 hanc
962 871 1091 925 vulgo
1123 868 1251 910 ceteri
1280 866 1506 909 devenere.
1536 865 1702 923 Jupiter
1732 880 1848 908 nunc
1877 866 1982 908 solio
2012 864 2166 907 resedit

204 950 507 1005 praecepitque
545 960 716 991 cunctos
754 966 833 1006 pro
871 952 1012 993 meriti
1048 950 1197 992 ordine
1228 948 1427 992 residere.
1479 948 1695 1004 Tuncque
1733 949 1933 991 subsellia
1965 947 2164 990 flamma-

281 1063 377 1100 caput
399 1057 628 1104 comminuens]
656 1058 724 1092 vix
747 1060 808 1092 hoc
831 1060 1007 1102 intelliges,
1035 1061 1098 1092 nisi
1121 1060 1161 1091 ad

205 1120 317 1163 capitis
339 1120 587 1153 deminutionem
614 1123 816 1166 respexeris,
844 1135 882 1155 eo
903 1124 1032 1165 quidem
1051 1135 1160 1162 sensu,

204 1192 269 1223 quo
289 1180 322 1213 in
334 1181 406 1222 jure
426 1182 575 1213 Romano
593 1188 695 1213 status
712 1183 744 1214 in
765 1184 857 1226 pejus
877 1189 1017 1215 mutatus
1037 1183 1160 1215 dieitur.

203 1239 313 1274 Simili
342 1241 437 1273 modo
467 1242 629 1273 Fortunae
669 1243 751 1275 facta
783 1243 931 1286 Vellejus
968 1244 1160 1276 Paterculus

202 1302 258 1346 (2,
289 1303 377 1343 118,
407 1303 441 1334 4.
458 1315 489 1347 p.
510 1305 582 1337 588
606 1303 730 1347 Burm.)
755 1305 920 1337 describit:
945 1305 1095 1349 »Quippe
1117 1306 1162 1338 ita

205 1375 241 1396 se
271 1374 324 1395 res
351 1364 463 1404 habet,
496 1369 530 1395 ut
558 1365 764 1409 plerumque,
796 1367 851 1411 qui
878 1368 1037 1399 fortunam
1061 1373 1161 1398 muta-

203 1435 296 1462 turus
316 1435 366 1461 est
388 1430 478 1472 deus,
501 1432 634 1464 consilia
659 1439 841 1477 corrumpat
862 1435 1051 1478 efficiatque,
1075 1433 1163 1478 quod

203 1493 416 1526 miserrimum
438 1499 503 1535 est,
536 1500 571 1525 ut
596 1496 684 1539 quod
709 1496 840 1537 accidit,
866 1498 961 1529 etiam
979 1497 1092 1529 merito
1110 1509 1161 1530 ac-

202 1556 321 1590 cidisse
342 1557 489 1589 videatur
510 1564 543 1590 ct
567 1571 660 1591 casus
678 1560 713 1592 in
732 1561 858 1605 culpam
880 1567 1055 1597 transean-
1087 1561 1163 1606 Ipsa

204 1624 311 1664 autem
327 1619 447 1652 locutio
465 1620 616 1653 Plautina
630 1620 844 1666 (Menaechm.
864 1625 896 1655 5.
919 1624 952 1655 2.
976 1624 1056 1655 104.
1075 1623 1163 1655 Rud.

203 1681 238 1712 4.
266 1680 300 1712 4.
332 1680 403 1724 74).

278 1743 538 1790 εοηιρῑῐεαιίεφιε
557 1745 592 1776 in
614 1744 778 1791 condylos]
808 1745 858 1778 Ita
889 1744 978 1778 Saxo
1008 1757 1162 1787 gramma-

204 1802 304 1836 ficus:
333 1805 549 1848 »complicatis
581 1806 614 1837 in
640 1807 796 1850 condylos
824 1807 960 1849 digitis«
1000 1807 1162 1839 Domitius

206 1864 247 1895 ad
270 1865 450 1897 Martialem
467 1866 509 1898 V.
533 1867 631 1910 epigr.
658 1869 722 1899 80:
746 1869 954 1912 »Condylus«
978 1868 1082 1911 inquit
1111 1868 1163 1899 »in

204 1926 335 1958 musicis
360 1927 475 1959 dieitur
500 1928 672 1969 digitorum
693 1935 862 1961 curvatura
883 1942 985 1973 usque
1009 1930 1049 1961 ad
1074 1929 1162 1960 dimi-

207 1987 295 2019 dium
323 1989 461 2020 01·bcm.«
513 1989 706 2022 Catliolicon
740 1991 794 2022 Fr.
820 1991 897 2022 Joh.
930 1992 969 2022 de
998 1992 1106 2023 Janua
1129 1991 1162 2022 in

206 2061 285 2082 voce
311 2050 493 2094 Condfflus:
528 2050 579 2083 »A
605 2051 734 2085 Condo«
764 2052 808 2083 ait
838 2053 971 2085 »dicitur
993 2053 1161 2096 eondylus,

208 2111 242 2145 id
265 2120 316 2145 cst
341 2115 462 2155 nodus,
493 2120 525 2146 ct
551 2116 723 2159 praecipue
748 2116 803 2159 qui
828 2123 960 2161 apparet
983 2117 1017 2148 in
1047 2117 1161 2149 articu-

208 2173 249 2205 lis
275 2175 445 2216 digitorum
465 2188 573 2220 puguo
599 2177 726 2217 clauso,
759 2190 823 2222 quo
853 2179 993 2210 solemus
1019 2178 1161 2222 quando-

211 2250 273 2282 que
296 2239 399 2281 capila
420 2251 593 2284 puerorum
613 2246 810 2284 percuterem
843 2241 938 2274 Adde
960 2243 1028 2274 Jul.
1050 2242 1162 2274 Pollu-

211 2313 280 2335 cem
303 2303 395 2336 wll.
414 2316 480 2348 cap.
499 2306 531 2337 7.
554 2305 754 2349 Hesychius:
779 2306 1026 2352 RovdeL'CEb,
1053 2307 1164 2342 κολα·

214 2364 333 2412 φὶζει.
375 2363 601 2411 Ηόνὸυλος,
637 2365 768 2415 ἕτερόν
800 2382 839 2405 τι,
872 2370 943 2405 τοῦ
970 2368 1162 2417 κολάφου.

210 2426 370 2461 Sirmium
394 2430 448 2474 (ad
468 2429 590 2464 Saxon.
615 2443 648 2474 p.
663 2431 733 2473 25).
752 2450 800 2455 —
830 2429 1035 2472 Ηόνὸυλος
1062 2432 1167 2464 differt

212 2505 230 2525 a
253 2494 389 2538 colapho
414 2506 453 2525 co
478 2494 566 2538 quod
588 2494 640 2526 hic
667 2507 807 2538 expansa
828 2508 939 2528 manus
965 2497 1086 2541 palma,
1118 2496 1165 2527 in-

212 2556 321 2587 teriori
342 2568 454 2588 manus
478 2563 584 2600 parte,
614 2556 669 2588 ille
687 2557 836 2588 exteriori
857 2564 889 2589 ct
917 2559 1058 2591 articulis
1086 2557 1164 2599 digi—

213 2624 318 2650 torum
347 2620 515 2662 infligitur,
549 2621 687 2666 ideoque
722 2621 909 2667 probrosior
947 2628 996 2655 cst
1027 2621 1164 2655 habitus.

1212 1059 1309 1103 (Toll.
1334 1059 1374 1090 ad
1396 1057 1532 1100 Longin.
1554 1069 1585 1101 p.
1604 1058 1687 1089 252.
1709 1058 1894 1090 Ilemsterln.
1921 1057 1961 1089 ad
1982 1057 2116 1090 Lucian.
2140 1054 2165 1088 I.

1211 1133 1242 1163 p.
1275 1120 1348 1151 465
1383 1119 1456 1162 Bip.
1492 1120 1659 1150 Dcmosth.
1696 1119 1764 1150 adv.
1796 1119 1875 1151 Mid.
1901 1131 1932 1162 p.
1953 1119 2026 1150 557
2055 1117 2166 1150 Reisk.

1211 1180 1319 1222 ibique
1347 1179 1475 1222 Taylor.
1494 1180 1634 1210 Thomas
1655 1180 1783 1220 Magist.
1806 1191 1835 1210 v.
1855 1177 1921 1214 ἐπὶ,
1941 1175 2107 1226 κόρῥης).

1287 1241 1385 1287 Fata]
1413 1242 1463 1274 Ita
1491 1253 1550 1285 pro
1581 1241 1738 1274 Grotiano
1766 1242 1856 1285 faeta
1880 1242 2007 1274 codices
2031 1242 2166 1273 Reiche-

1212 1306 1381 1345 narnensis,
1410 1305 1621 1346 Dresdensis,
1654 1305 1823 1336 Leidensis
1849 1305 1991 1347 (Munek.
2015 1304 2054 1335 ad
2074 1303 2166 1345 Fulg.

1212 1382 1242 1413 p.
1264 1370 1322 1401 40.
1342 1369 1484 1402 Gronov.
1505 1368 1544 1399 ad
1568 1368 1653 1400 Gell.
1678 1369 1718 1407 5,
1741 1367 1812 1411 16),
1837 1367 2020 1408 Hugianns,
2044 1372 2076 1398 ct
2096 1367 2166 1399 Μο-

1212 1442 1367 1462 naeenses
1388 1429 1439 1473 (B.
1456 1429 1498 1460 l).
1518 1429 1557 1460 E.
1577 1428 1651 1472 G),
1687 1428 1820 1469 habent,
1845 1440 1984 1472 moxque
2010 1440 2069 1473 pro
2093 1428 2168 1460 sub-

1213 1494 1321 1525 notari
1356 1490 1578 1531 Britannicus,

1213 1556 1266 1600 (C.
1285 1556 1326 1587 D.
1348 1555 1387 1586 E.
1408 1553 1463 1596 G.)
1480 1553 1667 1594 HugianuS,
1689 1553 1905 1593 Basileensis,
1933 1552 2166 1584 Darmstatten-

1215 1619 1280 1658 sis,
1313 1623 1345 1649 et
1367 1617 1640 1659 Guelferbytanus
1667 1617 1849 1648 subnotare.
1894 1616 2034 1649 Videtur
2057 1621 2169 1648 noster

1624 1489 1912 1531 Cantabrigiensis,
1953 1490 2168 1522 Monacenseo

1213 1682 1369 1713 Pacatum
1395 1680 1441 1724 (in
1463 1691 1612 1724 panegyr.
1637 1680 1702 1720 18,
1728 1680 1761 1711 4.
1790 1692 1820 1723 p.
1842 1680 1889 1711 59
1914 1678 2042 1723 Arutz.)
2066 1679 2167 1711 imita-

1213 1750 1265 1774 tus
1292 1754 1384 1783 csse,
1407 1742 1462 1773 ubi
1480 1741 1616 1782 legitur:
1632 1741 1721 1772 »Deo
1740 1741 1885 1773 feruntur
1906 1741 2061 1774 adsistere
2081 1741 2169 1774 Fata

1215 1819 1286 1839 cum
1311 1807 1455 1838 tabulis«
1481 1805 1616 1849 (Confer
1638 1803 1665 1848 ξ.
1685 1804 1768 1848 65).

1289 1882 1370 1918 qnae
1392 1868 1495 1914 siu-ta]
1522 1869 1572 1901 Ita
1594 1869 1710 1900 clarius
1732 1868 1902 1900 Leidensis
1928 1867 2096 1912 (Arntzcn.
2128 1868 2170 1901 ad

1214 1944 1328 1976 paneg.
1357 1931 1382 1962 I.
1415 1944 1446 1975 p.
1468 1931 1516 1962 49.
1548 1930 1582 1974 s.)
1616 1936 1648 1962 ct
1675 1930 1870 1962 Dresdcnsis
1903 1931 2054 1963 omissam
2084 1931 2169 1976 apud

1215 1993 1364 2027 Grotium
1386 2005 1497 2025 vocem
1519 1992 1611 2036 facta
1635 1992 1795 2024 exhibent.

1290 2053 1462 2099 corripuit]
1508 2055 1733 2098 Descriptione
1771 2053 1892 2098 aliquid
1929 2056 2086 2098 corripere
2119 2058 2173 2086 est·

1220 2117 1424 2150 »festinanter
1447 2116 1680 2147 describentem
1705 2116 1825 2158 aliquid
1846 2115 2088 2158 persa-ingeres

1288 2176 1465 2223 devenere]
1509 2178 1577 2209 Pro
1611 2177 1769 2210 Grotiano
1811 2177 1965 2207 devenere
1996 2176 2168 2217 Ilugianus

1214 2243 1343 2288 quidem
1359 2241 1462 2274 codex
1477 2241 1608 2272 exhibet
1627 2241 1673 2271 dii
1686 2239 1885 2271 venerezsed
1907 2239 2066 2280 vulgatam
2084 2246 2168 2272 cete-

1214 2306 1323 2349 risque
1340 2314 1539 2336 communem
1559 2301 1731 2333 lectionem
1748 2311 1814 2330 non
1833 2311 1929 2331 ausus
1948 2313 2018 2331 sum
2036 2307 2168 2335 mutare.

1289 2365 1396 2412 nilne]
1436 2367 1487 2398 Ita
1520 2365 1647 2397 codices
1683 2363 1967 2404 Darmstattensis,
2001 2363 2169 2398 Cantabri.

1217 2430 1354 2474 giensis,
1393 2433 1426 2459 et
1458 2432 1540 2458 teste
1574 2425 1686 2458 Cortio
1721 2424 1994 2469 Guelferbytanus
2040 2426 2168 2460 omnino

1216 2493 1330 2526 melius
1355 2501 1451 2533 quam
1480 2487 1631 2527 Grotius,
1666 2486 1721 2531 qui
1746 2492 1824 2519 tunc
1851 2485 1959 2519 edidit.

1288 2567 1347 2600 pro
1364 2553 1472 2584 meriti
1493 2549 1617 2596 ordine]
1644 2550 1694 2582 Ita
1716 2562 1813 2595 supra
1833 2549 1874 2594 (§.
1896 2550 1959 2593 41)
1980 2551 2074 2584 etiam
2095 2560 2165 2583 coe-

1214 2618 1325 2655 licolas
1345 2615 1516 2649 advocatos
1543 2624 1614 2646 csse
1640 2611 1776 2655 legimus
1806 2623 1883 2656 »pro
1905 2623 1964 2644 suo
1993 2611 2103 2643 ordine
2129 2622 2166 2645 ae
