2310 2860
209 160 301 203 604
769 157 967 198 Martiani
999 156 1198 214 Capellae
1227 158 1300 201 lib.
1324 157 1420 199 VII.
1453 160 1484 210 §.
1509 159 1608 200 755.

211 268 310 324 ipsis
342 276 414 307 est.
471 263 671 320 Exempli
702 279 829 305 causa
861 280 1086 306 sumamus
1114 281 1200 306 sex.
1259 266 1313 307 Hi
1345 275 1382 306 et
1416 266 1457 306 in
1489 267 1651 321 singula
1683 267 1813 309 dividi
1844 280 2016 323 possunt
2044 279 2084 312 et
2111 269 2153 312 in

207 350 308 391 bina
342 357 380 388 et
409 348 451 387 in
482 356 622 397 terna,
669 361 806 401 quum
841 357 880 387 et
909 348 1042 388 sexies
1077 347 1262 402 singula,
1301 356 1341 387 et
1370 357 1433 387 ter
1464 347 1581 397 bina,
1620 357 1658 387 et
1688 348 1750 387 bis
1787 357 1905 388 terna
1940 349 2039 391 fiant
2068 365 2154 391 sex.

204 432 316 485 Ergo
357 439 495 484 partes
536 429 625 481 ejus
667 439 765 469 sunt
807 444 965 480 unum,
1010 429 1118 480 duo,
1166 429 1257 469 tria.
1332 429 1459 468 Nunc
1498 428 1540 468 in
1577 442 1712 468 unum
1760 443 1833 468 eae
1868 429 2153 480 conferantur,

202 494 435 551 fiunt‘sex.
494 508 585 549 Hoc
624 518 683 549 cst
718 524 805 549 esse
838 524 984 565 parem
1015 511 1204 565 partibus
1239 510 1345 561 suis,
1386 520 1425 551 et
1455 510 1535 551 hoc
1575 512 1745 551 numeri
1782 526 1913 566 genus
1940 511 1980 551 in
2013 510 2154 565 aliqua

201 590 358 649 virtute
398 599 478 641 est3
544 600 680 631 cetera
718 590 758 631 in
804 591 925 642 vitio,
973 592 1124 633 velex
1163 601 1409 648 superante,
1458 592 1526 651 vel
1571 607 1622 632 ex
1666 591 1896 632 deficiente.
1960 593 2020 632 Ut
2053 601 2155 647 puta

199 686 423 712 sumamus
450 671 689 713 duodecim.
737 672 790 713 Et
819 671 1045 712 duodecies
1077 672 1259 726 singula,
1291 681 1329 712 et
1362 672 1495 712 sexies
1533 672 1652 722 bina,
1694 682 1734 712 et
1766 682 1916 726 quater
1944 682 2084 723 terna,
2115 681 2154 712 et

198 761 259 792 ter
292 762 520 807 quaterna,
560 762 598 793 et
632 753 694 793 bis
724 768 823 793 sena
856 753 1082 793 duodecim
1113 762 1229 804 sunt3
1268 753 1411 808 itaque
1443 754 1533 806 ejus
1570 763 1707 808 partes
1733 763 1830 794 sunt
1862 768 2020 804 unum,
2052 752 2153 803 duo,

195 832 294 882 tria,
339 842 546 886 quatuor,
599 847 695 882 sex,
736 847 847 887 quae
890 833 1057 884 junctae
1093 834 1133 873 in
1173 849 1309 876 unum
1363 836 1544 876 sedecim
1586 836 1783 877 officiunt.
1850 837 1931 877 Hic
1972 835 2153 891 amplior

194 913 380 968 perfecto
414 929 621 954 numerus
659 923 728 954 est.
795 915 850 955 At
881 915 1063 955 sedecim
1105 913 1211 955 fiunt
1250 917 1401 969 junctis
1435 917 1606 973 singulis
1641 918 1844 967 sedecies,
1886 917 2043 958 octonis
2074 917 2150 968 bis,

192 993 300 1035 binis
334 996 478 1046 octies,
531 1006 682 1050 quater
722 997 959 1049 quaternis3
1018 1011 1160 1051 neque
1192 996 1349 1053 pariter
1379 996 1455 1037 has
1488 997 1521 1036 si
1567 996 1693 1037 facias
1731 997 1815 1038 ulla
1852 998 1941 1051 ejus
1981 997 2153 1038 numeri

191 1090 392 1117 mensura
419 1086 499 1128 est3
532 1077 669 1117 collati
697 1087 838 1117 autem
860 1077 901 1117 in
928 1092 1064 1118 unum
1096 1093 1227 1127 unus,
1255 1077 1363 1128 dno,
1391 1088 1598 1132 quatuor,
1633 1087 1724 1118 octo
1750 1094 1832 1118 non
1858 1078 1967 1119 ultra
1991 1079 2151 1119 faciunt

192 1170 324 1210 quam
357 1156 624 1211 quindecim,
657 1157 798 1197 minus
829 1172 900 1208 eo,
946 1173 998 1198 ex
1034 1173 1121 1213 quo
1157 1160 1236 1199 orti
1268 1168 1377 1199 sunt.
1417 1159 1495 1199 Hic
1529 1159 1803 1213 imperfectus
1834 1173 2042 1199 nume-rus
2074 1167 2145 1199 est.

664 1313 739 1354 DE
779 1313 982 1355 PLANIS
1021 1315 1100 1355 ET
1139 1313 1364 1355 SOLIDIS
1403 1313 1683 1354 NUMERIS.

354 1417 437 1458 Alii
468 1418 592 1458 etiam
623 1418 738 1473 plani
773 1419 944 1459 numeri
976 1429 1093 1470 sunt,
1142 1419 1209 1460 alii
1250 1418 1568 1459 crassitudinem
1608 1433 1783 1473 quoque
1820 1419 1862 1459 in
1901 1434 1945 1459 se
1976 1418 2145 1460 habent.

184 1496 364 1538 Planum
400 1512 633 1537 numerum
666 1506 753 1538 esse
789 1499 942 1539 Graeci
975 1499 1142 1550 dicunt,
1184 1501 1258 1554 qui
1300 1515 1322 1540 a
1356 1500 1525 1541 duobus
1563 1501 1753 1541 numeris
1788 1501 2035 1542 continetur.

2096 1501 2143 1543 Id

185 1578 393 1633 ejusmodi
432 1588 509 1619 est:
560 1579 602 1619 in
638 1580 799 1620 ratione
843 1595 1145 1621 mensurarum
1185 1590 1350 1621 tantum
1391 1581 1443 1621 de
1477 1597 1629 1622 norma
1667 1582 1889 1631 contineri,
1931 1591 2142 1636 quantum

187 1674 209 1700 a
244 1669 326 1700 toto
366 1659 683 1714 quadrangulo,
730 1661 850 1713 cujus
886 1675 983 1715 pars
1016 1661 1058 1700 in
1102 1675 1150 1700 ea
1192 1676 1343 1702 norma
1391 1663 1462 1712 sit,
1513 1663 1767 1702 existimant.

1837 1661 1941 1701 Item
1979 1661 2031 1701 ad
2061 1674 2143 1700 nu—

2084 1718 2100 1734 Ο

185 1754 324 1780 meros
353 1739 498 1794 planos
530 1739 796 1789 reseruntur,
836 1740 911 1794 qui
936 1740 977 1780 in
1008 1740 1094 1781 duo
1117 1741 1248 1783 latera
1275 1742 1548 1793 ordinantur,
1573 1744 1631 1782 sic
1666 1752 1712 1782 ut
1741 1751 1903 1782 rectum
1934 1739 2140 1795 angul‘hm

257 1859 314 1879 eae
341 1846 570 1892 conferantur]
605 1848 695 1879 Ilaec
722 1861 779 1891 pro
814 1850 875 1880 hae
906 1850 1137 1892 confomantur,

183 1917 216 1942 et
242 1923 317 1942 mox
342 1910 425 1952 fiunt
454 1923 511 1954 pro
534 1911 614 1953 fian!
642 1911 673 1942 in
698 1912 808 1952 editis,
837 1924 854 1943 e
877 1913 1040 1944 codicibus
1064 1913 1138 1944 Rei-

183 1972 392 2012 elienaucnsi,
419 1973 680 2011 Darmstattensi,
707 1979 738 2004 et
753 1974 1002 2005 floriacensibus
1019 1974 1075 2018 (A.
1097 1974 1139 2017 C)

183 2034 321 2066 restitui.

258 2107 301 2127 ex
327 2093 519 2139 superante]
549 2094 605 2127 Sic
637 2096 738 2127 codex
767 2096 1059 2137 Reiclucnauensis3
1105 2098 1137 2128 in

184 2158 277 2191 editis
303 2164 501 2200 exuperante
528 2164 604 2188 erat.
645 2159 857 2191 Monacenses
880 2160 937 2203 (Α.
957 2161 999 2203 C)
1022 2162 1137 2192 exube-

184 2226 295 2260 rante,
321 2231 415 2262 quam
441 2219 610 2249 lectionem
629 2219 695 2259 jam
715 2219 847 2251 Grotius
871 2221 903 2252 in
923 2222 1062 2263 margine
1080 2234 1135 2253 no-

185 2283 277 2323 tavit,
312 2281 500 2313 confusione
529 2281 624 2313 simili
652 2283 778 2326 qualem
805 2285 888 2328 apud
914 2285 1063 2316 Persium
1084 2287 1137 2329 (5,

187 2347 248 2390 83)
271 2346 458 2377 invenimus.

262 2414 292 2439 et
309 2413 424 2454 qualea-
442 2405 548 2451 terna]
576 2406 708 2438 Omissa
730 2409 807 2439 haec
825 2408 859 2440 in
881 2409 975 2440 editis
993 2410 1139 2453 supplevi

190 2483 208 2503 c
233 2471 396 2503 codicibus
424 2471 671 2503 Monacensibus
699 2471 758 2515 (Λ.
778 2471 839 2515 C),
864 2473 1139 2516 Reichenauemi,

192 2540 223 2565 el
245 2535 501 2567 Darmstattcnsi.
1042 2540 1045 2541 ⁷

265 2599 387 2640 paz-iter
412 2597 489 2643 luas]
523 2598 708 2641 Legendum
735 2611 806 2631 esse
831 2606 959 2643 practer
982 2602 1041 2633 has
1066 2601 1137 2633 luce

1190 1851 1305 1882 clarius
1331 1856 1394 1890 cst,
1424 1851 1481 1882 scd
1506 1851 1555 1881 vel
1577 1856 1684 1894 aperta
1710 1850 1823 1881 menda
1847 1849 1954 1881 invitis
1981 1848 2144 1881 codicibus

1189 1914 1351 1955 corrigere
1380 1926 1444 1945 non
1471 1914 1626 1945 sustineo.

1264 1988 1283 2006 a
1309 1977 1431 2007 duobus
1456 1973 1609 2019 numeris]
1639 1975 1729 2005 Theo
1752 1974 1948 2017 Smyrnaeus
1974 1975 2140 2017 (arithmct.

1190 2041 1222 2076 7,
1249 2053 1281 2083 p.
1297 2040 1374 2081 54)ι
1391 2038 1472 2072 τῶν
1486 2037 1525 2073 δὲ
1545 2037 1752 2073 ὄυνθέτων
1773 2035 1867 2077 τοὺς
1883 2036 1952 2080 μὲν
1970 2034 2048 2071 ὑπὸ
2070 2033 2140 2071 δύο

1188 2097 1367 2146 ἀριθμῶν
1385 2099 1695 2145 περιεχομένους
1712 2099 1896 2133 καλοῦσιν
1915 2096 2137 2139 ἐπιπέδους,

1189 2160 1243 2202 ὡς
1272 2160 1369 2196 κατὰ
1394 2159 1463 2196 δύο
1497 2160 1712 2201 διαστάσεις
1740 2159 2040 2206 θεωρουμένους
2075 2158 2139 2194 καὶ,

1188 2222 1274 2261 οἷον
1307 2222 1385 2259 ὑπὸ
1425 2222 1575 2270 μήκους
1605 2223 1668 2258 καὶ
1701 2221 1878 2262 πλάτους
1911 2221 2138 2269 περιεχομέ-

1187 2296 1301 2325 νους·
1329 2283 1422 2324 τοὺς
1449 2284 1489 2319 δὲ
1517 2282 1596 2319 ὑπὸ
1628 2283 1746 2329 τριῶν
1770 2281 1965 2329 στερεοῦς,
1995 2281 2050 2323 ὠς
2074 2282 2137 2318 καὶ

1188 2348 1262 2395 τὴν
1281 2348 1416 2395 τρίτην
1436 2344 1634 2383 διάστασιν
1660 2344 1988 2393 προςειληῳότας·
2013 2357 2136 2394 περιο-

1188 2409 1272 2456 χὴν
1297 2409 1337 2444 δὲ
1369 2409 1552 2444 καλοῦσιν
1579 2405 1759 2455 ἀριθμῶν
1789 2406 1858 2443 τὸν
1884 2409 1931 2443 δι’
1955 2405 2138 2454 ἀλλήλων

1188 2471 1310 2509 αὐτὸν
1337 2469 1698 2516 πολυπλασιαόμόν.

1261 2533 1394 2579 planos]
1423 2535 1474 2583 ¹lta
1500 2535 1789 2572 Reiehenauensis‚
1815 2534 2078 2567 Damnstattensis
2105 2539 2136 2566 et

1188 2598 1390 2634 Monacensis
1409 2598 1476 2642 (A).
1507 2599 1680 2643 perperam
1704 2599 1737 2630 in
1759 2599 1852 2630 editis
1872 2599 1969 2641 plani.
