2310 2860
185 171 274 214 548
759 171 958 213 Martiani
997 171 1197 228 Capellae
1235 173 1309 215 lib.
1338 173 1414 215 VI.
1444 176 1475 226 ᾗ.
1496 174 1596 216 671.

185 281 380 330 Oeensis,
429 289 468 320 et
497 280 640 335 Leptis
679 293 844 335 magna.
904 279 1008 320 Inde
1043 280 1176 334 Syrtis
1219 281 1377 334 major,
1421 282 1621 323 circuitus
1656 293 1960 326 sexcentorum
1993 287 2137 342 viginti

64 359 152 402 672
183 363 374 418 quinque
407 360 604 400 millium.
665 361 792 401 Tunc
824 360 1058 416 Cyrenaica
1092 363 1226 417 regio,
1274 364 1422 405 eadem
1456 374 1515 405 est
1552 365 1880 421 Pentapolitana,
1916 368 2136 410 Ammonis

181 442 355 485 oraculo
384 451 633 493 memorata,
665 442 781 497 quod
808 457 829 483 a
857 441 1034 496 Cyrenis
1057 443 1172 483 abest
1198 444 1514 500 quadringentis
1539 445 1725 486 millibus
1752 461 1971 502 passuum.
2007 448 2140 488 Urbes

178 524 396 566 maximae
442 524 500 564 ibi
546 524 764 579 quinque,
817 524 1039 575 Berenice,
1081 526 1279 578 Arsinoe,
1332 527 1613 579 Ptolemaida,
1660 528 1904 583 Apollonia,
1961 529 2138 584 ipsaque

179 605 362 661 Cyrene.
428 606 627 646 Berenice
673 614 813 645 autem
859 605 901 645 in
942 615 1131 646 extremo
1174 607 1306 661 Syrtis
1353 622 1504 659 cornu,
1558 608 1631 648 ubi
1673 609 1958 663 Hesperidum
2004 609 2138 659 horti,

176 686 336 727 fluvius
382 686 570 737 Lethon,
620 687 765 727 Lucus
809 702 949 738 sacer,
1004 688 1120 728 abest
1165 703 1187 728 a
1232 689 1354 744 Lepti
1397 690 1590 730 trecentis
1641 690 1901 745 septuaginta
1947 690 2139 744 quinque

177 767 392 820 millibus3
425 769 478 809 ab
506 783 553 808 ea
577 768 755 809 Arsinoe
775 769 1054 823 quadraginta
1078 769 1225 819 tribus,
1257 778 1295 810 et
1319 769 1516 825 deinceps
1539 770 1763 810 Ptolemais
1789 771 1931 824 viginti
1954 769 2138 818 duobus,

175 848 417 903 proculque
459 848 771 889 Catabathmon
814 858 852 889 et
892 849 1200 899 Marmarides,
1240 859 1279 890 et
1309 851 1349 889 in
1382 864 1456 890 ora
1487 851 1621 904 Syrtis
1656 851 1941 901 Nasan10nos3
1983 848 2134 890 deinde

174 927 398 978 Mareotis,
441 929 751 981 Maretonium3
792 930 889 970 inde
921 931 1022 985 Apis
1048 933 1229 986 Aegypti
1264 932 1406 983 locus,
1438 947 1461 972 a
1493 946 1580 987 quo
1613 933 1909 972 Paraetonium
1943 931 1984 971 in
2015 944 2138 971 sexa-

172 1010 284 1065 ginta
314 1011 484 1051 duobus
510 1011 719 1062 millibus,
751 1011 848 1051 inde
874 1011 1179 1053 Alexandriam
1206 1012 1387 1052 ducenta
1419 1012 1565 1052 millia.
1623 1012 1772 1052 Totius
1802 1021 1943 1052 autem
1966 1011 2135 1052 Africae

172 1104 196 1130 a
237 1092 346 1131 mari
390 1092 597 1131 Atlantico
641 1091 859 1145 longitudo
891 1106 991 1131 eum
1033 1093 1232 1133 inferiore
1264 1094 1458 1147 Aegypto
1497 1093 1633 1132 tricies
1673 1092 1953 1146 quadraginta
1992 1091 2136 1140 millia,

171 1169 226 1208 ab
259 1170 430 1210 Oceano
464 1171 516 1210 ad
548 1170 851 1225 Carthaginem
885 1187 1084 1227 magnam
1116 1172 1315 1212 undecies
1346 1171 1516 1222 millies,
1550 1172 1602 1211 ab
1635 1186 1683 1212 ea
1715 1171 1767 1212 ad
1792 1171 2019 1227 Canopum
2049 1171 2136 1212 Nili

170 1250 420 1303 proximum
453 1252 607 1291 ostium
640 1252 857 1293 sexdecies
890 1253 1041 1293 millies
1073 1254 1313 1308 octuaginta
1346 1263 1437 1293 octo
1473 1253 1619 1293 millia.

247 1356 393 1401 Oeensis]
422 1357 478 1389 Sic
502 1358 627 1389 Plinius
651 1360 704 1402 (5,
728 1361 768 1399 5,
796 1360 849 1402 4),
875 1361 925 1391 cui
953 1361 1126 1404 adstipula-

167 1425 222 1450 tur
246 1420 348 1451 codex
370 1420 661 1462 Reichenanensis3
692 1423 787 1464 vulgo
813 1424 959 1455 Oeensis.

241 1482 439 1528 Cyrenaica]
477 1485 529 1516 Ex
556 1485 665 1517 Plinio
689 1487 747 1528 (5,
781 1488 819 1526 5,
844 1487 901 1529 5)=
930 1487 1126 1530 ”Cyrenaica

165 1545 277 1576 eadem
290 1546 538 1589 Pentapolitana
553 1547 641 1587 regio
656 1547 835 1578 illustratur
851 1548 1041 1580 Hammonis
1057 1561 1126 1580 ora-

165 1606 256 1638 culo«
280 1612 358 1647 cet,
385 1607 470 1638 unde
494 1608 565 1638 vide
591 1620 631 1638 ne
660 1614 707 1639 est
733 1609 816 1651 apud
842 1615 985 1639 nostrum
1009 1610 1122 1640 tollen-

164 1669 242 1700 dum
258 1669 310 1700 vel
333 1669 366 1700 in
388 1676 419 1701 et
443 1670 628 1701 mutandum
654 1671 703 1701 sit.
731 1671 780 1702 De
803 1670 972 1702 Ammonis
993 1671 1122 1703 oraculo

161 1731 256 1774 plura
287 1731 406 1763 Strabo
440 1733 500 1776 (1,
534 1745 565 1777 p.
589 1733 649 1765 49.
677 1734 741 1774 563
779 1735 843 1775 17,
874 1747 904 1778 p.
931 1737 1015 1767 815.
1048 1736 1120 1767 858

165 1792 327 1835 casaub).

240 1854 459 1901 Ptolemaida]
494 1856 561 1888 Pro
589 1857 774 1889 Ptolemais.
811 1857 867 1890 Sic
899 1859 1034 1890 Persida
1063 1871 1121 1902 pro

164 1916 295 1956 Persis,
335 1917 489 1950 Chalcida
528 1932 585 1963 pro
617 1920 765 1961 Chalcis,
801 1921 870 1952 vide
903 1922 984 1953 infra
1015 1923 1121 1954 Trito-

163 1978 420 2010 nida.Gnor.—
444 1978 553 2022 Atque
577 1992 673 2024 snpra
697 1980 740 2025 (ξ.
757 1983 801 2013 51
831 1988 863 2013 et
886 1984 983 2026 550).

239 2041 471 2087 Maretonium]
489 2041 542 2074 An
558 2044 810 2075 Parethouinm‘?
825 2046 983 2077 GnoT.—
996 2047 1119 2079 Turba-

163 2110 230 2135 tum
253 2115 324 2135 esse
347 2104 467 2148 aliquid
491 2111 611 2137 certum
634 2113 698 2146 est,
722 2109 941 2141 Maretom'um
963 2110 1046 2141 enim
1063 2123 1119 2155 op-

163 2166 274 2210 pidum
305 2178 371 2198 non
406 2173 527 2207 exstat,
566 2169 715 2200 Martiani
747 2176 853 2203 tamen
886 2173 986 2216 ipsius
1018 2174 1118 2216 magis

165 2240 261 2272 qnam
290 2229 490 2262 librariorum
522 2232 615 2274 culpa
650 2244 721 2264 esse
748 2234 880 2266 videtur.
924 2238 1057 2269 sslareae
1086 2243 1120 2269 et

164 2291 281 2333 Apidis
309 2290 343 2321 in
378 2290 516 2322 confinio
545 2293 667 2335 Libyae
696 2295 889 2328 mentionem
920 2298 996 2330 feeit
1024 2300 1118 2331 etiam

165 2352 353 2385 Herodotus
376 2353 430 2395 (2,
459 2352 528 2394 18).

242 2416 415 2457 sexaqinla
438 2413 574 2459 duobus]
601 2414 640 2446 In
662 2415 851 2458 quibusdam
873 2419 1036 2451 codicibus
1052 2420 1118 2452 Pli-

165 2476 268 2508 nianis
294 2478 469 2510 detodeeim.
506 2477 592 2510 Nota
619 2478 882 2522 quinquagenarii
905 2483 1010 2514 addita
1033 2484 1118 2516 dem-

165 2545 236 2571 tave
261 2540 425 2572 dissidium
452 2541 535 2573 facit.
553 2541 657 2574 Gnor.
673 2560 721 2566 —
756 2543 883 2575 Plinius
915 2546 966 2588 (5,
997 2548 1036 2587 (3,
1062 2548 1114 2591 6):

173 2602 342 2634 -Mcnsura
366 2613 382 2633 a
404 2602 614 2636 Catabathmo
642 2604 682 2636 ad
706 2605 932 2638 Paraetonium
953 2609 1114 2650 octoginta

1178 1373 1235 1392 sex
1267 1361 1365 1391 millia
1390 1372 1550 1404 passuum.
1593 1360 1632 1392 In
1663 1372 1702 1392 eo
1733 1366 1836 1392 tractu
1866 1359 1950 1404 Apis
1981 1360 2134 1399 interest,

1177 1424 1294 1455 nobilis
1321 1424 1475 1465 religione
1504 1423 1646 1466 Aegypti
1676 1424 1776 1455 locus.
1822 1424 1876 1455 Ab
1907 1436 1946 1455 eo
1982 1424 2134 1455 Paraeto-

1175 1486 1262 1517 nium
1290 1486 1455 1527 sexaginta
1474 1485 1537 1516 duo
1561 1485 1658 1516 millia
1683 1497 1871 1528 passuum«,
1903 1485 1988 1516 unde
2010 1485 2132 1516 Parae-

1177 1551 1300 1581 tonium
1322 1550 1434 1592 scripsi
1462 1561 1519 1592 pro
1537 1550 1795 1588 Paretltonimn,
1822 1549 1909 1592 qnod
1927 1548 2064 1580 librariis
2083 1560 2131 1580 01·-

1174 1610 1381 1653 thographiae
1409 1610 1527 1642 nesciis
1554 1610 1707 1650 debetur,
1735 1610 1854 1642 Strabo
1881 1610 1955 1653 (17,
1982 1622 2013 1652 p.
2035 1609 2132 1652 798),

1173 1670 1448 1718 Παραιτώνιον
1464 1673 1514 1704 vel
1532 1674 1650 1705 rectius
1666 1669 1929 1720 Παραιτόνιον
1943 1672 2029 1717 (vide
2047 1673 2130 1704 Dor—

1173 1736 1296 1767 vinium
1321 1736 1360 1766 ad
1388 1736 1552 1768 Chariton.
1575 1749 1606 1780 p.
1625 1736 1721 1780 526).

1246 1799 1485 1831 Alexandriam
1507 1798 1658 1844 ducenta]
1685 1799 1813 1831 Plinius
1838 1805 1974 1831 centum.
2004 1798 2129 1841 Legen-

1172 1862 1248 1894 dum
1285 1868 1391 1894 autem
1425 1863 1476 1894 hie
1515 1864 1754 1895 Alexandriam
1795 1874 1853 1905 pro
1889 1863 2128 1894 Alexandrina.

1173 1924 1277 1956 Gnor.
1294 1942 1342 1947 —-
1370 1924 1601 1955 Alexandrina
1628 1924 1712 1955 enim
1741 1923 1876 1956 Grotius
1899 1924 2014 1964 edidit,
2042 1929 2128 1956 ante-

1171 1985 1274 2016 riores
1299 1986 1523 2024 Alexandria,
1551 1986 1670 2017 omissa
1701 1985 1851 2018 videlicet
1876 1985 1995 2016 lineola
2017 1985 2051 2016 in
2073 1996 2126 2015 ex-

1171 2055 1271 2079 trema
1298 2047 1407 2088 litera,
1446 2061 1528 2092 quae
1557 2061 1589 2080 m
1615 2049 1817 2090 significaret.
1861 2048 2013 2080 Ceterum
2044 2047 2127 2091 apud

1170 2109 1313 2142 Plinium
1346 2110 1465 2140 dudum
1489 2111 1627 2141 ducenta
1649 2110 1775 2151 legitur.

1245 2172 1352 2203 tricies
1383 2170 1618 2217 qnadraginta]
1646 2171 1773 2202 Plinius
1804 2181 1845 2201 ex
1868 2168 2014 2214 Agrippa
2032 2170 2128 2202 tradit

1169 2234 1326 2266 LXXXV
1355 2234 1433 2265 mill.
1458 2246 1542 2277 pass.
1561 2234 1665 2266 Gnor.
1682 2251 1728 2256 —-
1756 2232 1916 2276 Corrupta
1942 2234 2039 2265 lectio
2069 2234 2125 2266 du—

1170 2298 1246 2329 dum
1278 2297 1362 2340 apud
1394 2297 1536 2328 Plinium
1561 2297 1613 2339 (5,
1641 2296 1742 2337 G,'G)
1769 2303 1911 2328 correcta
1938 2303 2004 2334 cst,
2032 2296 2122 2337 cujus

1169 2360 1247 2390 haee
1265 2358 1369 2389 omnia
1397 2358 1441 2388 ita
1454 2357 1520 2398 jam
1538 2357 1707 2397 leguntur:
1733 2355 1895 2399 »Agrippa
1917 2355 2016 2387 totius
2036 2355 2122 2388 Afri-

1171 2434 1225 2454 cae
1246 2433 1264 2452 a
1288 2420 1365 2452 mari
1392 2419 1557 2451 Atlantico
1582 2431 1653 2451 cum
1679 2419 1821 2450 inferiori
1843 2418 1994 2463 Aegypto
2016 2422 2123 2452 tricies

1170 2489 1305 2516 centena
1337 2488 1368 2513 et
1403 2481 1620 2528 quadraginta
1652 2480 1728 2511 mill.
1759 2492 1844 2524 pass.
1872 2481 2121 2523 longitudinem3

1167 2546 1325 2590 Polybius
1343 2550 1374 2576 et
1393 2545 1625 2576 Eratosthenes
1643 2544 1877 2585 diligentissimi
1898 2545 2067 2578 existimati
2081 2545 2119 2578 ab

1166 2610 1299 2642 Oceano
1325 2609 1364 2641 ad
1390 2608 1617 2650 Carthaginem
1641 2619 1784 2646 magnam
1812 2605 1962 2637 undecies
1984 2612 2117 2640 centena
