2310 2860
68 340 152 380 991

71 739 160 780 992
189 748 229 779 ct
256 739 391 779 ionico
430 740 509 778 ἀπὸ
541 743 723 787 μείζονος
751 749 939 781 constare
964 751 1294 783 consueverunt.

69 1568 159 1609 {395

189 150 276 192 766
753 148 952 190 Martiani
982 146 1182 203 Capellae
1212 146 1285 188 lib.
1307 147 1385 189 IX.
1416 149 1447 200 §.
1470 148 1572 189 990.

190 256 307 297 hunc
344 255 592 311 posteriores
633 253 786 294 Graeci
826 254 1029 294 creticum
1070 252 1449 308 cognominarunt;
1496 253 1681 294 secunda
1712 264 1772 295 est
1805 256 1982 311 species,
2028 271 2139 313 quae

184 353 234 378 ex
267 335 408 376 iambo
435 333 641 388 dactylico
673 343 713 374 et
743 348 904 390 paeone
936 343 1124 375 constare
1157 343 1429 375 monstratur.
1489 334 1576 383 Qui
1603 344 1743 375 autem
1771 334 1939 376 deducti
1971 335 2140 378 numeri

188 418 483 467 nominantur,
518 425 690 471 propter
720 415 940 456 assiduum
972 425 1010 456 et
1032 417 1314 472 compositum
1339 431 1495 457 sonum
1528 417 1732 473 appellari
1759 417 1969 458 videntur.
2013 416 2142 458 Fiunt

189 507 329 549 autem
368 497 559 547 numeri,
612 497 686 552 qui
721 506 760 538 et
799 496 1034 552 prosodiaci
1084 507 1304 540 vocantur.
1379 497 1580 547 Quorum
1621 497 1689 538 alii
1728 512 1804 553 per
1844 506 1982 538 ternos
2013 493 2141 551 pedes

186 580 313 630 fiunt,
352 579 602 634 pyrrhichio
633 579 777 619 iambo
809 588 848 619 et
878 578 1099 630 trochae03
1147 578 1213 617 alii
1246 592 1348 619 vcro
1381 587 1589 632 quatuor,
1620 587 1668 619 ut
1697 578 1760 618 his
1791 578 1925 619 tribus
1963 576 2144 632 pedibus

186 658 355 699 iambus
386 659 550 713 primus
583 667 768 714 aptetur3
814 659 881 700 alii
914 675 1017 700 vero
1048 675 1100 701 ex
1130 659 1299 701 duabus
1329 660 1531 715 syzygiis,
1568 659 1609 701 id
1642 669 1701 701 est
1735 660 1919 716 copulis,
1964 657 2142 699 bacchio

1354 743 1460 783 Sunt
1490 757 1610 793 sane,
1650 742 1725 796 qui
1764 742 1888 782 etiam
1921 740 2144 782 irrationa-

187 819 291 860 biles
329 834 417 859 esse
454 818 627 870 dicitur,
679 835 786 875 quos
818 820 957 875 alogos
989 821 1246 873 vocitamus,
1301 836 1409 876 quos
1442 822 1564 862 etiam
1599 822 1765 863 chorios
1797 822 2011 878 appellare
2041 835 2144 861 con-

188 898 422 940 suevimus.
490 899 596 939 Sunt
633 909 773 940 autem
807 915 989 941 numero
1020 900 1131 952 duo,
1177 915 1366 956 quorum
1409 902 1511 944 alter
1541 902 1717 943 diiambi
1749 901 1930 958 figuram
1963 900 2143 957 respicit,

190 990 229 1021 et
258 989 417 1021 constat
450 996 502 1020 ex
534 980 732 1033 clatione,
775 997 887 1036 quae
917 983 1041 1038 longa
1080 991 1161 1033 est,
1216 991 1255 1022 ct
1296 981 1466 1023 duabus
1513 983 1809 1038 positionibus,
1870 992 1910 1024 et
1956 995 2139 1023 numero

189 1061 266 1116 qui
295 1069 354 1101 est
384 1060 436 1102 ad
466 1060 684 1117 dactylum
716 1063 882 1117 similis,
927 1064 1118 1119 partibus
1149 1078 1253 1105 vero
1292 1063 1344 1105 ad
1382 1078 1615 1105 numerum
1662 1064 1847 1104 ionicum
1883 1063 2073 1119 jungitur
2103 1071 2143 1103 et

189 1143 444 1196 iambicum3
495 1144 602 1185 alius
641 1160 743 1186 vero
783 1154 843 1186 est
880 1159 1109 1196 numeru3‚
1154 1145 1229 1198 qui
1264 1145 1524 1186 trochaeides
1568 1146 1834 1196 nominatur,
1881 1145 1924 1186 id
1967 1154 2026 1185 est
2064 1145 2140 1199 qui

190 1221 372 1277 figuram
406 1224 622 1278 quandam
655 1225 930 1280 speciemque
960 1224 1146 1266 trochaei
1177 1225 1337 1265 habere
1369 1225 1559 1275 videtur,
1597 1239 1653 1265 ex
1688 1224 1936 1266 elationibus
1966 1224 2143 1281 geminis

191 1313 231 1344 et
259 1303 382 1359 longa
413 1304 616 1360 positione
647 1305 901 1358 consistens,
941 1321 1017 1361 per
1051 1307 1313 1347 contrarium
1346 1306 1497 1363 prioris
1529 1305 1720 1346 effectus,v

538 1459 618 1500 DE
655 1459 932 1511 QUINQUE
973 1460 1279 1503 SPECIEBUS
1318 1460 1497 1501 MIXTI
1535 1460 1798 1503 GENERIS.
1842 1501 1853 1511 ,

399 1565 507 1606 Sunt
546 1575 687 1608 autem
727 1568 850 1608 mixti
891 1568 1053 1624 generis
1092 1568 1308 1624 quinque,
1351 1566 1395 1608 id
1439 1576 1499 1609 est
1535 1567 1768 1624 dactylicus
1808 1584 1884 1624 per
1926 1568 2143 1623 iambum,

190 1702 323 1729 vocatur
343 1707 401 1740 pro
424 1704 599 1737 vocantur,
627 1703 663 1729 ut
681 1698 720 1729 ad
740 1698 883 1741 proxime
903 1698 1143 1731 antecedentem

189 1772 343 1803 paeonem
369 1760 473 1791 solum
502 1761 692 1803 pertineret,
722 1762 806 1793 unde
833 1762 927 1793 etiam
955 1762 1142 1806 explicatur,

191 1823 278 1867 qnod
303 1835 377 1853 mox
408 1835 448 1854 cx
474 1823 720 1854 Darmstattensi
754 1825 862 1868 recepi
886 1827 1058 1864 creliemn3
1083 1826 1143 1856 hos

192 1887 276 1918 enim
298 1886 440 1927 ejusdem
463 1899 534 1919 enm
556 1888 731 1930 paeonibus
755 1900 921 1919 mensurae
947 1889 1045 1920 fuisse
1067 1888 1143 1920 satis

192 1955 325 1981 constat.
351 1950 436 1982 Vide
456 1949 630 1982 Aristidem
655 1952 707 1995 (1,
736 1964 766 1995 p.
784 1953 830 1983 53
847 1952 967 1995 Meib.).

262 2010 459 2056 prosodiaci]
494 2012 617 2043 Horum
647 2013 766 2044 mentio
806 2020 931 2056 praeter
965 2013 1142 2045 Aristidem

193 2074 445 2118 Quinctilianum
471 2075 514 2117 (p.
531 2076 611 2118 59),
644 2089 737 2119 quem
764 2083 874 2108 noster
902 2078 1064 2121 sequitur,
1089 2089 1141 2109 ex-

194 2143 257 2169 stat
279 2138 363 2181 apud
381 2138 569 2181 Dionysium
590 2139 906 2173 Halicarnassensem
926 2141 978 2184 (de
1002 2153 1141 2184 compos.

192 2212 262 2231 voe.
281 2213 310 2244 p.
325 2200 373 2230 29
386 2199 525 2242 Raida),
550 2200 755 2232 Plutarchum
773 2203 824 2245 (de
841 2203 959 2234 musica
977 2216 1007 2246 p.
1022 2202 1142 2244 1141),

193 2263 465 2307 Hephaestionem
490 2263 547 2306 (de
575 2265 682 2295 metris
713 2278 742 2308 p.
761 2266 847 2308 48),
881 2272 914 2298 et
940 2266 1143 2297 selnoliastem

194 2324 420 2368 Aristophanis
447 2325 505 2368 (ad
528 2326 629 2357 nubes
648 2327 752 2369 652).
789 2328 875 2359 Cave
901 2334 1005 2359 autem
1030 2341 1047 2359 a
1071 2341 1142 2371 pro-

194 2389 283 2421 sodia
301 2388 435 2427 ὼϊίνεε,
454 2389 578 2421 Graece
597 2390 678 2421 enim
690 2389 939 2436 προσοδιακοὶ
954 2392 1144 2424 scribuntur.

269 2462 310 2481 ex
329 2450 451 2481 dualms
472 2450 620 2496 syzyyiis]
647 2452 704 2483 Sic
724 2453 849 2484 codices
868 2454 1074 2486 Monacensis
1086 2453 1143 2499 (C)

196 2517 227 2542 et
255 2511 536 2551 Darnistauensis,
562 2513 657 2554 vulgo
685 2514 811 2545 soloece
837 2516 967 2547 dnobus.

269 2575 371 2605 ionico
388 2569 467 2607 ἀπὸ
482 2572 675 2621 μείζονος]
696 2575 786 2608 Grot.
799 2579 895 2616 ἰυιιῐο,
913 2578 999 2622 quod
1009 2577 1142 2610 correxi.

1267 1699 1395 1745 aloyos]
1427 1700 1535 1743 Vulgo
1561 1702 1714 1745 analoqos
1741 1702 1864 1746 inepte;
1905 1703 2030 1735 correxi
2052 1715 2070 1734 e
2092 1714 2143 1735 co·

1193 1761 1317 1794 dicibus
1331 1762 1604 1802 Reiehenauensi,
1627 1764 1890 1805 Darmsiatteusi,
1914 1771 1946 1797 et
1956 1765 2146 1798 Monacensi

1194 1826 1260 1870 (C).
1288 1826 1373 1858 Vide
1399 1826 1545 1870 superius
1562 1825 1604 1870 (ξ.
1620 1827 1716 1870 975).

1265 1888 1413 1934 chorius]
1449 1888 1611 1921 Aristides
1639 1891 1688 1934 (p.
1707 1890 1789 1933 59):
1808 1888 1878 1926 εἶσὶ
1905 1888 1945 1925 δὲ
1972 1888 2036 1926 καὶ
2057 1889 2145 1927 ἅλο-

1192 1965 1256 1998 γοι
1281 1958 1435 2000 χορεῖαι
1461 1951 1550 1987 δύο·
1578 1952 1816 1999 ἰαμβοειόἡς,
1844 1950 1888 1994 ὃς
1912 1954 2146 2002 συνέστηκεν

1193 2016 1236 2051 ἐκ
1258 2016 1406 2062 μακρᾶς
1427 2013 1575 2062 ἆρόεως
1603 2014 1666 2051 καὶ
1694 2013 1764 2051 δύο
1792 2016 1961 2061 θέόεων,
1991 2016 2054 2053 καὶ
2077 2015 2146 2053 τὸν

1192 2076 1263 2122 μὲν
1281 2076 1437 2125 ῥυθμὸν
1458 2079 1555 2112 ἔοικε
1577 2075 1768 2124 δακτύλῳ,
1793 2076 1841 2112 τὰ
1857 2078 1895 2113 δὲ
1916 2079 1986 2125 τῆς
2001 2078 2145 2120 λέξεως

1193 2138 1288 2185 μέρη
1316 2137 1414 2173 κατὰ
1440 2137 1509 2173 τὸν
1529 2135 1697 2185 ἀριθμὸν
1723 2136 1865 2186 ἰάμβῳ·
1894 2138 1915 2173 ὸ
1940 2139 1980 2174 δὲ
2006 2152 2144 2186 ‘coozo-

1194 2200 1299 2248 ειὸὴς
1312 2203 1353 2237 ἐκ
1371 2199 1441 2237 δύο
1459 2201 1608 2248 ἅρόεων
1622 2200 1685 2236 καὶ,
1703 2202 1852 2248 μακρᾶς
1876 2203 2035 2242 θέσεως,
2062 2203 2144 2238 κατ’

1194 2262 1460 2311 ἀντιστροφὴν
1478 2264 1548 2299 τοῦ
1568 2263 1781 2310 προτέρους
1797 2276 1890 2308 quem
1909 2265 2047 2297 illustrat
2058 2266 2142 2300 Boe·

1193 2329 1304 2361 cithius
1331 2329 1383 2371 (de
1406 2334 1494 2359 metr.
1514 2328 1608 2359 Pind.
1634 2340 1664 2370 p.
1687 2326 1756 2369 41).

1268 2401 1401 2420 numero
1423 2391 1481 2435 qni
1500 2387 1560 2432 est]
1586 2388 1768 2419 Boeelzhius
1785 2387 1892 2419 neseio
1911 2389 1995 2420 unde
2016 2390 2141 2437 quidem

1193 2457 1260 2491 esl,
1281 2450 1364 2482 haud
1388 2450 1530 2493 profecto
1554 2449 1644 2480 male.

1268 2509 1457 2557 iambicum]
1495 2509 1551 2543 Sic
1582 2510 1684 2542 codex
1716 2509 1908 2552 Grotianu55
1944 2510 2039 2554 vulgo
2066 2513 2141 2543 iam-

1194 2577 1344 2608 bic-immi.
