2310 2860
225 173 313 216 578
774 166 974 210 Martiani
1013 165 1213 222 Capellae
1251 165 1322 207 lib.
1345 164 1422 208 IV.
1461 167 1491 219 ᾗ.
1515 165 1619 209 420.

225 295 309 322 non
345 287 487 320 autem
517 275 736 331 primum,
776 274 903 331 igitur
941 272 1193 315 secundum.
1252 273 1368 314 Sexti
1397 273 1522 316 haec:
1553 290 1639 316 non
1674 284 1714 318 et
1743 277 1935 333 primum
1965 288 2005 321 et
2033 293 2186 322 secun-

224 362 327 402 dum
340 376 352 413 3
405 359 597 415 primum
639 367 806 409 autem,
836 371 920 398 non
950 355 1078 412 igitur
1119 354 1372 397 secundum.
1432 356 1609 411 Septimi
1642 356 1768 398 haec:
1800 373 1885 399 non
1925 367 1964 399 et
1997 361 2188 415 primum

104 443 191 487 421
224 423 273 482 et.
301 440 562 493 secundum3
609 454 696 480 non
726 439 917 495 primum
958 446 1124 488 autem,
1171 436 1298 492 igitur
1339 436 1594 478 secundum.
1666 437 1898 479 Sciendum
1929 447 2072 481 tamen
2105 450 2187 492 est,

225 539 276 565 ex
317 537 404 564 uno
445 531 695 578 argumento
742 535 863 577 posse
907 518 998 561 fieri
1044 529 1128 561 tres
1166 520 1405 576 superiores
1444 519 1593 561 modos
1634 529 1674 561 et
1720 535 1773 561 ex
1812 534 1899 561 uno
1940 531 2187 576 argumento

226 603 328 644 alios
375 612 571 656 quatuor.
642 601 783 656 Hujus
824 609 965 642 autem
1009 599 1167 641 ordinis
1205 600 1313 641 ratio
1357 609 1436 652 est,
1484 610 1532 642 ut
1578 601 1745 657 primus
1792 601 1946 643 modus
1992 603 2063 654 sit,
2115 604 2189 658 qui

223 685 462 741 appellatur
505 684 558 727 ab
599 684 966 735 antecedentibus,
1015 683 1117 738 quia
1160 682 1310 737 utique
1350 681 1468 737 quod
1509 682 1715 724 antecedit
1751 684 1869 739 prius
1906 691 1985 736 est,
2036 695 2187 722 secun-

222 765 301 805 dus
345 779 367 805 a
408 765 764 821 consequentibus
803 764 954 805 eadem
997 765 1180 815 ratione,
1234 771 1282 803 ut
1327 763 1418 818 ipso
1459 765 1633 805 nomine
1672 779 1750 805 suo
1795 765 1988 820 primum
2030 778 2075 804 se
2112 763 2187 805 de-

221 844 323 886 bere
365 846 489 902 sequi
542 847 666 888 etiam
713 846 757 887 in
801 845 949 887 ordine
1002 844 1199 886 videatur
1244 843 1477 885 ostendere.
1548 845 1691 886 Restat
1739 845 1815 900 qui
1859 845 1910 885 sit
1951 845 2097 885 tertius
2145 845 2186 885 in

221 926 370 967 eodem
421 937 672 982 argumento
716 943 739 969 a
778 927 1136 984 repugnantibus3
1201 940 1288 966 non
1334 925 1448 966 enim
1496 940 1724 981 possumus
1770 926 1823 967 ad
1861 925 2183 980 disjunctionem

220 1006 473 1057 transsilirc,
505 1008 725 1061 quaejam
750 1023 833 1048 non
869 1016 1003 1064 potest
1034 1022 1086 1048 ex
1118 1004 1270 1047 eodem
1303 1015 1553 1060 argumento
1588 1005 1691 1047 fieri,
1749 1007 1842 1047 Erit
1872 1022 1972 1062 ergo
2003 1015 2180 1061 quartus

218 1085 372 1126 modus
405 1087 527 1141 quasi
568 1087 619 1129 ad
658 1087 773 1128 aliud
807 1096 1111 1142 argumentum
1152 1089 1331 1141 primus.
1393 1089 1446 1128 Et
1483 1088 1541 1128 ibi
1583 1088 1731 1142 utique
1764 1089 2011 1130 antecedere
2042 1089 2178 1138 debet,

218 1166 260 1206 in
301 1180 387 1220 quo
425 1182 503 1222 per
545 1167 912 1210 confirmationem
955 1168 1206 1221 assumitur3
1252 1169 1371 1224 prior
1409 1169 1523 1210 enim
1562 1177 1622 1209 cst
1653 1167 1915 1210 confirmatio
1946 1169 2180 1224 negatione.

217 1245 403 1296 Quintus
441 1246 566 1288 debet
609 1263 697 1288 esse
729 1247 844 1288 idem
888 1263 965 1303 per
1004 1247 1353 1302 disjunctionem,
1408 1249 1480 1291 sed
1522 1259 1615 1305 post
1649 1264 1749 1290 eum
1789 1258 2038 1304 propterea,
2080 1249 2180 1303 quia

211 1326 254 1367 in
286 1342 334 1367 eo
366 1342 443 1383 per
474 1327 863 1378 confirmationem,
907 1328 950 1368 in
991 1327 1073 1368 1100
1113 1339 1255 1371 autem
1287 1346 1365 1386 per
1403 1330 1670 1386 negationem
1711 1329 1957 1370 assumitur.
2014 1329 2108 1370 Hoc
2137 1329 2178 1370 in

91 1408 182 1452 422
211 1406 382 1449 duobus
421 1408 597 1463 reliquis
636 1409 731 1448 licet
772 1408 957 1463 intelligi.
1014 1409 1249 1452 Miscentur
1287 1420 1429 1452 autem
1469 1411 1548 1451 sibi
1587 1410 1731 1451 multis
1763 1409 1900 1450 modis
1934 1409 2178 1465 syllogismi,

210 1489 323 1529 utin
355 1503 441 1529 una
472 1489 788 1529 ratiocinatione
821 1498 860 1529 et
891 1490 1165 1544 praedicativi
1197 1493 1360 1547 generis
1386 1502 1425 1533 et
1452 1491 1742 1533 conditionalis
1766 1491 1927 1532 formas
1957 1505 2177 1546 agnoscas3

208 1568 289 1609 hoc
321 1569 468 1610 modo:
505 1569 548 1609 Si
584 1569 774 1624 quaestio
809 1571 880 1619 sit,
925 1578 1073 1610 utrum
1109 1572 1220 1613 utilis
1252 1574 1302 1614 sit
1333 1574 1424 1628 ipsa
1453 1572 1691 1623 dialectica,
1733 1570 2063 1627 proponendum
2095 1579 2173 1611 est:

207 1650 240 1689 si
275 1650 383 1691 bene
422 1651 642 1706 disputare
680 1650 783 1691 utile
821 1659 901 1701 est,
946 1651 1058 1691 utilis
1091 1661 1150 1692 est
1181 1652 1289 1692 bene
1319 1652 1563 1708 disputandi
1594 1651 1786 1704 scientia3
1820 1660 1860 1692 at
1889 1651 1997 1692 bene
2027 1651 2175 1706 dispu-

206 1736 294 1769 tare
331 1729 434 1769 utile
472 1739 550 1780 est,
585 1730 696 1769 utilis
738 1738 797 1769 est
834 1730 960 1783 igitur
998 1730 1227 1773 dialectica.
1295 1734 1405 1773 Sane
1437 1733 1673 1774 videndum
1711 1742 1771 1773 est
1807 1733 1851 1787 in
1882 1732 2169 1787 praedicativo

204 1808 468 1863 syllogismo,
513 1809 632 1863 quod
669 1809 721 1850 de
759 1810 1043 1864 propositione
1084 1813 1163 1852 sibi
1202 1814 1506 1854 assumtionem
1540 1813 1748 1866 vindicet3
1779 1827 1880 1854 nam
1913 1814 2172 1854 extrinsecus

206 1888 363 1942 aliquid
395 1889 481 1942 jam
515 1889 705 1944 accipere
740 1890 1012 1932 manifestum
1049 1900 1118 1931 est.
1179 1891 1229 1933 In
1269 1908 1320 1932 eo
1353 1902 1519 1943 autem,
1567 1891 1685 1946 quod
1728 1891 1829 1943 sibi,
1877 1900 1925 1932 ut
1968 1890 2171 1943 diximus,

204 1969 256 2010 de
280 1970 564 2025 propositione
589 1970 797 2019 vindicat,
831 1972 1135 2013 attendendum
1165 1983 1226 2014 est
1256 1983 1404 2015 utrum
1435 1983 1547 2015 recte
1572 1973 1756 2015 vindicet
1780 1981 1955 2028 propter
1981 1981 2166 2014 servatas

202 2058 551 2103 memoratasquc
588 2049 760 2090 formas.
818 2050 1011 2092 Efficitur
1051 2053 1189 2106 enim,
1238 2063 1285 2094 ut
1324 2055 1442 2109 quod
1485 2056 1527 2095 in
1567 2054 1852 2110 propositione
1888 2054 1942 2095 ad
1972 2053 2164 2095 declara-

201 2130 337 2170 tivam
375 2139 540 2185 partem
587 2131 797 2185 pertinere
832 2132 1079 2183 videbatur,
1130 2133 1173 2173 in
1219 2135 1479 2174 assumtione
1513 2133 1758 2175 ostendatur
1801 2133 1854 2173 ad
1884 2133 2164 2186 subjectivam

201 2212 434 2268 pertiner03
465 2221 505 2252 et
534 2212 634 2253 item
665 2213 697 2253 si
729 2213 848 2255 aliter
879 2229 1085 2266 assumas,
1118 2214 1200 2255 hoc
1229 2214 1369 2269 ipsum
1400 2215 1622 2270 pertinebit
1653 2214 1705 2254 ad
1728 2213 2051 2265 declarativam,
2083 2214 2164 2255 hoc

202 2292 352 2334 modo:
409 2293 573 2335 Notum
606 2303 664 2334 cst
694 2294 736 2335 in
767 2296 907 2351 prima
935 2296 1075 2338 forma
1105 2298 1161 2339 ita
1194 2296 1367 2347 assumi,
1400 2306 1447 2337 ut
1480 2306 1552 2338 aut
1582 2294 1838 2335 declarativa
1869 2295 2162 2350 propositionis

201 2373 436 2428 subjectiva
474 2373 525 2414 sit
567 2375 856 2427 assumtionis,
911 2387 983 2418 aut
1022 2379 1258 2434 subjectiva
1295 2378 1589 2434 propositionis
1629 2377 1779 2418 eadem
1827 2387 1867 2418 et
1906 2377 2161 2420 declarativa

274 2485 332 2530 qui
358 2484 400 2515 sil
433 2481 566 2528 tertius]
598 2483 739 2514 Restitui
762 2485 847 2527 quod
873 2485 992 2518 incuria
1020 2486 1154 2520 Grotius
1205 2501 1296 2521 nem«
1326 2488 1493 2528 intrusum,
1521 2488 1611 2528 cujus
1633 2499 1691 2519 nce
1708 2499 1803 2520 causa
1825 2487 1889 2519 ulla
1913 2488 2086 2531 apparebat
2105 2498 2158 2519 nc-

200 2545 347 2578 omiserat
368 2549 425 2587 sil,
458 2547 639 2590 pariterque
666 2559 740 2579 mox
765 2560 933 2591 possennus
960 2551 1072 2594 scripsi
1095 2563 1152 2595 pro
1204 2565 1266 2598 que
1289 2551 1377 2594 origo
1402 2551 1452 2584 vel
1473 2551 1505 2583 in
1527 2551 1720 2584 editionibus
1748 2551 1799 2584 vel
1820 2551 1853 2585 iu
1883 2551 2045 2584 codicibus
2070 2550 2155 2582 inda·

196 2621 372 2651 possemus,
391 2609 535 2653 insi-nque
553 2610 693 2654 expunxi
711 2611 768 2642 sed
785 2616 857 2643 ante
878 2624 952 2656 »per
965 2613 1151 2655 disjunctio·
1202 2614 1269 2657 gari
1292 2619 1428 2659 poterat.
