2310 2860
847 199 1047 244 Martiani
1077 184 1277 255 Capellae
1312 198 1385 241 lib.
1408 197 1440 240 I.
1472 199 1504 251 §.
1528 199 1599 242 95.

643 310 698 352 At
726 311 845 367 virgo
876 308 1035 366 placuit
1064 305 1187 348 docta
1218 305 1394 361 quidem
1425 305 1550 347 nimis

642 392 696 433 Et
728 405 903 447 compar
934 387 1091 439 studio,
1134 383 1208 427 sed
1239 386 1309 427 cui
1336 394 1500 427 terreus

644 474 797 526 Ortus,
832 472 1100 530 propositum
1130 469 1174 510 in
1204 468 1343 510 sidera
1372 468 1565 510 tendere:

651 556 917 610 Plerumque
948 563 987 594 et
1016 551 1174 609 rapidis
1205 550 1427 608 praevolat
1456 551 1631 602 axibus,

645 637 707 678 Ac
737 635 890 678 mundi
921 643 1150 690 exsuperat
1179 649 1305 690 saepe
1336 647 1484 674 means
1514 631 1704 688 globum..

648 717 797 760 Cunae
830 732 927 772 crgo
959 715 1143 757 officiant
1174 728 1261 770 quo
1293 714 1400 756 nihil
1431 713 1581 766 editae,

646 800 942 851 Censendum,
974 797 1120 855 superi
1151 796 1317 852 quique
1348 795 1583 852 crepundia

643 883 790 924 Terris
821 881 1002 923 recolitis
1034 890 1175 923 vestra
1205 879 1411 929 tenerier,

656 964 781 1013 Quae
813 962 1026 1003 occultant
1056 961 1192 1019 adytis
1223 976 1344 1004 sacra
1372 958 1615 1002 latentibus:

644 1044 883 1099 Jungantur
913 1044 1113 1099 paribus,
1151 1058 1255 1084 nam
1284 1042 1426 1093 decet,
1465 1039 1670 1097 auspicis,

248 1196 350 1228 musei
378 1195 556 1228 Britannici
586 1201 619 1226 et
648 1194 837 1238 Bongarsii;
875 1196 932 1227 sed
953 1195 1082 1238 vulgata
1105 1194 1202 1228 lectio

248 1259 455 1304 praeferenda
480 1270 551 1290 esse
586 1259 719 1291 videtur.
754 1258 879 1292 Sensus
902 1260 985 1292 enim
1009 1266 1073 1291 est:
1100 1260 1203 1292 »Mer-

250 1323 329 1356 curii
362 1324 478 1363 robur⁷
511 1335 575 1367 quo
606 1323 672 1365 jam
697 1323 861 1367 praeditus
891 1329 959 1364 est,
995 1324 1132 1366 flagitat⁷
1169 1329 1205 1355 ut

250 1387 346 1418 detur
380 1388 550 1421 thnlammu
601 1387 759 1420 Additum
793 1399 838 1421 sc.
867 1400 935 1421 esse
970 1400 1029 1434 pro
1059 1389 1137 1420 addi
1165 1388 1205 1419 ad

250 1450 381 1481 modum
405 1449 522 1482 Graeci
548 1449 658 1480 aoristi
685 1449 806 1481 dietum
827 1455 886 1481 cst.

323 1512 446 1558 cunae]
481 1513 592 1545 Verba
629 1513 790 1554 intricata,
829 1525 943 1545 sensus
979 1513 1116 1558 planus:
1140 1525 1206 1546 non

250 1577 291 1609 ob
308 1577 341 1609 id
354 1576 514 1610 Mercurio
530 1576 744 1619 Philologiam
759 1577 988 1619 denegandam,
1010 1578 1097 1622 quod
1113 1578 1206 1608 terris

249 1646 323 1670 nata
354 1639 411 1679 sit,
444 1651 516 1671 cum
543 1639 629 1670 idem
663 1644 697 1671 et
726 1638 786 1670 diis
816 1639 975 1671 acciderit.
1019 1639 1207 1681 Legendum

250 1701 347 1732 forto:

310 1761 440 1794 »Cumae
462 1773 537 1805 erqo
561 1761 700 1804 officiant
730 1762 806 1808 quoi
826 1760 931 1793 nihil?
957 1761 1040 1794 edite

302 1824 495 1856 censendum
517 1825 643 1866 superi.-
671 1824 809 1870 quique«
841 1828 900 1855 cet.

254 1885 540 1918 Grion—Edilae
556 1885 707 1927 gignendi
725 1897 818 1916 casus
833 1890 892 1925 est,
914 1885 1000 1928 quod
1021 1884 1208 1917 scholiastes

254 1950 377 1994 pliscus
414 1962 479 1981 non
510 1949 615 1993 potuit
649 1948 827 1991 intelligere
860 1949 1004 1993 quamvis
1038 1949 1070 1981 in
1105 1949 1210 1981 omnia

255 2024 289 2043 se
314 2014 450 2044 vertens,
477 2012 521 2042 Ut
548 2011 695 2042 nativitas
721 2011 769 2042 illi
791 2010 870 2042 nihil
894 2011 993 2051 obsit,
1024 2024 1105 2055 quac
1139 2024 1212 2043 cum

255 2078 315 2107 deo
338 2076 502 2118 jungenda
534 2081 601 2116 est,
635 2074 804 2107 consilium
839 2074 872 2106 in
902 2075 1041 2107 medinm
1073 2076 1212 2107 dandum

256 2146 374 2172 censet.
402 2141 491 2171 Deos
516 2151 579 2170 non
596 2145 688 2170 natos
707 2151 778 2170 esse
803 2139 1012 2183 sapientiores
1030 2141 1213 2173 censebant.

256 2205 405 2236 Lucanus
425 2203 478 2234 lib.
498 2205 536 2234 8:

310 2279 714 2292 ————————
722 2265 752 2296 εἰ
775 2266 910 2297 nwnina
933 2267 1025 2298 nasci

309 2328 496 2367 Credimus,
524 2333 580 2360 mot
603 2339 795 2375 quemquam
815 2328 870 2373 fas
900 2335 948 2362 est
979 2331 1117 2374 coepisse
1140 2330 1210 2362 deo-

654 2402 754 2422 rum«

260 2455 386 2486 Banm.
405 2454 541 2499 (advers.
562 2466 594 2498 p.
614 2453 723 2498 1245)
738 2472 785 2479 -—
803 2454 877 2487 Non
902 2456 1060 2498 genitivus
1079 2455 1137 2487 sed
1161 2454 1214 2487 da-

261 2519 344 2550 tivus
367 2529 460 2550 casus
483 2524 532 2550 est
555 2519 676 2559 editae,
702 2531 806 2562 neque
832 2519 1005 2564 quidquam
1023 2520 1214 2559 intricatum,

262 2581 322 2612 nisi
354 2581 522 2612 verborum
551 2580 646 2621 ordo⁷
691 2592 785 2624 quem
810 2587 916 2613 tamen
940 2587 1025 2614 recte
1043 2582 1110 2624 jam
1134 2582 1214 2614 Bar-

263 2642 348 2674 thius
372 2643 565 2683 enucleaxit,
595 2655 657 2690 qno
680 2654 738 2687 pro
763 2649 799 2676 ut
825 2643 999 2689 accipiens5
1028 2656 1129 2678 cunas
1147 2650 1213 2677 tan-

1253 1200 1323 1228 tum
1336 1196 1450 1229 melius
1468 1196 1509 1229 ad
1525 1195 1742 1230 conditionem
1758 1194 1912 1228 nascendi
1929 1195 2096 1227 mortalem
2113 1207 2208 1240 quam

1256 1258 1296 1290 ad
1325 1259 1428 1303 ipsam
1462 1258 1660 1291 nativitatem
1698 1257 1869 1298 retuleris3
1903 1263 2012 1290 natum
2043 1257 2128 1289 enim
2159 1257 2211 1302 yel

1255 1322 1372 1353 Jovem
1392 1322 1498 1365 ipsum
1519 1327 1645 1354 reteres
1669 1321 1855 1361 eredebant,
1881 1321 2015 1364 ejusque
2039 1332 2142 1353 emtas
2156 1332 2209 1353 ee·

1255 1385 1360 1418 lehrat
1384 1385 1522 1417 Ovidius
1538 1385 1621 1429 (fast.
1641 1387 1674 1419 5.
1698 1384 1795 1427 212).
1822 1384 1922 1427 Quod
1942 1389 2052 1424 restat,
2070 1394 2129 1428 pro
2147 1384 2210 1416 edi-

1256 1455 1309 1481 tae
1328 1448 1461 1481 Cortius
1487 1448 1520 1480 in
1544 1447 1806 1492 Guelferbytanis
1835 1447 1957 1480 invenit
1986 1447 2129 1487 deditae,
2155 1447 2213 1480 sed

1255 1511 1387 1553 vulgata
1413 1522 1499 1543 sana.

1333 1575 1451 1621 quique
1476 1570 1664 1618 crepundia]
1698 1572 1823 1606 Sensus
1857 1578 1922 1605 est:
1955 1572 2042 1617 »Qui
2070 1572 2212 1606 recolitis

1259 1635 1361 1665 teneri
1385 1634 1532 1677 (haberi)
1561 1634 1595 1665 in
1619 1634 1711 1666 terris
1733 1639 1840 1666 vestra
1864 1635 2038 1678 crepundia
2060 1635 2080 1666 i.
2102 1646 2132 1667 c.
2156 1647 2212 1667 nu-

1258 1695 1408 1727 trimenta
1444 1695 1579 1739 puerilia
1611 1695 1663 1727 vel
1699 1696 1889 1728 munuscula
1922 1708 1948 1728 s.
1978 1696 2214 1738 blandimenta,

1260 1771 1342 1803 quae
1367 1771 1385 1790 a
1407 1759 1585 1791 nutricibus
1603 1759 1767 1791 infantulis
1791 1759 1991 1802 vagientibus
2013 1761 2215 1802 exhibentur,

1261 1835 1342 1867 quae
1372 1835 1415 1855 sc.
1445 1822 1634 1866 creptmdia,
1672 1823 1833 1855 occultant
1861 1835 1966 1865 saera,
1997 1823 2016 1856 i.
2039 1836 2067 1857 e.
2096 1825 2216 1870 templa

1261 1887 1363 1930 adytis
1396 1887 1569 1918 latentibus
1600 1888 1631 1919 h.
1655 1899 1682 1919 e.
1711 1886 1745 1918 in
1776 1887 1939 1923 secretiori
1972 1899 2083 1920 eorum
2115 1893 2216 1933 parte.

1260 1951 1407 1984 vetem.
1427 1969 1474 1974 —
1510 1950 1627 1983 Cicero
1650 1951 1760 1995 (Tuse.
1789 1953 1826 1993 -1,
1861 1952 1920 1995 15)
1952 1952 2129 1996 »mysteriis
2156 1951 2214 1984 ini-

1262 2015 1357 2046 tiatos
1375 2026 1440 2046 non
1464 2013 1583 2046 latere«
1607 2013 1650 2046 ait
1674 2014 1779 2060 »ipsos
1801 2016 1957 2059 majorum
1980 2015 2121 2059 gentium
2137 2014 2216 2047 deos

1263 2089 1280 2109 e
1298 2082 1383 2108 terra
1404 2076 1436 2108 in
1454 2076 1578 2108 coelum
1596 2077 1758 2120 profectos
1777 2089 1877 2110 essen
1902 2078 1977 2110 Non
1993 2083 2098 2109 tamen
2114 2077 2216 2109 solam

1262 2138 1485 2182 mysteriorum
1516 2138 1709 2179 doctrinam,
1744 2140 1802 2171 sed
1826 2138 2007 2170 testimonia
2033 2150 2162 2183 quoquc
2185 2144 2218 2171 et

1263 2207 1468 2234 monumenta
1491 2201 1664 2234 nativitatis
1691 2208 1723 2234 ct
1740 2203 1893 2247 pueritiae
1911 2213 2022 2234 eorum
2039 2201 2217 2244 significare

1262 2264 1438 2299 Martianus
1448 2264 1585 2305 videtur,
1605 2264 1711 2308 qualia
1727 2264 1938 2310 reliquiarum
1952 2263 2054 2296 instar
2066 2264 2100 2296 in
2114 2264 2218 2309 adytis

1261 2329 1454 2373 templorum
1480 2328 1707 2368 servabantur,
1731 2333 1766 2358 ut
1785 2340 1812 2359 v.
1830 2338 1856 2358 e.
1880 2339 1974 2360 ovum
1996 2328 2106 2360 Ledae
2132 2327 2218 2372 apud

1265 2392 1443 2437 Spartanos
1455 2393 1565 2436 (Paus.
1581 2393 1617 2426 5.
1638 2392 1693 2424 18.
1712 2391 1757 2435 1).
1780 2391 1830 2423 Cf.
1847 2391 1990 2425 Lobeck.
2003 2390 2216 2436 Aglaopham.

1264 2467 1295 2500 p.
1316 2454 1373 2487 52.

1338 2516 1490 2563 auspicis]
1517 2517 1566 2549 Ita
1591 2529 1649 2561 pro
1675 2518 1826 2561 auspiciis
1849 2517 1952 2550 scribe
1975 2529 2088 2550 versus
2111 2528 2215 2550 causa.

1266 2581 1323 2616 Sic
1348 2581 1381 2613 in
1409 2580 1482 2612 libri
1508 2580 1570 2611 fine
1595 2580 1705 2624 jur-95⁸
1732 2591 1790 2624 pro
1813 2581 1944 2624 jurgiis.
1967 2579 2071 2612 Gne-r.
2092 2597 2140 2603 -—
2168 2578 2216 2610 Ita

1266 2644 1360 2677 etiam
1381 2641 1656 2677 Reichenauensis
1675 2641 1786 2675 codex.
1811 2641 1956 2675 Imitatur
1979 2646 2089 2673 noster
2104 2639 2215 2685 Appu-
