2310 2860
667 153 867 198 Martiani
905 152 1104 211 Capellae
1141 153 1213 197 lib.
1237 154 1311 199 III.
1350 159 1380 209 ᾗ.
1405 154 1504 198 222.

1992 159 2079 205 255

770 263 827 307 Et
860 264 1094 305 vestiantur
1125 273 1244 304 artes.

770 345 839 387 An
869 353 915 385 tu
945 360 1116 401 gregem
1146 359 1347 387 sororum

772 425 956 470 Nudum
986 427 1105 469 dabis
1133 427 1352 483 jugandis,

768 509 823 552 Et
851 510 911 551 sic
941 518 1083 566 petent
1111 509 1306 551 notandis

767 589 819 632 In
849 591 1050 632 coelitum
1080 588 1318 642 senatum?

765 670 853 713 Aut
885 672 919 712 si
950 682 1088 714 tacere
1120 672 1285 713 cultum

766 751 928 803 Placet,
969 751 1074 793 ordo
1106 754 1201 808 quis
1232 752 1468 808 probatur?

767 831 894 876 Certe
927 834 1160 890 loquentur
1192 834 1289 875 illae

762 914 990 971 Quidquid
1020 915 1158 957 ferant
1188 913 1432 958 docendum
1443 923 1455 968 ‚'

765 995 1038 1051 Habitusque
1075 1005 1388 1051 consequentur

762 1077 968 1119 Asomato
1000 1078 1043 1118 in
1075 1077 1261 1132 profatu.

759 1159 879 1202 Haec
908 1173 1065 1215 nempe
1095 1156 1191 1199 ficta
1226 1172 1311 1199 vox
1346 1166 1406 1199 est

760 1240 817 1283 Et
846 1239 998 1282 devius
1029 1238 1226 1294 promissi
1257 1253 1331 1292 es3

767 1318 859 1360 Cur
889 1333 989 1374 ergo
1019 1333 1104 1360 non
1138 1318 1283 1362 fateris

766 1399 823 1441 Ni
855 1398 1038 1454 figminis
1068 1397 1208 1453 figura

761 1478 835 1520 Nil
864 1492 989 1534 posse
1020 1478 1293 1533 comparari?

765 1559 842 1602 His
871 1574 944 1600 me
974 1558 1193 1601 Camoena
1220 1560 1343 1603 vicit:

757 1639 889 1695 Fugis
919 1639 1077 1695 jugabo
1107 1640 1277 1682 ludum.

269 1722 535 1765 Admoverat
570 1720 696 1777 igitur
726 1719 926 1763 Latoides
955 1733 1090 1762 unam
1121 1720 1253 1778 priori
1283 1721 1375 1763 loco
1407 1719 1734 1766 Mercurialium
1769 1726 2065 1769 ministrarum
2097 1731 2185 1773 225

170 1830 341 1877 juqandis]
355 1832 394 1865 ld
408 1837 459 1865 est
473 1831 635 1866 Mercurio
651 1835 684 1863 et
696 1829 911 1873 Philologiae,
925 1830 981 1873 qui
997 1841 1060 1860 ma-

103 1896 243 1930 trimonii
262 1896 389 1929 vinculo
407 1895 565 1938 jungendi
589 1900 683 1934 sunt3
709 1894 760 1925 his
785 1894 971 1925 indecorum
992 1893 1061 1924 sore

102 1958 157 1999 ait,
179 1958 207 1989 si
224 1958 327 1990 nudae
341 1962 427 1988 artes
445 1956 609 1989 dotalitiac
631 1956 864 1987 tradantur.—
882 1953 1061 1998 Sequentia

101 2019 270 2052 manifesto
300 2023 467 2064 corrupta3
507 2017 586 2051 nihil
615 2023 723 2050 tamen
751 2017 913 2049 varietatis
943 2021 1059 2057 exstat,

100 2084 163 2118 nisi
192 2083 281 2128 quod
307 2082 443 2116 Grotius
472 2082 506 2115 in
535 2081 677 2125 margine
701 2093 760 2126 pro
784 2085 820 2113 in
845 2080 994 2125 apposuit
1018 2086 1058 2113 et.

175 2143 271 2191 ordo]
303 2144 390 2189 Quis
421 2143 526 2177 ordo?
555 2144 590 2176 id
618 2148 684 2184 est,
718 2155 799 2188 quae
827 2142 1058 2176 convenientia.

100 2207 202 2241 Vunc.
219 2227 267 2233 —
301 2208 366 2241 vel
396 2207 522 2253 potius,
556 2219 639 2252 quae
662 2207 760 2248 ratio,
791 2218 873 2251 quae
898 2206 1057 2239 institutio

101 2272 230 2317 apel-Is?
255 2271 340 2304 unde
355 2271 639 2317 proficiscendum,
663 2271 826 2317 quomodo
849 2270 1057 2317 progredien-

101 2335 175 2368 dum
200 2335 259 2368 tihi
282 2336 437 2369 videtui-⁸?

177 2398 335 2444 quidquid
347 2395 473 2443 ferant]
489 2397 608 2432 Melius
622 2397 725 2430 foi-tc:
744 2396 858 2441 »Quae
878 2396 955 2441 quid
974 2397 1056 2429 ferat

99 2460 315 2494 docendumue
343 2460 431 2505 quod
463 2472 503 2493 ex
537 2461 681 2504 vestigiis
722 2461 850 2504 cossigo.
876 2460 980 2494 Gnor.
1005 2478 1054 2485 -

98 2521 373 2557 Rcichenaucnsis
395 2533 413 2553 a
433 2521 533 2566 prima
556 2534 651 2555 manu
666 2523 753 2567 ferat
777 2523 908 2568 (omissa
932 2522 1054 2556 scilicet

99 2586 216 2620 lineola
243 2586 273 2619 N
298 2585 542 2630 significatura);
566 2585 771 2622 Monacensis
797 2586 854 2633 (C)
874 2591 1052 2621 correctum

1110 1830 1240 1875 ferant.-
1255 1830 1343 1876 quod
1362 1843 1461 1876 quum
1486 1832 1708 1875 grammaticae
1730 1834 1825 1866 simul
1847 1840 1879 1867 et
1897 1841 1999 1868 metro
2021 1847 2068 1868 rc-

1113 1896 1286 1940 spondcat‚
1312 1897 1420 1941 recepi
1441 1909 1500 1942 pro
1529 1904 1600 1931 erat
1622 1897 1656 1930 in
1682 1898 1784 1931 editis.

1186 1956 1346 2003 asamato]
1374 1957 1530 2003 Spectare
1545 1961 1625 1993 haec
1648 1959 1797 1992 videntur
1819 1960 1859 1993 ad
1883 1961 2069 1994 Stoicorum

1111 2018 1304 2061 doctrinam,
1329 2019 1384 2064 qui
1407 2032 1505 2064 quum
1528 2021 1634 2053 omnia
1661 2020 1723 2054 alia
1741 2034 1892 2066 corporea
1913 2022 2067 2065 dicerent,

1111 2079 1247 2117 λεκτὸν
1278 2088 1311 2115 et
1342 2083 1402 2116 tria
1430 2083 1493 2117 alia
1522 2084 1705 2118 statuebant
1737 2081 1926 2129 ἀσώματα
1953 2085 2064 2131 (Sext.

1108 2145 1204 2192 Emp.
1227 2147 1297 2179 adv.
1318 2149 1409 2192 phyS.
1433 2147 1474 2180 X.
1494 2148 1578 2182 218.
1604 2161 1635 2194 p.
1654 2149 1729 2183 670
1750 2148 1900 2193 Fabric.).

1182 2207 1344 2254 promissi]
1372 2208 1429 2242 Sic
1447 2209 1560 2243 devius
1577 2212 1676 2258 aequi
1693 2210 1778 2256 apud
1796 2209 1913 2245 Silium
1926 2210 1974 2255 (1,
1990 2210 2062 2255 5⁷),

1107 2276 1140 2305 et
1165 2272 1258 2303 devia
1282 2278 1413 2316 pectora
1434 2275 1517 2306 recti
1539 2274 1593 2318 (8,
1619 2273 1718 2317 516).

1179 2332 1281 2379 fitqz‘s]
1307 2333 1382 2366 Non
1404 2334 1568 2378 intelligo,
1599 2335 1662 2368 nisi
1677 2346 1737 2380 pro
1756 2333 1864 2369 dativo
1887 2346 1962 2368 casu
1986 2334 2059 2366 suh·

1107 2389 1237 2427 stantivi
1267 2394 1351 2439 fuya
1381 2396 1549 2441 accipiam,
1587 2402 1623 2429 ut
1656 2408 1771 2430 sensns
1803 2397 1860 2430 sit=
1891 2397 2011 2428 »victus
2040 2408 2057 2425 a

1106 2457 1269 2491 camoena
1300 2457 1396 2499 fugae
1422 2457 1475 2502 (id
1506 2463 1556 2491 cst
1585 2457 1687 2502 cladi)
1718 2470 1807 2492 meae
1841 2458 1947 2490 statim
1982 2456 2055 2488 suh-

1099 2522 1233 2564 jungam
1247 2520 1407 2555 fictionem
1423 2521 1592 2568 poeticam,
1615 2534 1710 2569 quam
1727 2521 1781 2555 illa
1802 2531 1851 2553 me
1869 2519 2054 2553 continuare

1104 2584 1216 2629 coegit.
1224 2599 1236 2614 u
