2310 2860
183 183 243 225 gc)

216 210 244 224 A

766 176 966 218 Martiani
1006 172 1206 230 Capellae
1244 173 1316 213 lib.
1340 173 1371 213 Ι.
1411 175 1441 224 §.
1464 173 1533 214 57.

182 286 454 331 multitudine
484 298 736 336 numerare,
781 283 860 324 nisi
900 282 1006 324 haec
1035 279 1269 335 Philologia
1299 279 1527 335 gracilenta
1566 280 1755 336 quadam
1788 278 2007 321 affectione
2038 270 2140 321 con:

183 369 342 419 suevit,
383 366 547 422 quoties
577 365 678 408 deos
707 379 837 421 super
875 362 1067 419 ejusdem
1105 361 1320 402 coactione
1359 361 1640 416 instantiaque
1679 371 1952 417 conquestos,
1999 374 2139 416 quum

184 466 254 492 eos
286 448 518 491 concubiae
550 456 622 489 aut
660 447 936 502 intempestae
965 443 1098 486 noctis
1129 443 1291 485 silentio
1324 442 1585 498 quiescentes
1619 442 1671 483 ad
1702 459 1744 484 se
1775 444 1920 486 venire
1951 443 2140 485 inaudita

183 599 287 631 tianus
308 597 377 642 ipse
402 595 485 628 infra
508 593 550 639 (ξ.
566 593 656 637 208)
684 598 769 626 recte
793 593 971 625 decussarc.
1005 591 1137 624 Cortius

182 661 223 693 ad
247 659 420 701 marginem
450 657 525 689 libri
550 655 828 698 Norimbergensis
860 654 953 696 legit:
985 653 1135 697 »obliqua

182 723 332 755 accussat
360 720 455 765 polos
489 719 624 751 cliuiat.«
677 717 740 750 Cui
770 716 900 749 lectioni
933 728 998 748 non
1031 715 1136 747 solum

182 784 289 817 obstat
303 782 397 815 tertia
412 781 500 815 verbi
517 792 655 825 persona
671 779 753 811 inter
774 778 915 810 infinitos
933 778 1064 818 modos3
1082 789 1134 809 ve-

180 859 251 880 rum
266 847 436 880 verborum
454 845 549 877 etiam
564 855 690 884 sensus.
709 843 866 887 siquidem
883 842 938 873 illa
955 841 1135 874 dccussatio

180 912 251 956 ipsa
276 909 478 952 Plnilologiae
509 909 693 952 neutiquam
720 907 817 938 tribui
845 905 970 950 potuit,
1005 905 1063 937 sed
1089 904 1138 937 rei

179 981 302 1007 tantum
334 974 485 1017 cognitio.
530 972 724 1004 Decussatio
754 975 860 1002 autem
887 975 936 1001 est
963 969 1065 1002 crucis
1088 968 1136 1000 in-

181 1042 247 1068 star
273 1036 472 1081 pcmecafio,
511 1034 596 1066 unde
622 1032 890 1075 agrimensorilms
913 1031 995 1075 lapis
1024 1031 1136 1063 decus-

180 1106 268 1132 satus
297 1106 365 1141 est,
395 1099 451 1144 qui
477 1110 571 1131 cruce
600 1097 761 1138 signatus:
783 1097 858 1127 licet
881 1095 915 1126 hi
941 1096 1037 1127 decus
1065 1107 1137 1126 euni

179 1163 321 1194 decussis
344 1160 550 1194 confundant.
577 1159 676 1190 Plura
695 1158 734 1189 de
754 1159 813 1189 hac
838 1168 917 1188 voce
942 1157 1062 1188 dabunt
1079 1155 1136 1187 Ri-

179 1224 295 1266 galtius
323 1223 377 1266 (ad
398 1222 446 1253 rei
470 1232 570 1262 agrar.
595 1224 676 1250 auct.
705 1231 736 1261 p.
760 1218 834 1249 500
856 1216 968 1259 Gocs.)
995 1222 1027 1248 et
1051 1216 1136 1249 Can-

178 1288 249 1329 gius
276 1286 330 1331 (ad
352 1297 420 1318 voc.
443 1282 605 1325 Decixria).
644 1281 821 1313 Martianus
855 1280 953 1321 igitur
976 1281 1038 1311 hoc
1062 1279 1135 1311 loco

178 1350 387 1383 directionem
419 1346 605 1390 descripsit,
636 1356 698 1388 qua
726 1342 836 1375 circuli
861 1343 908 1374 illi
934 1354 1005 1374 sese
1027 1353 1136 1386 perse-

178 1418 252 1445 ccnt
273 1412 369 1456 (cons.
398 1415 431 1442 ct
455 1414 521 1440 not.
554 1407 594 1439 ad
628 1405 655 1450 §.
682 1404 753 1448 83).
787 1403 898 1447 Atque
923 1415 981 1447 pro
1013 1403 1137 1435 enormi

179 1489 235 1508 sua
259 1473 437 1507 eruditione
459 1472 568 1503 forsan
589 1470 630 1502 ad
658 1469 830 1501 Platonem
860 1466 955 1498 ctiam
981 1467 1134 1510 respexit,

177 1537 233 1580 qui
256 1536 302 1581 (in
323 1535 404 1567 Tim.
428 1546 460 1577 p.
479 1534 528 1565 56
553 1527 680 1576 Steph.)
705 1529 830 1561 orbium
852 1529 1040 1561 coelestium
1064 1540 1133 1561 cur-

178 1612 234 1632 sus
256 1600 289 1631 in
319 1598 458 1643 speciem
485 1596 628 1629 Graecae
661 1595 773 1626 literae
806 1593 838 1624 X
868 1604 938 1623 sese
965 1603 1133 1636 persecare

178 1663 296 1695 docuit.
322 1662 373 1694 Dc
386 1672 465 1693 voce
481 1660 587 1704 polose
603 1669 661 1702 pro
680 1659 743 1689 alte
766 1656 817 1688 vel
830 1667 928 1699 prope
943 1656 1031 1699 polos
1050 1655 1133 1687 conf.

179 1724 347 1767 Congium.

253 1783 410 1830 limmata]
427 1784 552 1816 Limina
565 1782 749 1816 Macrobius
769 1782 897 1826 quidem
919 1781 1033 1825 (somn.
1045 1779 1133 1825 Scip.

178 1851 220 1892 2,
244 1851 261 1882 1
275 1873 285 1890 ‚
307 1848 342 1892 f.)
362 1846 500 1891 explicat
527 1844 746 1877 semitoniumt
770 1843 827 1875 sed
852 1848 963 1874 nostro
996 1842 1134 1887 spatium

179 1919 228 1945 est
252 1913 336 1944 inter
357 1912 450 1943 orbes
474 1909 654 1949 coelestes,
679 1908 836 1952 siquidem
859 1913 891 1939 et
908 1913 1003 1938 tonos
1026 1911 1058 1938 et
1078 1907 1132 1938 he-

180 1975 327 2006 mitonins
358 1985 416 2017 pro
451 1971 561 2015 spatiis
589 1975 722 2014 usurpat
755 1969 905 2014 (§.169.
941 1969 1021 2000 171.
1051 1970 1134 2002 181.

183 2037 263 2069 182.
287 2036 366 2067 194.
392 2035 462 2066 196
480 2052 528 2056 -
546 2033 640 2077 198).
673 2031 741 2066 Sed
764 2032 846 2064 conf.
866 2031 1061 2075 superiorem
1077 2043 1133 2063 no-

180 2104 244 2130 tam
262 2097 314 2141 (ad
339 2096 368 2140 §.
393 2096 463 2139 11).

258 2158 450 2204 Philoloyia]
478 2159 551 2199 Sic,
570 2170 635 2190 non
653 2157 849 2201 Philoloqiae
871 2157 1042 2199 legendum
1062 2170 1134 2190 esse

182 2229 270 2269 patet
291 2235 308 2255 c
335 2222 497 2254 codicibus
515 2221 765 2255 Monacensibus
792 2221 1033 2266 (C-D.E.G.)‚
1061 2222 1133 2253 Bri-

183 2287 322 2328 tannico,
350 2286 529 2327 Bodlejano
552 2286 665 2330 primo,
686 2285 850 2327 flagiano,
875 2291 907 2317 et
935 2290 1017 2318 teste
1035 2284 1134 2320 Amt-

183 2351 276 2385 zenio
299 2350 400 2395 (misc.
429 2349 559 2393 p.206)
582 2349 676 2381 etiam
704 2349 878 2383 Vossiano.
1100 2387 1103 2389 ‚

258 2412 435 2457 gracilenta
461 2409 639 2455 affectione]
667 2410 724 2443 Sic
745 2411 858 2455 scripsi
883 2423 900 2443 e
927 2411 998 2444 cod.
1020 2411 1137 2444 Dresd.

185 2486 243 2520 pro
262 2473 419 2507 Grotiano
441 2471 609 2515 adfixione.
635 2472 783 2514 Intellige
804 2479 921 2505 tantam
938 2474 1139 2516 Philologiae

187 2538 402 2577 affectionem,
438 2541 473 2567 ut
508 2536 640 2579 ¹qracilis
674 2535 747 2566 inde
784 2537 867 2568 saeta
892 2542 986 2570 esset.
1030 2537 1135 2570 Paulo

187 2601 279 2632 otiam
313 2600 458 2645 superius
488 2599 527 2631 de
562 2599 631 2641 ejus
667 2600 785 2643 vigiliis
815 2605 846 2631 et
879 2601 1136 2633 lucubrationum

1187 591 1377 633 perennium
1398 590 1519 633 pallore
1538 600 1641 620 sermo
1665 594 1741 620 crat.
1768 589 1863 620 Tales
1886 590 2004 631 figurae
2029 594 2140 620 nostro

1186 651 1357 683 familiares
1379 657 1463 683 sunt.
1491 650 1546 683 Sic
1573 651 1654 682 infra
1680 649 1722 695 (§.
1741 650 1843 694 140),
1868 657 2038 695 postquam
2059 651 2141 682 inter

1188 713 1278 746 divos
1300 720 1427 757 recepta
1446 713 1646 756 Philologia‚
1668 713 1865 757 »yracilenta
1885 712 1954 754 ejus
1974 713 2058 757 perit
2075 726 2139 744 ηια-

1187 777 1268 808 cies«
1297 776 1392 821 (conf.
1412 774 1439 820 ἓ.
1462 777 1532 807 199
1552 780 1584 807 et
1600 775 1764 818 Vellejum
1786 774 1991 808 Patet-culum
2018 777 2058 816 1,
2083 776 2140 816 17,

1188 838 1220 870 2.
1248 851 1279 883 p.
1303 838 1373 870 114
1398 837 1507 882 ibique
1525 837 1649 881 Bul-m.)

1264 898 1438 945 coactione]
1472 900 1565 932 Unde
1599 912 1694 944 supra
1728 898 1768 944 (ἓ.
1790 900 1851 942 22)
1882 899 1921 930 dc
1941 898 2141 941 Philologiaz

1245 963 1328 995 »Jus
1352 963 1445 995 habet
1468 964 1532 994 ista
1556 963 1630 994 cleos
1659 974 1779 1006 urgens
1806 964 1841 994 in
1860 963 1956 1007 jussa
1979 967 2134 994 coactosa

1262 1023 1502 1072 instantiaque]
1538 1024 1672 1057 Grotius
1710 1026 1914 1066 constantia7·
1952 1024 2084 1057 Con-tius
2111 1023 2143 1055 in

1190 1085 1443 1130 Guelferbytano
1482 1087 1591 1119 codice
1624 1087 1703 1129 legit
1728 1087 1874 1127 hiantia,
1915 1086 2002 1130 quod
2035 1086 2143 1127 glossa

1189 1149 1296 1180 addita
1329 1150 1468 1192 explicat
1498 1151 1663 1181 desiderio.
1715 1149 1856 1182 Secutus
1890 1149 2038 1193 equidem
2073 1160 2144 1180 sum

1188 1210 1315 1242 codices
1333 1211 1561 1251 Dresdcnsem,
1582 1211 1889 1252 Cantabrigiensem‚
1908 1211 2143 1251 fflsileensem,

1189 1278 1284 1316 atque
1309 1273 1499 1314 Bongarsii,
1529 1274 1584 1317 qui
1620 1285 1730 1305 omnes
1759 1276 1980 1321 instantiaque
2009 1275 2142 1306 habent:

1187 1336 1295 1380 itaque
1329 1342 1507 1369 correctum
1544 1337 1640 1368 etiam
1675 1337 1709 1368 in
1742 1337 1930 1369 Britannico
1950 1349 2002 1382 ‘ac
2032 1337 2143 1370 Mona-

1185 1401 1274 1432 censi
1297 1400 1363 1444 (G).

1263 1462 1451 1509 concubiae]
1479 1463 1579 1507 Quod
1599 1464 1667 1506 jam
1690 1463 1806 1497 Grotio
1825 1464 2010 1497 subolum-at
2027 1464 2143 1497 substi-

1185 1528 1339 1560 tuendum
1371 1539 1443 1559 esse
1471 1527 1519 1568 ei,
1551 1528 1638 1571 quod
1662 1527 1695 1558 in
1720 1527 1813 1559 editis
1836 1533 1921 1568 erat,
1953 1529 2142 1569 connubiae,

1185 1589 1296 1633 optimi
1317 1589 1543 1621 confirmarunt
1567 1588 1694 1620 codices
1718 1588 1938 1630 Basilcensis‚
1963 1589 2141 1622 Darmstat-

1183 1652 1300 1693 tensis,
1334 1651 1595 1694 Bongarsianus,
1629 1652 1865 1684 vetustissimus
1893 1652 2047 1685 Scriverii
2077 1654 2142 1698 (ap.

1185 1715 1334 1748 Oudend.
1363 1716 1403 1747 ad
1420 1715 1572 1760 Appulej.
1594 1715 1620 1748 I.
1645 1729 1674 1760 p.
1701 1716 1802 1760 151),
1821 1722 1854 1748 ct
1870 1716 2053 1749 Vossianus
2077 1718 2142 1762 (ap.

1184 1777 1341 1810 Arntzcn.
1366 1778 1399 1809 in
1431 1778 1520 1810 mise.
1553 1790 1585 1822 p.
1604 1777 1700 1821 206).
1748 1778 1799 1810 De
1827 1791 1905 1811 voce
1930 1779 2142 1811 conserendus

1183 1841 1309 1874 Nonius
1323 1842 1496 1874 Marcellus
1516 1842 1560 1886 (p.
1577 1840 1650 1886 91).
1676 1842 1751 1874 Diei
1767 1842 1851 1875 enim
1871 1843 1985 1875 divisio
2005 1843 2141 1876 docentx‘.

1182 1906 1348 1939 Macrobio
1370 1905 1513 1950 (saturn.
1542 1907 1580 1946 1,
1598 1905 1635 1948 5)
1658 1907 1737 1938 haee
1761 1894 1845 1938 erat:
1873 1907 2035 1939 »Primum
2061 1913 2140 1940 tem-

1184 1979 1246 2013 pus
1270 1967 1434 1999 dicebatur
1455 1968 1580 2000 mediae
1602 1969 1705 2000 noctis
1727 1969 1913 2010 inclinatio,
1937 1969 2052 2003 deinde
2073 1971 2140 2015 qul·

1185 2034 1344 2072 licinium,
1361 2031 1436 2064 inde
1454 2033 1636 2064 contionum
1649 2044 1748 2075 quum
1765 2038 1798 2065 et
1819 2033 1895 2076 galli
1912 2034 2140 2075 conticescunt,

1185 2096 1300 2129 deinde
1325 2095 1521 2135 diluculum,
1546 2096 1620 2127 inde
1646 2108 1760 2137 mane,
1782 2097 1897 2129 deinde
1924 2098 1964 2129 de
1984 2108 2076 2129 mane
2099 2098 2139 2130 ad

1185 2159 1368 2197 meridiem,
1388 2159 1451 2190 hoe
1475 2163 1525 2189 est
1543 2158 1583 2190 ad
1605 2160 1745 2190 mediam
1765 2159 1848 2198 diei,
1868 2158 1943 2190 inde
1957 2158 2026 2200 jam
2045 2171 2138 2193 vocae·

1185 2228 1238 2254 tur
1257 2227 1383 2265 tempus
1407 2221 1594 2260 occiduum,
1626 2226 1658 2252 et
1682 2232 1756 2251 mox
1781 2232 1933 2263 suprema
1954 2226 2138 2264 tempestas,

1186 2283 1300 2316 deinde
1331 2294 1483 2326 vespera,
1512 2282 1626 2314 deinde
1655 2282 1827 2321 concubia,
1861 2287 1894 2314 ct
1925 2282 2001 2314 inde
2026 2285 2138 2316 intem-

1186 2351 1284 2391 pesta.
1316 2344 1428 2385 Ilaec,
1451 2343 1572 2388 inquit,
1600 2349 1648 2375 est
1668 2344 1731 2375 diei
1752 2343 1852 2376 civilis
1871 2356 1889 2376 a
1905 2345 2060 2378 Romanis
2082 2347 2138 2380 oh-

1189 2414 1313 2443 servata
1333 2408 1474 2440 divisim«
1507 2407 1610 2440 Addit
1631 2408 1746 2440 deinde
1776 2409 1816 2441 ad
1834 2409 1986 2452 majorem
2011 2410 2073 2443 sibi
2098 2410 2138 2444 dc

1189 2484 1267 2506 voce
1300 2471 1453 2504 concubia
1484 2470 1715 2502 conciliandam
1743 2471 1838 2503 fidem
1862 2472 2019 2516 quosdam
2040 2472 2138 2506 Ennii

1186 2546 1309 2570 versus.
1352 2533 1475 2566 Eadem
1498 2533 1563 2564 sere
1595 2533 1679 2578 apud
1708 2532 1906 2579 Appulcjum
1938 2535 2082 2579 (metam.
2101 2535 2135 2568 2.

1185 2609 1216 2641 p.
1237 2597 1303 2629 151
1325 2594 1424 2638 Ond.)
1446 2595 1596 2638 reperies.
