2310 2860
150 337 234 378 587

150 820 237 862 :588

157 1305 245 1347 589

265 230 359 272 494
843 222 1045 266 Martiani
1076 221 1275 278 Capellae
1305 221 1378 262 lib.
1398 220 1473 262 VI.
1505 221 1535 273 §.
1558 220 1654 262 587.

264 336 490 392 pulverem
535 347 733 385 movens,
790 332 849 373 sic
895 345 1066 372 exorsa:
1102 329 1221 371 Licet
1250 327 1556 370 Archimedem
1597 341 1747 369 meum
1792 327 1900 368 inter
1950 328 2224 386 philosophos

267 414 509 471 conspicata
544 413 858 468 Euclidemque
906 412 1199 453 doctissimum
1251 412 1293 452 in
1326 410 1614 452 adstruendae
1645 409 1951 467 praeceptionis
1994 425 2225 454 excursum

268 496 481 552 potuerim
512 497 765 551 subrogare,
805 510 858 536 ne
900 495 1143 550 impolitum
1186 493 1427 548 quidquam
1459 494 1703 534 subsisteret
1734 502 1992 534 assertorum
2024 502 2098 533 aut
2125 508 2227 548 pro-

267 578 453 620 funditas
485 578 700 634 caligaret3
740 586 881 618 tamen
914 575 1213 631 congruentius
1245 575 1334 629 ipsa
1366 575 1611 625 vobiscum,
1644 575 1746 630 quia
1770 574 2016 629 Cyllenium
2043 573 2228 614 excludit

268 670 589 711 ornamentum,
620 660 678 700 illi
709 660 835 699 etiam
858 656 1076 698 Helladica
1099 655 1396 698 tantummodo
1428 655 1641 707 facultate,
1673 657 1778 698 nihil
1810 656 1981 698 effantes
2000 656 2229 709 Latialiter,

271 741 514 793 atticissant,
559 755 671 796 quae
711 740 837 780 etiam
870 740 980 795 Ipsos
1027 738 1200 788 edocui,
1246 736 1363 792 quod
1403 752 1627 792 nunquam
1669 737 1758 779 sere
1799 738 1966 790 accidit,
2010 735 2231 778 Romuleis

267 831 317 863 ut
346 831 491 878 potero
518 822 695 863 vocibus
722 820 939 861 intimabo.
986 820 1047 861 Ac
1071 818 1190 874 prius
1222 817 1422 858 vocabuli
1454 818 1537 857 moi
1570 818 1806 873 promenda
1838 819 1943 859 ratio
1975 828 2053 869 cst,
2086 834 2137 859 nc
2165 818 2231 858 in-

269 903 467 944 decenter
487 912 525 943 et
547 902 808 956 squalentior
832 900 1096 958 peragratrix
1120 899 1423 940 coelicolarum
1445 909 1639 940 auratam
1672 900 1836 941 curiam
1857 909 1896 941 et
1925 900 2233 941 interstinctum

269 984 470 1039 cylindris
507 984 822 1040 gemmantibus
863 983 1160 1039 pavimentum
1200 982 1335 1023 rurali
1373 997 1622 1038 respersura
1652 983 1834 1040 pulvere
1864 983 2014 1025 credar
2044 983 2233 1024 intrasse.

269 1064 516 1105 Geometria
552 1064 691 1116 dicor,
740 1063 860 1119 quod
899 1073 1164 1119 permeatam
1206 1063 1357 1104 crebro
1402 1063 1740 1119 admensamque
1784 1065 2005 1114 tellurem,
2055 1064 2234 1117 ejusque

274 1143 478 1199 figuram,
523 1145 883 1200 magnitudinem,
922 1144 1087 1194 locum,
1128 1152 1287 1198 partes,
1326 1152 1365 1183 et
1394 1144 1524 1185 stadia
1556 1146 1712 1200 possim
1745 1160 1844 1185 cum
1884 1146 1969 1186 suis
1999 1144 2234 1186 rationibus

275 1225 510 1280 explicare,
542 1240 682 1281 neque
707 1226 793 1267 ulla
823 1227 873 1267 sit
895 1226 937 1266 in
963 1226 1086 1266 totius
1111 1235 1247 1266 terrae
1272 1223 1512 1265 diversitate
1543 1225 1728 1280 partitio,
1765 1239 1898 1280 quam
1922 1239 2007 1265 non
2034 1223 2235 1264 memoris

275 1321 404 1348 cursu
435 1307 724 1363 descriptionis
755 1307 991 1347 absolvam.
1053 1306 1153 1356 Quo
1184 1307 1314 1357 dicto,
1364 1307 1567 1360 quoniam
1601 1306 1771 1347 fuerant
1800 1307 1840 1345 in
1873 1305 2056 1346 deorum
2087 1314 2236 1346 senatu

277 1389 579 1444 quamplures,
621 1390 696 1443 qui
734 1403 877 1443 neque
915 1388 988 1428 toti
1020 1388 1059 1428 in
1093 1388 1214 1428 terris
1255 1396 1409 1437 essent,
1459 1402 1601 1442 neque
1633 1388 1711 1443 ipsi
1744 1402 1938 1442 unquam
1974 1386 2161 1428 dicerent
2194 1402 2238 1428 se

276 1467 456 1508 calcasse
486 1468 705 1518 tellurem,
749 1469 839 1523 ipse
870 1469 996 1509 etiam
1027 1468 1196 1523 Jupiter
1227 1469 1434 1508 curiosius
1466 1468 1590 1508 totius
1621 1477 1757 1508 terrae
1790 1468 1972 1508 latebras
2004 1468 2131 1509 vellet
2162 1483 2239 1509 ex-

277 1549 471 1603 quirere,
504 1549 629 1590 credo
655 1549 808 1589 necubi
842 1549 1034 1590 decentes
1066 1550 1229 1605 puellas
1259 1551 1334 1592 isto
1368 1563 1544 1605 quoque
1577 1549 1721 1589 seculo
1753 1549 1786 1590 is
1821 1549 2079 1591 versiformis
2111 1549 2236 1590 etiam

353 1656 544 1701 Cyllenium]
572 1657 762 1689 Mercuriale
787 1663 1005 1688 ornamentum
1034 1658 1085 1688 hic
1109 1663 1158 1688 est
1182 1669 1233 1688 ars
1285 1658 1386 1697 enim,
1423 1658 1479 1700 qui
1510 1657 1569 1688 toti
1597 1658 1629 1688 in
1656 1658 1749 1689 terris
1781 1663 1870 1697 sunt,
1906 1663 2074 1689 terrestres
2094 1657 2240 1699 designat

279 1721 432 1758 oratoria,
457 1733 552 1764 quam
571 1732 588 1751 a
607 1720 779 1761 geometria
798 1720 987 1752 declaranda
1007 1721 1141 1752 alienam
1161 1733 1233 1753 esse

279 1780 445 1821 significat.
490 1782 643 1813 Ceterum
678 1781 791 1825 scripsi
824 1789 1046 1815 ornamentum
1076 1795 1093 1815 e
1125 1782 1234 1815 codice

279 1844 466 1878 monacensi
489 1844 564 1888 (A),
595 1846 690 1887 vulgo
715 1858 877 1878 ornamen.

354 1905 516 1951 tellurem]
552 1906 698 1951 Apparet
731 1908 825 1949 igitur
850 1920 914 1939 non
942 1920 1012 1940 eam
1040 1908 1135 1940 modo
1164 1921 1236 1953 yco-

280 1970 427 2000 metrz'am
453 1974 563 2000 nostro
593 1969 669 2009 dici,
701 1982 794 2013 quam
819 1981 877 2001 nos
902 1971 1141 2003 hoe'vocabulo
1173 1970 1236 2013 sig-

282 2032 448 2064 nificantes
487 2033 715 2064 mathematicis
757 2033 935 2077 disciplinis
972 2046 1235 2074 annumeramus,

284 2096 341 2127 sed
366 2108 406 2127 ex
428 2095 646 2136 originationis
666 2096 788 2127 milone
809 2097 901 2128 ctiam
919 2099 1145 2141 9coyrnplniam
1170 2097 1236 2128 uni-

282 2171 423 2199 versam,
453 2159 570 2202 pariter
596 2165 631 2189 nt:
657 2159 688 2189 in
719 2159 773 2190 illa
802 2161 999 2202 Protagorae
1023 2159 1236 2207 γεωμετρίᾳ

283 2220 356 2266 τῆς
388 2219 635 2266 Οἰκουμένης,
671 2233 763 2263 quam
799 2222 936 2253 Photius
972 2222 1136 2265 (biblioth.
1167 2222 1236 2253 cod.

288 2283 372 2325 188)
393 2294 426 2314 se
448 2282 564 2324 legisse
586 2287 728 2314 testatur.
758 2284 836 2315 Mox
861 2296 878 2315 a
903 2284 1012 2316 codice
1037 2285 1237 2315 Reichcnau-

287 2346 356 2378 ensi
383 2347 474 2378 abest
501 2359 572 2378 cum
597 2352 670 2378 ante
694 2348 782 2385 suis,
816 2348 907 2379 male.

362 2409 432 2455 toti]
460 2409 566 2442 Aliter
590 2411 648 2442 suit
675 2411 707 2441 in
734 2411 810 2443 MS.
847 2412 934 2443 Sanc
960 2412 1151 2443 vocabulum
1180 2412 1240 2443 toti

288 2472 339 2504 hic
373 2469 670 2518 [ἷπροὸιόνυῦον.
699 2473 802 2504 (ἱιιοτ.
822 2492 867 2496 ——
903 2475 1088 2506 variantem
1118 2473 1238 2505 nullam

290 2534 411 2566 adverti
438 2536 624 2574 lectionem,
656 2535 716 2566 nisi
743 2536 828 2579 quod
856 2536 888 2567 in
920 2537 1082 2568 codicibus
1103 2537 1238 2568 Reiche-

291 2596 422 2627 nauensi
445 2602 477 2627 ct
496 2597 743 2628 Darmstatteusi
769 2603 801 2628 et
825 2597 858 2628 in
884 2598 973 2629 libris
995 2605 1067 2629 ante
1091 2599 1239 2631 Grotium

291 2658 384 2689 editis
416 2670 477 2690 vox
510 2660 546 2690 in
575 2659 691 2691 omissa
720 2659 770 2691 sit.
812 2659 880 2692 Sed
905 2660 983 2692 nihil
1015 2666 1115 2695 muto.
1154 2662 1243 2694 Deos

1285 1719 1414 1762 (confer
1447 1718 1474 1762 ἓ.
1503 1719 1584 1750 167.
1612 1719 1699 1752 426.
1733 1719 1815 1750 729.
1839 1718 1931 1762 810)
1957 1719 2155 1763 opponitque
2184 1718 2239 1759 iis,

1287 1781 1341 1824 qui
1366 1780 1510 1811 tellurem
1535 1791 1568 1811 se
1596 1793 1760 1824 nunquam
1788 1780 1928 1812 calcasse
1950 1781 2102 1812 dicerent.

1361 1839 1571 1886 versiformis]
1593 1841 1699 1873 Simili
1713 1842 1901 1883 cognomine
1914 1843 2051 1874 Plautus
2069 1841 2240 1887 (Amphitr.

1287 1905 1370 1950 prol.
1395 1906 1485 1948 125)
1510 1907 1710 1949 versipellem
1732 1907 1849 1938 Jovem
1881 1907 2030 1952 appellnt.
2064 1906 2185 1940 Confer
2210 1910 2242 1936 et

1289 1969 1453 2002 Catullum
1476 1971 1554 2013 (68,
1582 1970 1681 2013 140):

1347 2034 1509 2065 ›nNoscens
1537 2033 1689 2064 omnivoli
1711 2034 1851 2076 plurima
1873 2033 1966 2076 furta
1988 2031 2111 2065 Jovia-

1288 2097 1414 2128 Inserui
1446 2103 1550 2128 autem
1588 2099 1685 2128 etiam
1715 2109 1732 2128 e
1769 2097 1932 2128 codicibus
1965 2094 2241 2134 Reichenauensi,

1288 2159 1552 2198 Darnistattensi‚
1588 2164 1619 2189 ct
1645 2157 1893 2190 Monacensihus
1923 2155 1976 2200 (A.
2002 2156 2060 2199 C),
2093 2156 2181 2200 quod
2202 2168 2242 2187 nc

1289 2223 1450 2253 abundare
1475 2228 1548 2266 post
1569 2233 1694 2269 quoque
1719 2231 1866 2260 censeaS,
1896 2220 2068 2251 tenendum
2091 2225 2157 2260 cst,
2180 2219 2242 2251 ele-

1289 2291 1400 2327 ganter
1426 2286 1571 2328 usurpari
1593 2297 1650 2328 pro
1675 2296 1713 2316 eo
1738 2284 1824 2327 quod
1850 2284 1945 2325 vulgo
1971 2283 2053 2315 male
2076 2284 2182 2316 adhuc
2197 2283 2244 2314 di-

1289 2350 1378 2382 citur.
1413 2349 1595 2392 Imperitius
1626 2360 1700 2379 vero
1728 2347 1823 2390 paulo
1849 2353 1921 2379 ante
1945 2348 2060 2379 necubi
2082 2346 2162 2378 dixit
2185 2357 2243 2390 pro

1289 2413 1415 2451 eccubi3
1449 2412 1525 2442 lieet:
1549 2411 1632 2442 enim
1664 2423 1703 2442 ne
1729 2423 1857 2455 quoque
1882 2411 1915 2442 in
1942 2410 2243 2453 interrogationibus
2290 2406 2291 2409 ¹

1289 2474 1394 2507 locum
1420 2473 1535 2505 habeat
1554 2473 1675 2517 (plaut.
1695 2471 1807 2504 Aulul.
1825 2473 1948 2517 prolog.
1966 2474 2032 2513 593
2067 2472 2193 2516 Captiv.
2212 2471 2242 2510 l,

1289 2538 1330 2576 2,
1354 2535 1432 2578 24),
1460 2541 1566 2566 tamen
1592 2535 1635 2566 ibi
1658 2540 1780 2566 tantum
1804 2540 1992 2578 usurpatur,
2015 2533 2070 2565 ubi
2098 2532 2167 2564 fieri
2188 2543 2244 2564 no·

1290 2600 1394 2631 lamus
1423 2597 1510 2640 quoil
1541 2597 1784 2639 investigamus,
1821 2595 1909 2641 quod
1932 2597 1993 2628 hoc
2019 2595 2091 2627 loco
2113 2605 2244 2638 prorsus

1295 2664 1404 2691 eontra
1430 2664 1486 2691 est.
