2310 2860
219 165 309 206 (350
778 157 978 199 Martiani
1008 155 1207 212 Capellae
1236 153 1307 195 lib.
1335 152 1432 196 VII.
1462 154 1493 204 §.
1517 152 1615 194 801.

219 270 251 309 si
283 281 462 308 numero
501 263 749 306 membrum
790 262 860 313 sit,
908 262 951 302 in
992 276 1041 302 eo
1080 274 1263 302 numero
1302 272 1551 301 mensuram
1585 259 1618 299 is
1656 257 1835 310 habeat,
1881 260 1950 300 cui
1983 273 2083 300 cum
2119 274 2168 300 eo

221 348 416 390 membro
440 360 670 386 commune
702 358 859 384 nomen
884 344 935 384 sit
946 357 958 395 3
994 351 1043 383 ut
1074 341 1297 384 novenarii
1327 342 1498 383 numeri
1528 340 1779 383 membrum
1810 340 1853 382 in
1883 342 2072 383 ternione
2099 351 2171 392 est,

222 443 408 484 eumque
438 437 523 470 tres
554 427 802 468 metiuntur.

105 508 192 549 802
322 503 324 505 ’
533 508 622 550 Hos
656 515 719 548 sat
748 505 826 546 erit
855 504 1015 545 cursim
1044 517 1248 544 numeros
1283 518 1542 546 memorasse
1574 504 1832 559 modosque3

535 588 687 630 Cetera
718 585 945 640 Cecropias
978 597 1168 639 aequum
1204 583 1426 638 perhibere
1457 584 1701 636 cathedras,

531 670 575 710 Si
607 678 748 710 tamen
780 667 894 707 ullus
923 667 1029 706 inest
1060 668 1210 706 nostris
1242 679 1372 721 super
1402 666 1559 707 halitus
1591 667 1698 717 aris,

529 751 617 791 Aut
645 749 722 790 rite
749 749 793 788 in
826 757 1013 788 veterem
1050 746 1214 787 cultum
1244 746 1503 800 replicantur
1539 746 1715 787 abollae.

531 828 603 869 Me
650 828 836 883 spatium
874 826 1097 867 admonuit
1139 827 1226 880 jam
1272 825 1470 866 claudere
1510 825 1665 866 fatibus
1705 839 1821 876 orsa,

533 910 600 951 Ne
629 910 841 964 supersim
871 907 1002 947 nostri
1031 906 1198 959 capiant
1228 903 1394 944 fastidia
1425 912 1590 954 coetus,

532 989 587 1030 Et
616 998 737 1030 vetus
772 988 972 1042 astrigero
1002 986 1137 1041 pellar
1168 985 1430 1025 Numeraria
1461 984 1592 1025 coelo.

531 1070 601 1109 Sic
636 1069 710 1119 ait,
747 1083 794 1108 ac
827 1067 1005 1108 reticens
1036 1064 1225 1121 propiori
1260 1064 1457 1118 adjuncta
1487 1063 1622 1104 sorori
1656 1072 1726 1104 est.

297 1182 353 1212 hos
378 1185 429 1211 sat
454 1175 534 1222 erit]
564 1176 703 1209 Codices
728 1175 904 1207 Grotianus
934 1180 966 1205 et
1000 1174 1175 1204 Darmstat-
1226 1170 1373 1203 carminis
1397 1175 1617 1210 argumentum
1642 1171 1703 1202 hoc
1727 1175 1791 1200 est:
1816 1170 1951 1202 „Cetera
1970 1170 2179 1214 philosophos

224 1243 323 1276 tensis
350 1255 408 1274 nos
415 1266 427 1281 ,
453 1242 510 1273 sed
542 1239 688 1283 opposita
714 1238 873 1279 vulgatam
900 1237 1098 1268 confirmant.
1228 1233 1404 1276 artiumque
1426 1232 1594 1273 magistros
1622 1233 1711 1275 ipsos
1735 1239 1962 1276 persecuturos
1983 1245 2054 1264 esse
2074 1245 2179 1281 spei-0,

300 1305 380 1351 aris]
396 1305 491 1337 Alios
505 1304 611 1345 legere
628 1304 688 1334 alis
702 1301 835 1342 margini
847 1300 982 1333 Grotius
1000 1298 1177 1341 adscripsit.
1227 1296 1322 1327 modo
1341 1307 1429 1326 saera
1449 1301 1557 1326 nostra
1581 1295 1674 1326 ctiam
1692 1307 1777 1326 nunc
1797 1295 1903 1338 aliquo
1923 1296 2018 1326 modo
2037 1296 2182 1328 colantur

300 1366 509 1412 Numeraria]
526 1367 722 1398 IVumerart'a
736 1359 980 1409 ἀριθμητική.
999 1361 1055 1393 Sic
1071 1361 1177 1402 glossa
1229 1364 1259 1389 et
1274 1358 1402 1400 antiqua
1421 1357 1594 1400 sapientiae
1607 1358 1711 1388 studia
1726 1358 1785 1389 rite
1806 1363 1970 1399 maueant3
1992 1370 2041 1390 me
2056 1364 2181 1404 tempus

228 1430 357 1464 Isidori:
378 1428 638 1467 »Arithmcticus7
659 1425 866 1458 numerarius.
876 1438 886 1452 u
905 1423 1180 1457 GnoT.—Deam
1232 1425 1281 1450 est
1308 1418 1459 1458 reticere,
1485 1429 1525 1448 ne
1553 1430 1741 1462 superorum
1762 1424 1872 1451 coetus
1897 1420 2023 1451 fastidio
2048 1421 2110 1452 mei
2133 1433 2181 1453 ca-

230 1492 304 1524 olim
329 1492 434 1523 fictam
460 1490 559 1521 fuisse
581 1489 793 1525 aneriam,
824 1497 906 1529 quae
929 1496 1100 1516 munerare
1125 1483 1180 1514 do·
1231 1480 1336 1525 piatur
1362 1479 1565 1522 omniumque
1590 1479 1723 1512 deorum
1739 1486 1870 1513 matrem
1888 1480 1930 1526 (ἓ.
1946 1481 2032 1524 750)
2048 1483 2184 1527 turpiter

232 1559 329 1596 teret,
356 1552 558 1595 Augustinus
574 1551 626 1595 (de
649 1549 706 1582 civ.
734 1548 834 1589 dem,
854 1547 912 1589 11)
931 1546 1033 1579 docet.
1066 1545 1181 1578 Totius
1233 1556 1251 1576 e
1276 1543 1367 1576 coelo
1395 1543 1548 1585 dejiciat.«
