2310 2860
662 122 863 164 Martiani
895 121 1094 178 Capellae
1124 122 1196 163 lib.
1217 121 1336 165 VIII.
1368 125 1399 174 ᾗ.
1419 123 1519 164 814.

1977 123 2064 165 611

100 231 314 286 globatim,
362 240 520 271 terram
563 231 604 271 in
646 230 786 271 medio
829 231 1006 284 imoque
1045 227 1231 270 defixam
1275 230 1452 270 aeternis
1497 228 1600 269 coeli
1638 228 1829 283 raptibus
1875 228 2062 268 circum-

101 323 277 350 currens
317 309 514 350 circulari
545 309 732 363 quadam
772 310 935 350 ratione
968 308 1240 349 discriminat.

103 390 144 430 in
171 391 261 445 ipso
295 390 537 431 adstruendi
568 390 713 431 limine
744 405 827 430 non
859 390 1081 445 dedigner,

1302 308 1567 363 Quanquam
1600 308 1839 349 auscultare
1873 307 2058 363 physicis

1113 391 1188 445 qui
1219 389 1436 430 subtilium
1471 405 1698 442 corporum
1731 389 2058 431 teneritudinem

99 471 184 511 suis
225 471 437 511 coactibus
479 469 817 510 circumductam
858 470 898 510 in
933 470 1137 524 quasdam
1173 481 1302 511 sectas
1334 471 1426 511 vias
1458 481 1497 511 ct
1528 472 1788 512 circulorum
1820 472 2056 527 intercape-

99 550 216 592 dines
245 566 330 591 non
364 551 581 591 aestimant
612 550 841 605 disparari,
881 551 955 592 sed
986 552 1072 592 suis

1104 551 1302 592 fluctibus
1336 552 1609 593 adhaerentes
1639 563 1810 594 naturas
1840 552 2055 606 undique-

98 646 218 673 secus
249 633 421 687 globoso
446 632 608 673 ambitu
631 632 895 686 orbibusque
918 631 1111 672 diffundi.
1152 632 1350 681 Quarum
1386 632 1494 672 circa
1522 631 1736 684 medium,
1770 633 1885 686 quod
1908 633 2055 673 dixere

100 721 294 763 centron,
326 726 462 765 aquae
491 711 706 766 primum,
739 713 934 765 aerisque
965 725 1168 764 sequens,
1200 713 1368 753 tertium
1397 713 1499 766 ignis
1528 728 1653 767 cyma
1693 720 2053 762 commemorant3

99 802 138 833 et
168 802 269 834 tunc
300 794 447 849 quinto
479 792 669 846 quodam
702 806 934 846 corporeae
965 790 1222 831 substantiae
1254 800 1590 846 temperamento
1622 791 1838 832 aethereos
1868 792 2054 831 circum-

100 875 244 916 volare
282 875 487 929 fulgores,
534 888 620 928 quo
662 873 754 913 loco
795 872 899 912 Solis
933 874 1081 913 Lunae
1113 887 1161 913 ac
1191 872 1380 912 siderum
1423 872 1696 927 signiserique
1729 872 1840 912 orbis
1872 886 1915 911 se
1946 870 2054 911 ohli-

98 956 236 1011 quitas
258 955 552 1007 circumducit,
577 955 695 1011 quod
718 954 1054 1002 κυκλοφορητικὸν
1073 955 1172 1000 κῦμα
1200 953 1419 1010 gymnasia
1441 953 1699 1005 retulerunt3
1732 952 1854 1007 cujus
1876 960 2053 992 naturae

93 1110 212 1157 μέρος
246 1109 361 1147 οὐδὲν
394 1110 554 1152 οὐδενὸς
585 1111 675 1148 οὐδὲ
705 1111 869 1156 δύναμιν
899 1112 1050 1154 ἔξωθεν

96 1171 306 1209 ὑπολιπών
331 1189 362 1209 κ.
393 1187 424 1209 τ.
451 1177 483 1209 λ.

170 1236 329 1282 globulus]
357 1238 499 1268 Restitui
525 1237 718 1269 anteriorum
740 1237 915 1270 editionum
940 1238 1049 1270 lectio-

96 1311 185 1340 nem,
214 1300 348 1332 Grotius
375 1301 484 1332 nescio
510 1301 593 1331 unde
620 1302 764 1344 qlobalz's.

172 1364 207 1394 in
220 1363 323 1394 medio
340 1362 478 1409 imoque]
497 1362 581 1395 Vide
599 1362 779 1406 superiores
798 1367 891 1392 notas
909 1361 951 1405 (ἓ.
967 1362 1050 1394 584-

96 1424 192 1467 599).

170 1485 384 1531 discri'minmt]
403 1486 573 1527 Conjicere
588 1486 659 1528 quis
674 1484 777 1528 possit
792 1485 1050 1523 discriminatio-,-

97 1550 154 1582 sed
191 1550 431 1591 recogitandum
470 1555 519 1581 est
547 1549 675 1581 eosdem
713 1549 746 1578 iu
776 1554 860 1579 terra
899 1559 980 1591 quos
1015 1547 1068 1585 iu=

95 1612 213 1643 mundo
239 1612 376 1643 circulos
402 1624 418 1642 a
442 1611 581 1654 physicis
599 1610 708 1641 statui.

167 1676 320 1720 fluetibus
346 1674 570 1718 “fllium-entes]
598 1675 636 1705 Iu
662 1675 743 1705 hanc
771 1672 959 1704 sententiam
986 1671 1047 1702 slis·

95 1743 186 1782 putat
203 1737 398 1769 Aristoteles
422 1737 473 1779 (de
497 1737 587 1768 coelo
605 1737 644 1775 2,
669 1737 690 1767 8
712 1734 824 1778 sequ)
845 1734 945 1765 Plura
962 1733 1049 1764 dabit

95 1799 240 1832 Achilles
251 1799 362 1830 Tatius
378 1799 431 1843 (ad
449 1798 542 1830 Arar.
555 1799 576 1829 4
594 1798 625 1829 iu
642 1799 751 1828 Petav.
768 1796 899 1827 Uranol.
916 1809 945 1839 p.
957 1795 1050 1837 1526).

95 1861 191 1893 Adde
211 1861 292 1892 vitae
308 1862 508 1904 Pythagorae
535 1861 722 1903 scriptorem
742 1859 786 1902 (p.
804 1859 853 1889 60
870 1857 1047 1899 Rittcrsln).

169 1920 427 1969 undiquesecus]
474 1922 587 1953 Codex
621 1918 1048 1952 Ettenheimmi'mstcriensis

95 1993 215 2026 seclus5
242 1997 409 2030 perperam
434 1984 475 2029 (ξ.
491 1986 572 2016 399.
598 1985 682 2016 601.
703 1984 786 2016 622.
811 1983 893 2014 724.
916 1983 1011 2025 865).

169 2047 437 2094 eonaememorant]
482 2048 539 2081 Sic
579 2048 681 2080 codex
719 2046 912 2088 Grotianu33
950 2046 1046 2087 vulgo

95 2118 326 2147 commemorat.

168 2181 246 2207 tune
280 2171 412 2221 quinto]
452 2172 561 2213 Vulgo
595 2183 699 2210 ηιιηο,
735 2171 821 2214 quod
854 2170 978 2201 correxi
1007 2181 1047 2201 ex

96 2237 258 2269 codicibus
298 2234 726 2275 Ettcnheimmiiustericnsi,
768 2233 1046 2273 Reichcnauensi,

96 2301 360 2339 Darmstattensi,
387 2307 419 2331 et
441 2299 630 2332 Monacensi
650 2299 751 2330 altero
774 2298 847 2342 (C)3
883 2298 940 2329 sed
961 2297 1048 2341 quod

95 2374 172 2394 mox
195 2361 623 2393 Ettenlieimmiinsteriensis
655 2360 800 2405 praebuit
836 2361 949 2407 quinto
981 2360 1047 2392 loco

98 2425 252 2472 quosdam
260 2447 271 2462 ,
298 2422 418 2453 librarii
440 2434 567 2454 inanum
594 2421 864 2466 interpolatricem
886 2421 1020 2453 redolet.

171 2482 507 2533 κτκλοφορητικὸν
523 2484 642 2530 κῦμα]
669 2486 748 2518 Εἱιῑο
769 2486 922 2529 fon-eziens
947 2497 1048 2528 cyma,

97 2550 188 2582 locus
206 2547 474 2593 corruptissimus.
500 2547 614 2592 Neque
633 2547 709 2592 quid
729 2549 808 2582 hace
830 2553 977 2588 monstra*
995 2559 1048 2581 vo·

1101 1113 1286 1145 cabalorum
1303 1114 1402 1145 velint
1427 1113 1509 1153 scio,
1541 1112 1602 1144 nisi
1625 1111 1804 1153 conjunctis
1827 1110 1952 1141 duobus
1969 1108 2052 1153 prio-

1101 1175 1206 1215 ribus,
1241 1181 1274 1206 ct
1303 1177 1324 1206 d
1354 1176 1387 1206 in
1416 1176 1459 1214 el,
1497 1175 1550 1218 qui
1585 1174 1685 1205 facilis
1720 1173 1830 1215 lapsus
1858 1172 1932 1212 fuit,
1971 1183 2053 1202 com-

1101 1242 1234 1275 mutato,
1262 1236 1305 1268 ita
1325 1236 1429 1277 legas:
1452 1234 1759 1279 =›c5clophorcticum
1781 1246 1906 1277 cyma«,
1931 1232 2055 1264 Graece

1101 1294 1437 1344 κυκλοφορητικὸν
1460 1297 1571 1340 κῦμα.
1590 1297 1735 1328 Vtram.
1752 1314 1800 1318 —
1834 1294 1894 1327 vVir
1918 1294 2053 1326 clarissi-

1101 1371 1171 1389 mus
1198 1359 1236 1389 B.
1262 1359 1439 1390 Vulcanius
1459 1358 1536 1399 legit
1560 1359 1638 1399 cydo
1661 1357 1820 1400 foreticon
1843 1367 1954 1398 cyma,
1985 1355 2053 1399 qui-

1101 1432 1172 1452 cum
1198 1421 1358 1452 consentit
1388 1431 1477 1450 lucus
1507 1418 1757 1461 manuscriptus3
1789 1417 1876 1460 quod
1903 1422 1937 1448 ut
1960 1416 2051 1447 intel-

1100 1484 1217 1523 ligatur
1248 1483 1412 1514 scicndum
1447 1488 1496 1513 est
1531 1481 1682 1525 physicos
1717 1480 1861 1512 Graecos
1895 1480 2054 1511 clementa

1101 1545 1329 1591 λεπτομερῆ,
1372 1546 1496 1587 iguem,
1541 1551 1663 1584 aerem,
1696 1555 1893 1587 aquamque,
1929 1543 1987 1574 sed
2021 1548 2054 1574 et

1100 1610 1204 1653 ipsum
1243 1610 1371 1639 aethera
1409 1606 1560 1651 κύματα
1588 1619 1730 1639 vocasse.
1767 1606 1823 1638 Sic
1848 1617 1943 1650 supra
1969 1607 2054 1649 iynis

1100 1683 1189 1713 cyma
1217 1676 1461 1702 commemorant
1497 1669 1553 1711 (ita
1586 1669 1669 1701 enim
1702 1667 1747 1699 ibi
1772 1668 1845 1708 lego
1877 1680 1949 1699 cum
1971 1666 2052 1700 MS.

1099 1744 1165 1764 non
1191 1731 1426 1773 commemorat)
1452 1730 1538 1773 quod
1562 1736 1594 1761 ct
1617 1729 1852 1770 elegantissime
1873 1728 2054 1760 observavit

1099 1796 1147 1827 vir
1161 1795 1416 1838 incomparabilis
1435 1793 1627 1825 Hermolaus
1642 1792 1813 1824 Barbarus.
1838 1792 1929 1824 Voce
1947 1797 2052 1823 autem

1100 1854 1423 1903 κυκλοφορητικῷ
1455 1855 1553 1885 utitur
1575 1853 1815 1896 Athenagoras,
1847 1858 1879 1884 ct
1906 1853 2051 1896 quisquis

1098 1920 1152 1951 ille
1173 1921 1298 1951 tandem
1317 1925 1365 1950 est
1379 1918 1583 1950 doctissimus
1599 1917 1701 1949 libelli
1724 1918 1763 1948 de
1779 1916 1905 1958 {mundo
1930 1921 2049 1950 auctor.

1099 1982 1259 2014 Gn01.—
1284 1979 1559 2012 Reichenaueusis
1576 1979 1677 2011 codex
1699 1984 1818 2010 rectam
1837 1978 1970 2022 praebet
1986 1977 2049 2010 lee-

1097 2044 1232 2084 tioncm,
1269 2043 1395 2074 tametsi
1419 2043 1543 2074 Latinis
1572 2042 1721 2085 scriptam
1741 2041 1857 2082 literis,
1884 2053 1979 2084 quam
2000 2052 2048 2072 re-

1097 2108 1177 2152 cepi.
1233 2107 1323 2138 Idem
1356 2112 1408 2138 est
1446 2101 1782 2152 κυκλοφορητικὸν
1822 2103 1930 2148 σῶμα
1965 2103 2049 2147 apud

1097 2171 1233 2204 Sextum
1262 2170 1458 2214 Empiricum
1493 2171 1657 2213 (hypotyp.
1691 2169 1806 2211 Pyrrh.
1827 2170 1868 2208 5,
1896 2168 1937 2208 4,
1967 2166 2047 2209 51),

1097 2235 1152 2267 uhi
1171 2234 1242 2266 vide
1263 2234 1443 2265 Fabricium
1464 2234 1506 2277 (p
1527 2232 1629 2276 156),
1657 2243 1802 2276 quaeque
1825 2243 1884 2262 nos
1899 2229 1960 2273 ipsi
1978 2229 2048 2272 plu—

1098 2297 1186 2328 ribus
1201 2295 1282 2327 locis
1305 2295 1343 2326 de
1367 2295 1476 2338 quinta
1497 2293 1637 2326 essentia
1653 2293 1718 2324 sive
1738 2293 1863 2324 aethere
1884 2303 1925 2322 ex
1941 2296 2046 2323 mente

1098 2356 1286 2390 Aristotelis
1307 2356 1524 2387 disseruimus.

1175 2416 1363 2463 yymnasia]
1399 2417 1437 2449 Id
1469 2422 1518 2448 est
1540 2416 1796 2460 philosophomm
1823 2413 1968 2453 scholae,
2011 2419 2049 2446 nt

1100 2483 1183 2527 apud
1203 2482 1393 2515 Ciceronem
1410 2482 1462 2525 (de
1478 2486 1557 2514 orat.
1588 2481 1619 2520 1,
1641 2478 1708 2522 15).
1734 2476 1943 2511 Aristotelem
1965 2477 2049 2510 enim

1099 2552 1210 2580 notum
1239 2552 1289 2579 est
1319 2546 1352 2578 in
1376 2545 1483 2590 Lyceo
1511 2543 1669 2577 docuisse.

1606 2604 1650 2635 81
