2310 2860
677 154 877 197 Martiani
915 153 1114 211 Capellae
1152 154 1223 195 lib.
1248 154 1303 196 V.
1343 156 1372 207 §.
1398 154 1497 196 552.
1992 161 2085 202 ‘¹169

127 278 260 319 quam
291 263 444 304 Graeci
475 266 714 315 παρέκβασιν
743 271 915 313 vocant,
956 270 1119 317 oportet
1150 259 1403 316 adjungere,
1450 276 1539 317 quo
1568 263 1636 304 vel
1667 263 1890 305 incitamus
1920 265 2082 318 judices

127 342 196 382 v‘el
235 341 461 383 delinimus
472 357 484 394 3
540 341 614 382 sed
646 342 850 396 quoniam
883 357 980 398 pars
1011 341 1207 391 orationis
1247 358 1333 385 non
1364 352 1423 386 est
1457 353 1496 387 et
1525 358 1610 386 non
1640 359 1808 403 semper
1840 345 2082 405 arripienda

127 433 206 475 est,
252 438 347 464 eam
380 423 537 478 placuit
568 422 810 478 praeterire.

816 580 896 622 DE
940 581 1384 628 PROPOSITIONE.

295 687 527 743 Propositio
568 696 640 728 aut
676 696 817 728 nostra
857 695 917 727 est
956 696 1028 727 aut
1073 688 1418 730 adversariorum
1467 699 1540 731 aut
1585 693 1836 733 communis.
1911 694 2080 746 Nostra,

124 776 189 808 ut:
227 768 397 808 caedem
432 769 606 822 objicio3
638 767 1004 809 adversariorum:
1046 767 1220 808 caedem
1251 785 1320 810 me
1354 770 1499 811 secisse
1530 771 1651 825 dicit,
1693 777 1949 817 communis:
1984 786 2079 817 uter

123 857 315 889 nostrum
349 847 523 889 caedem
555 848 770 889 admiserit
798 848 1032 903 quaeritur.
1088 849 1396 905 Propositiones
1428 862 1571 893 autem
1604 854 1905 910 principalium
1942 873 2077 913 quae-

122 930 306 970 stionum
351 939 449 970 sunt
494 939 565 970 aut
608 928 906 979 incidentium,
958 937 1030 969 aut
1071 928 1282 985 simplices
1326 940 1399 971 aut
1430 932 1689 985 conjunctae.
1752 936 1969 991 Simplex,
2017 948 2079 980 ut:

120 1009 344 1050 luxurialis
384 1024 446 1059 οε,
504 1009 771 1050 meretricem
813 1023 953 1061 amas3
999 1009 1248 1062 conjunctae
1284 1019 1426 1052 autem
1473 1027 1550 1066 per
1590 1015 1859 1068 partitionem
1890 1019 2082 1059 maxime

120 1097 438 1144 proponuntur,
487 1103 599 1142 quae
634 1088 859 1142 dupliciter
890 1088 1018 1141 fiunt3
1068 1099 1140 1130 aut
1185 1091 1299 1131 enim
1329 1092 1575 1146 simpliciter
1608 1095 1712 1148 quid
1743 1095 1896 1138 dicturi
1928 1113 2081 1139 sumus

118 1168 398 1218 ostendimus,
447 1177 519 1208 aut
560 1177 652 1209 ante
684 1168 790 1222 quid
820 1169 941 1209 nobis
974 1185 1074 1212 cum
1107 1171 1355 1213 adversario
1388 1176 1632 1225 conveniat,
1678 1177 1783 1229 quid
1812 1178 1855 1218 in
1893 1179 2080 1221 dubium

117 1259 315 1300 vocetur,
346 1248 567 1290 edicimus.
624 1250 935 1306 Propositiones
960 1261 1032 1293 aut
1061 1252 1203 1293 nudae
1234 1263 1332 1294 sunt
1357 1263 1428 1294 aut
1457 1255 1608 1295 rationi
1638 1257 1866 1311 subjectae.
1905 1260 2074 1311 Nudae,

116 1339 183 1371 ut:
217 1328 413 1370 affectasti
440 1327 734 1382 tyrannidem3
776 1331 928 1372 rationi
958 1331 1194 1384 subjectae:
1240 1332 1437 1374 affectasti
1472 1336 1764 1391 tyrannidem,
1811 1354 1933 1380 arma
1965 1341 2079 1381 enim

116 1410 233 1452 domi
272 1409 417 1450 habes.
483 1409 645 1450 Omnes
685 1420 830 1451 autem
874 1420 1106 1452 sumuntur
1147 1422 1219 1454 aut
1259 1414 1504 1469 simpliciter
1546 1426 1617 1456 aut
1658 1433 1735 1472 per
1773 1419 2076 1461 inductionem.

115 1493 388 1548 Simpliciter,
419 1501 465 1532 ut
495 1492 529 1532 si
560 1491 720 1533 dicam:
751 1492 913 1534 docebo
938 1491 1221 1549 proditorem3
1253 1507 1329 1548 per
1358 1493 1668 1546 inductionem,
1704 1506 1750 1537 ut
1779 1498 1811 1537 si
1845 1498 2076 1552 superioris

115 1573 392 1614 meminimus
430 1583 470 1614 et
498 1582 749 1627 sequentem
779 1574 1112 1624 introducimus,
1151 1582 1200 1613 ut
1229 1573 1262 1613 si
1299 1573 1430 1614 dicas:
1467 1575 1671 1628 quoniam
1715 1577 1842 1618 docui
1873 1579 2077 1633 injustam

113 1656 271 1710 legem,
320 1654 482 1696 docebo
512 1653 719 1694 inutilem.

188 1822 438 1870 παρέκβαόιν]
467 1823 523 1856 Sic
548 1823 663 1855 Grotio
688 1823 842 1855 suadente
863 1823 961 1867 inque
981 1822 1067 1855 codi-

113 1884 203 1916 cibus
222 1885 285 1926 legi
303 1891 439 1916 testante
465 1885 594 1928 reposui
615 1896 674 1928 pro
698 1883 948 1930 παρὲνθεῦιν,
980 1885 1067 1927 quod

113 1945 145 1977 iu
172 1944 267 1976 editis
297 1950 378 1985 erat,
411 1945 581 1977 accedente
610 1950 642 1977 et
665 1945 774 1977 codiee
797 1945 1065 1986 Reichenanensi,

112 2009 167 2039 ubi
191 2020 209 2040 a
230 2008 330 2052 prima
359 2020 454 2039 manu
482 2014 531 2039 est
555 2009 745 2051 parebasz‘n,
771 2008 915 2050 quannis
936 2008 969 2039 in
994 2008 1064 2049 ejus

111 2070 216 2102 locum
239 2071 367 2114 ineptus
390 2075 552 2102 corrector
575 2070 723 2112 partilem
746 2069 955 2101 substituerit.
978 2070 1063 2104 Ean-

111 2132 183 2164 dem
213 2130 392 2173 διέξοδον
424 2131 563 2175 appellat
596 2131 714 2163 Curius
740 2131 989 2163 Fortunatianus
1019 2132 1062 2176 (p.

111 2198 158 2229 65
179 2195 299 2239 pith),
336 2195 450 2226 Latine
475 2207 662 2234 excessum,
689 2194 928 2237 Quinctilianus
956 2202 1062 2228 autem

112 2259 167 2299 (lt,
194 2259 234 2297 5,
262 2258 325 2298 125
356 2270 387 2301 p.
408 2256 500 2299 144)
526 2263 558 2288 et
577 2257 686 2288 Julius
709 2256 824 2289 Victor
848 2257 918 2301 (art.
943 2259 1061 2290 rhetor.

113 2321 173 2363 17)
198 2322 409 2364 cyr-essionem
430 2320 495 2352 sive
522 2332 702 2365 eqressanq
729 2332 810 2364 quos
836 2320 918 2353 vide.

183 2381 367 2427 propositio]
393 2383 488 2416 Hane
507 2385 664 2426 signifieat
685 2385 799 2417 Cicero
822 2386 913 2429 (orat.
929 2386 964 2426 2,
986 2385 1059 2429 81),

110 2445 166 2478 ubi
186 2445 243 2477 ait:
268 2444 430 2488 »sequitur
454 2451 487 2475 ut
512 2457 606 2477 causa
630 2451 782 2490 ponatur,
809 2447 842 2479 in
863 2459 926 2491 quo
950 2449 1059 2481 viden-

110 2507 186 2539 dum
209 2511 259 2538 est
280 2506 357 2550 quid
377 2505 409 2536 in
434 2507 681 2539 controversiam
704 2508 846 2550 veniatu3
871 2513 1057 2553 propositio-

109 2570 162 2602 nis
178 2573 284 2601 tamen
304 2567 459 2602 vocabulo
476 2567 510 2601 in
526 2567 636 2611 figuris
658 2574 780 2605 tantum
803 2571 903 2605 utitur
920 2572 967 2616 (5,
985 2573 1056 2617 55),

780 1654 1064 1709 Proponimus
1096 1662 1239 1695 autem
1281 1668 1357 1708 per
1389 1655 1702 1697 concessionem
1734 1667 1806 1698 aut
1837 1673 1914 1713 per
1948 1674 2074 1714 prae-

1118 1828 1155 1854 ut
1185 1827 1218 1854 et
1248 1820 1487 1865 Quinctilianus
1518 1822 1571 1866 (9,
1601 1824 1640 1864 2,
1670 1824 1771 1868 105),
1815 1826 1874 1858 sed
1902 1828 1954 1860 hic
1991 1829 2076 1861 inter

1117 1889 1225 1928 partes
1257 1885 1351 1916 ctiam
1387 1884 1540 1916 orationis
1574 1897 1642 1917 eam
1671 1892 1786 1918 tractat
1813 1889 1872 1932 (4,
1896 1890 1954 1933 4),
1990 1892 2074 1924 unde

1116 1947 1215 1978 multa
1236 1947 1348 1990 profici
1370 1948 1409 1978 ad
1434 1948 1536 1978 nostri
1559 1949 1804 1992 explicationem
1828 1959 1977 1996 possunt.
2008 1955 2073 1987 Nc·

1117 2022 1179 2053 que
1209 2010 1306 2052 longe
1339 2010 1474 2042 discedit
1505 2011 1622 2043 Curius
1651 2013 1902 2048 Fortunatianus
1928 2018 1973 2060 (p.
1993 2018 2072 2062 614),

1115 2072 1178 2103 nisi
1202 2074 1287 2116 quod
1311 2074 1439 2105 brevius
1464 2086 1533 2105 eam
1554 2076 1593 2107 ad
1616 2076 1710 2108 finem
1731 2076 1912 2122 partitioflis
1934 2081 2071 2124 attingit,

1115 2139 1146 2165 et
1163 2134 1195 2165 id
1219 2135 1346 2178 quidem
1370 2136 1469 2166 multo
1488 2137 1606 2168 rectius
1629 2150 1724 2182 quam
1746 2146 1871 2179 noster,
1901 2142 1955 2185 qui
1972 2155 2071 2186 quum

1114 2209 1211 2241 supra
1224 2198 1365 2241 quinque
1380 2204 1501 2231 tantum
1514 2201 1667 2232 orationis
1677 2209 1786 2246 partes
1798 2204 2070 2249 fecisset(§.544)

1112 2273 1197 2293 nune
1219 2267 1365 2305 separata
1392 2274 1410 2294 a
1434 2263 1605 2306 partitione
1626 2266 1847 2310 propositione
1871 2268 1911 2299 ad
1933 2280 1989 2300 sex
2013 2269 2067 2300 de-

1110 2325 1221 2368 lapsus
1245 2325 1308 2356 est!

1183 2389 1319 2431 simplex
1342 2387 1402 2434 est]
1429 2388 1503 2423 MS.
1529 2391 1683 2435 »simplex
1710 2397 1774 2424 est:
1790 2391 1955 2424 luxurialis
1981 2393 2064 2437 (lege

1118 2450 1361 2495 »luxuriaris«);
1413 2455 1589 2497 composita
1621 2461 1689 2487 est:
1715 2456 1911 2488 meretricem
1942 2468 2056 2489 amasa

1110 2512 1178 2545 Sed
1213 2513 1333 2545 dubito.
1350 2513 1521 2547 Gnor.—-
1551 2516 1606 2549 Nil
1634 2517 1768 2556 mutavi3
1806 2517 2062 2559 conjunctionem

1108 2574 1192 2608 enim
1219 2575 1447 2609 sententiarum
1470 2576 1562 2621 dicit,
1589 2590 1655 2612 non
1679 2578 1857 2612 verborum.

2112 702 2198 723 μυ·

2109 717 2200 744 000

2107 857 2200 898 554

2108 1261 2153 1303 0}

2139 1264 2198 1304 ἐξ
