<?xml version="1.0" encoding="UTF-8"?>
<!DOCTYPE html PUBLIC "-//W3C//DTD XHTML 1.0 Transitional//EN"
    "http://www.w3.org/TR/xhtml1/DTD/xhtml1-transitional.dtd">
<html xmlns="http://www.w3.org/1999/xhtml" xml:lang="en" lang="en">
 <head>
  <title>
</title>
<meta http-equiv="Content-Type" content="text/html;charset=utf-8" />
  <meta name='ocr-system' content='tesseract 3.04.00' />
  <meta name='ocr-capabilities' content='ocr_page ocr_carea ocr_par ocr_line ocrx_word'/>
</head>
<body>
  <div class='ocr_page' id='page_1' title='image "./denuptiisphilolo00martuoft/denuptiisphilolo00martuoft_0182.png"; bbox 0 0 2310 2860; ppageno 0'>
   <div class='ocr_carea' id='block_1_1' title="bbox 183 159 266 202">
    <p class='ocr_par' dir='ltr' id='par_1_1' title="bbox 183 159 266 202">
     <span class='ocr_line' id='line_1_1' title="bbox 183 159 266 202; baseline 0 -1"><span class='ocrx_word' id='word_1_1' title='bbox 183 159 266 202; x_wconf 74' lang='lat'><strong>152</strong></span> 
     </span>
    </p>
   </div>
   <div class='ocr_carea' id='block_1_2' title="bbox 748 151 1582 210">
    <p class='ocr_par' dir='ltr' id='par_1_2' title="bbox 748 151 1582 210">
     <span class='ocr_line' id='line_1_2' title="bbox 748 151 1582 210; baseline -0.004 -13"><span class='ocrx_word' id='word_1_2' title='bbox 748 155 949 198; x_wconf 82' lang='lat' dir='ltr'><strong>Martiani</strong></span> <span class='ocrx_word' id='word_1_3' title='bbox 987 152 1188 210; x_wconf 80' lang='lat' dir='ltr'>Capellae</span> <span class='ocrx_word' id='word_1_4' title='bbox 1227 151 1300 193; x_wconf 92' lang='lat' dir='ltr'><strong>lib.</strong></span> <span class='ocrx_word' id='word_1_5' title='bbox 1324 152 1377 194; x_wconf 95' lang='lat' dir='ltr'><strong>II.</strong></span> <span class='ocrx_word' id='word_1_6' title='bbox 1417 153 1450 204; x_wconf 83' lang='lat'><strong>§.</strong></span> <span class='ocrx_word' id='word_1_7' title='bbox 1487 151 1582 194; x_wconf 77' lang='lat'><strong>112.</strong></span> 
     </span>
    </p>
   </div>
   <div class='ocr_carea' id='block_1_3' title="bbox 180 258 2141 320">
    <p class='ocr_par' dir='ltr' id='par_1_3' title="bbox 180 258 2141 320">
     <span class='ocr_line' id='line_1_3' title="bbox 180 258 2141 320; baseline -0.004 -11"><span class='ocrx_word' id='word_1_8' title='bbox 180 266 393 317; x_wconf 80' lang='lat' dir='ltr'>ancillam,</span> <span class='ocrx_word' id='word_1_9' title='bbox 414 264 482 306; x_wconf 83' lang='lat' dir='ltr'><strong>cui</strong></span> <span class='ocrx_word' id='word_1_10' title='bbox 500 263 720 320; x_wconf 80' lang='lat' dir='ltr'><strong>Agrypnia</strong></span> <span class='ocrx_word' id='word_1_11' title='bbox 736 263 1001 306; x_wconf 88' lang='lat' dir='ltr'><strong>vocabulum</strong></span> <span class='ocrx_word' id='word_1_12' title='bbox 1019 269 1092 312; x_wconf 84' lang='lat' dir='ltr'><strong>est,</strong></span> <span class='ocrx_word' id='word_1_13' title='bbox 1122 269 1250 315; x_wconf 84' lang='lat' dir='ltr'><strong>atquo</strong></span> <span class='ocrx_word' id='word_1_14' title='bbox 1270 259 1381 300; x_wconf 84' lang='lat' dir='ltr'><strong>intra</strong></span> <span class='ocrx_word' id='word_1_15' title='bbox 1400 258 1650 301; x_wconf 87' lang='lat' dir='ltr'><strong>cubiculum</strong></span> <span class='ocrx_word' id='word_1_16' title='bbox 1668 259 1900 316; x_wconf 83' lang='lat' dir='ltr'><strong>praebebat</strong></span> <span class='ocrx_word' id='word_1_17' title='bbox 1922 259 2141 310; x_wconf 85' lang='lat' dir='ltr'><strong>excubias,</strong></span> 
     </span>
    </p>
   </div>
   <div class='ocr_carea' id='block_1_4' title="bbox 179 339 2140 402">
    <p class='ocr_par' dir='ltr' id='par_1_4' title="bbox 179 339 2140 402">
     <span class='ocr_line' id='line_1_4' title="bbox 179 339 2140 402; baseline -0.003 -13"><span class='ocrx_word' id='word_1_18' title='bbox 179 348 326 390; x_wconf 85' lang='lat' dir='ltr'><strong>adorta</strong></span> <span class='ocrx_word' id='word_1_19' title='bbox 356 355 415 387; x_wconf 86' lang='lat' dir='ltr'><strong>est</strong></span> <span class='ocrx_word' id='word_1_20' title='bbox 439 346 674 401; x_wconf 76' lang='lat' dir='ltr'><strong>incre-pare,</strong></span> <span class='ocrx_word' id='word_1_21' title='bbox 707 345 824 401; x_wconf 85' lang='lat' dir='ltr'><strong>quod</strong></span> <span class='ocrx_word' id='word_1_22' title='bbox 847 344 1071 402; x_wconf 84' lang='lat' dir='ltr'><strong>paululum</strong></span> <span class='ocrx_word' id='word_1_23' title='bbox 1105 342 1334 384; x_wconf 82' lang='lat' dir='ltr'><strong>connivere</strong></span> <span class='ocrx_word' id='word_1_24' title='bbox 1365 339 1565 382; x_wconf 82' lang='lat' dir='ltr'><strong>servandi</strong></span> <span class='ocrx_word' id='word_1_25' title='bbox 1587 340 1749 384; x_wconf 90' lang='lat' dir='ltr'><strong>decoris</strong></span> <span class='ocrx_word' id='word_1_26' title='bbox 1772 343 1906 398; x_wconf 82' lang='lat' dir='ltr'><strong>gratia</strong></span> <span class='ocrx_word' id='word_1_27' title='bbox 1931 343 2140 398; x_wconf 83' lang='lat' dir='ltr'><strong>virginem</strong></span> 
     </span>
    </p>
   </div>
   <div class='ocr_carea' id='block_1_5' title="bbox 180 420 2138 483">
    <p class='ocr_par' dir='ltr' id='par_1_5' title="bbox 180 420 2138 483">
     <span class='ocr_line' id='line_1_5' title="bbox 180 420 2138 483; baseline -0.003 -14"><span class='ocrx_word' id='word_1_28' title='bbox 180 444 265 470; x_wconf 89' lang='lat' dir='ltr'><strong>non</strong></span> <span class='ocrx_word' id='word_1_29' title='bbox 298 427 481 478; x_wconf 82' lang='lat' dir='ltr'>sivisset,</span> <span class='ocrx_word' id='word_1_30' title='bbox 513 441 653 482; x_wconf 90' lang='lat' dir='ltr'><strong>quum</strong></span> <span class='ocrx_word' id='word_1_31' title='bbox 683 427 773 483; x_wconf 83' lang='lat' dir='ltr'><strong>ipsa</strong></span> <span class='ocrx_word' id='word_1_32' title='bbox 803 425 908 467; x_wconf 86' lang='lat' dir='ltr'><strong>haec</strong></span> <span class='ocrx_word' id='word_1_33' title='bbox 940 422 1112 476; x_wconf 70' lang='lat' dir='ltr'><strong>cuncta,</strong></span> <span class='ocrx_word' id='word_1_34' title='bbox 1143 423 1177 464; x_wconf 91' lang='lat' dir='ltr'><strong>si</strong></span> <span class='ocrx_word' id='word_1_35' title='bbox 1207 420 1441 476; x_wconf 81' lang='lat' dir='ltr'><strong>Philologia</strong></span> <span class='ocrx_word' id='word_1_36' title='bbox 1471 420 1728 477; x_wconf 84' lang='lat' dir='ltr'><strong>injungeret,</strong></span> <span class='ocrx_word' id='word_1_37' title='bbox 1758 423 1919 465; x_wconf 85' lang='lat' dir='ltr'><strong>valeret</strong></span> <span class='ocrx_word' id='word_1_38' title='bbox 1946 422 2138 479; x_wconf 88' lang='lat' dir='ltr'><strong>implere.</strong></span> 
     </span>
    </p>
   </div>
   <div class='ocr_carea' id='block_1_6' title="bbox 176 502 2140 562">
    <p class='ocr_par' dir='ltr' id='par_1_6' title="bbox 176 502 2140 562">
     <span class='ocr_line' id='line_1_6' title="bbox 176 502 2140 562; baseline -0.004 -10"><span class='ocrx_word' id='word_1_39' title='bbox 176 510 292 552; x_wconf 85' lang='lat' dir='ltr'><strong>Nam</strong></span> <span class='ocrx_word' id='word_1_40' title='bbox 325 508 413 562; x_wconf 83' lang='lat' dir='ltr'><strong>jam</strong></span> <span class='ocrx_word' id='word_1_41' title='bbox 445 508 581 550; x_wconf 80' lang='lat' dir='ltr'><strong>multa</strong></span> <span class='ocrx_word' id='word_1_42' title='bbox 616 509 760 550; x_wconf 85' lang='lat' dir='ltr'><strong>asserit</strong></span> <span class='ocrx_word' id='word_1_43' title='bbox 791 508 1009 557; x_wconf 84' lang='lat' dir='ltr'><strong>circuisse,</strong></span> <span class='ocrx_word' id='word_1_44' title='bbox 1053 504 1356 560; x_wconf 85' lang='lat' dir='ltr'><strong>mancipiaque</strong></span> <span class='ocrx_word' id='word_1_45' title='bbox 1386 502 1568 554; x_wconf 82' lang='lat' dir='ltr'><strong>dotalia,</strong></span> <span class='ocrx_word' id='word_1_46' title='bbox 1616 503 1725 558; x_wconf 81' lang='lat' dir='ltr'><strong>quid</strong></span> <span class='ocrx_word' id='word_1_47' title='bbox 1762 504 1995 556; x_wconf 80' lang='lat' dir='ltr'>sollertiae,</span> <span class='ocrx_word' id='word_1_48' title='bbox 2034 503 2140 559; x_wconf 88' lang='lat' dir='ltr'><strong>quid</strong></span> 
     </span>
    </p>
   </div>
   <div class='ocr_carea' id='block_1_7' title="bbox 176 651 1139 2568">
    <p class='ocr_par' dir='ltr' id='par_1_7' title="bbox 177 651 1138 1013">
     <span class='ocr_line' id='line_1_7' title="bbox 178 651 1136 698; baseline -0.003 -13"><span class='ocrx_word' id='word_1_49' title='bbox 178 652 288 686; x_wconf 86' lang='lat' dir='ltr'><strong>codice</strong></span> <span class='ocrx_word' id='word_1_50' title='bbox 320 656 352 683; x_wconf 79' lang='lat' dir='ltr'><strong>et</strong></span> <span class='ocrx_word' id='word_1_51' title='bbox 389 664 429 683; x_wconf 85' lang='lat' dir='ltr'><strong>ex</strong></span> <span class='ocrx_word' id='word_1_52' title='bbox 461 651 638 683; x_wconf 83' lang='lat' dir='ltr'><strong>rationibus</strong></span> <span class='ocrx_word' id='word_1_53' title='bbox 681 664 776 697; x_wconf 87' lang='lat' dir='ltr'><strong>snpra</strong></span> <span class='ocrx_word' id='word_1_54' title='bbox 804 653 862 697; x_wconf 85' lang='lat' dir='ltr'><strong>(ad</strong></span> <span class='ocrx_word' id='word_1_55' title='bbox 891 651 919 698; x_wconf 65' lang='grc' dir='ltr'><strong>ξ.</strong></span> <span class='ocrx_word' id='word_1_56' title='bbox 946 652 987 696; x_wconf 87' lang='grc'>7)</span> <span class='ocrx_word' id='word_1_57' title='bbox 1022 651 1136 683; x_wconf 83' lang='lat' dir='ltr'><strong>allatis.</strong></span> 
     </span>
     <span class='ocr_line' id='line_1_8' title="bbox 182 716 1136 761; baseline 0 -13"><span class='ocrx_word' id='word_1_58' title='bbox 182 718 291 761; x_wconf 79' lang='lat' dir='ltr'><strong>Quam</strong></span> <span class='ocrx_word' id='word_1_59' title='bbox 307 716 448 748; x_wconf 82' lang='lat' dir='ltr'><strong>incertus</strong></span> <span class='ocrx_word' id='word_1_60' title='bbox 473 716 570 748; x_wconf 79' lang='lat' dir='ltr'><strong>fuerit</strong></span> <span class='ocrx_word' id='word_1_61' title='bbox 591 716 702 748; x_wconf 86' lang='lat' dir='ltr'><strong>literae</strong></span> <span class='ocrx_word' id='word_1_62' title='bbox 728 717 764 748; x_wconf 89' lang='grc' dir='ltr'><strong>Η</strong></span> <span class='ocrx_word' id='word_1_63' title='bbox 788 729 876 756; x_wconf 75' lang='lat' dir='ltr'><strong>usus,</strong></span> <span class='ocrx_word' id='word_1_64' title='bbox 904 729 920 748; x_wconf 92' lang='lat' dir='ltr'><strong>e</strong></span> <span class='ocrx_word' id='word_1_65' title='bbox 945 716 1136 759; x_wconf 70' lang='lat' dir='ltr'><strong>Guelferby-</strong></span> 
     </span>
     <span class='ocr_line' id='line_1_9' title="bbox 182 778 1138 823; baseline -0.002 -12"><span class='ocrx_word' id='word_1_66' title='bbox 182 786 258 811; x_wconf 82' lang='lat' dir='ltr'><strong>tano</strong></span> <span class='ocrx_word' id='word_1_67' title='bbox 281 778 390 811; x_wconf 88' lang='lat' dir='ltr'><strong>codice</strong></span> <span class='ocrx_word' id='word_1_68' title='bbox 412 784 514 822; x_wconf 82' lang='lat' dir='ltr'><strong>patet,</strong></span> <span class='ocrx_word' id='word_1_69' title='bbox 538 778 571 810; x_wconf 89' lang='lat' dir='ltr'><strong>in</strong></span> <span class='ocrx_word' id='word_1_70' title='bbox 594 791 669 823; x_wconf 78' lang='lat' dir='ltr'><strong>quo,</strong></span> <span class='ocrx_word' id='word_1_71' title='bbox 695 786 844 813; x_wconf 82' lang='lat' dir='ltr'><strong>monente</strong></span> <span class='ocrx_word' id='word_1_72' title='bbox 865 780 993 821; x_wconf 86' lang='lat' dir='ltr'><strong>Cortio,</strong></span> <span class='ocrx_word' id='word_1_73' title='bbox 1020 779 1138 821; x_wconf 86' lang='lat' dir='ltr'><strong>legitur</strong></span> 
     </span>
     <span class='ocr_line' id='line_1_10' title="bbox 178 842 1137 888; baseline -0.002 -12"><span class='ocrx_word' id='word_1_74' title='bbox 178 845 304 887; x_wconf 74' lang='lat' dir='ltr'><strong>ospicio.</strong></span> <span class='ocrx_word' id='word_1_75' title='bbox 351 842 419 874; x_wconf 76' lang='lat' dir='ltr'><strong>Sed</strong></span> <span class='ocrx_word' id='word_1_76' title='bbox 453 843 662 888; x_wconf 78' lang='lat' dir='ltr'><strong>praeferenda</strong></span> <span class='ocrx_word' id='word_1_77' title='bbox 692 843 820 875; x_wconf 89' lang='lat' dir='ltr'><strong>omnino</strong></span> <span class='ocrx_word' id='word_1_78' title='bbox 852 844 997 887; x_wconf 78' lang='lat' dir='ltr'><strong>superior</strong></span> <span class='ocrx_word' id='word_1_79' title='bbox 1026 842 1137 882; x_wconf 86' lang='lat' dir='ltr'><strong>lectio,</strong></span> 
     </span>
     <span class='ocr_line' id='line_1_11' title="bbox 179 905 1137 949; baseline -0.001 -12"><span class='ocrx_word' id='word_1_80' title='bbox 179 918 278 949; x_wconf 84' lang='lat' dir='ltr'><strong>quum</strong></span> <span class='ocrx_word' id='word_1_81' title='bbox 302 906 445 936; x_wconf 77' lang='grc' dir='ltr'><strong>νίηιαίἱιη</strong></span> <span class='ocrx_word' id='word_1_82' title='bbox 468 905 540 948; x_wconf 73' lang='lat' dir='ltr'><strong>(per</strong></span> <span class='ocrx_word' id='word_1_83' title='bbox 564 905 687 949; x_wconf 80' lang='lat' dir='ltr'><strong>rimam)</strong></span> <span class='ocrx_word' id='word_1_84' title='bbox 711 906 899 949; x_wconf 75' lang='lat' dir='ltr'><strong>praecedat,</strong></span> <span class='ocrx_word' id='word_1_85' title='bbox 930 910 962 937; x_wconf 82' lang='lat' dir='ltr'><strong>et</strong></span> <span class='ocrx_word' id='word_1_86' title='bbox 983 905 1137 937; x_wconf 83' lang='lat' dir='ltr'><strong>Teutoni-</strong></span> 
     </span>
     <span class='ocr_line' id='line_1_12' title="bbox 177 969 1131 1013; baseline -0.002 -11"><span class='ocrx_word' id='word_1_87' title='bbox 177 982 234 1003; x_wconf 88' lang='lat' dir='ltr'><strong>cus</strong></span> <span class='ocrx_word' id='word_1_88' title='bbox 259 969 417 1013; x_wconf 83' lang='lat' dir='ltr'>interpres</span> <span class='ocrx_word' id='word_1_89' title='bbox 440 969 574 1000; x_wconf 83' lang='lat' dir='ltr'><strong>habeat:</strong></span> <span class='ocrx_word' id='word_1_90' title='bbox 606 969 724 1001; x_wconf 72' lang='lat' dir='ltr'><strong>»durch</strong></span> <span class='ocrx_word' id='word_1_91' title='bbox 745 972 788 1001; x_wconf 82' lang='lat' dir='ltr'><strong>tia</strong></span> <span class='ocrx_word' id='word_1_92' title='bbox 812 972 891 1001; x_wconf 77' lang='lat' dir='ltr'><strong>nuot</strong></span> <span class='ocrx_word' id='word_1_93' title='bbox 916 975 985 1001; x_wconf 90' lang='lat' dir='ltr'><strong>tero</strong></span> <span class='ocrx_word' id='word_1_94' title='bbox 1006 972 1131 1001; x_wconf 56' lang='lat' dir='ltr'><strong>turona</strong></span> 
     </span>
    </p>

    <p class='ocr_par' dir='ltr' id='par_1_8' title="bbox 176 1028 1138 1877">
     <span class='ocr_line' id='line_1_13' title="bbox 251 1028 1137 1075; baseline -0.002 -12"><span class='ocrx_word' id='word_1_95' title='bbox 251 1028 440 1075; x_wconf 71' lang='lat' dir='ltr'><strong>Ayrypnia]</strong></span> <span class='ocrx_word' id='word_1_96' title='bbox 476 1030 639 1062; x_wconf 77' lang='lat' dir='ltr'><strong>Dilectum</strong></span> <span class='ocrx_word' id='word_1_97' title='bbox 674 1043 691 1062; x_wconf 87' lang='lat' dir='ltr'><strong>a</strong></span> <span class='ocrx_word' id='word_1_98' title='bbox 727 1031 909 1073; x_wconf 66' lang='lat' dir='ltr'><strong>philologia</strong></span> <span class='ocrx_word' id='word_1_99' title='bbox 946 1031 1137 1075; x_wconf 80' lang='lat' dir='ltr'><strong>mancipium</strong></span> 
     </span>
     <span class='ocr_line' id='line_1_14' title="bbox 177 1092 1137 1138; baseline -0.001 -13"><span class='ocrx_word' id='word_1_100' title='bbox 177 1092 324 1138; x_wconf 74' lang='lat'>(§.145)</span> <span class='ocrx_word' id='word_1_101' title='bbox 345 1105 363 1124; x_wconf 92' lang='lat' dir='ltr'><strong>a</strong></span> <span class='ocrx_word' id='word_1_102' title='bbox 390 1092 506 1134; x_wconf 74' lang='lat' dir='ltr'><strong>vigiliis</strong></span> <span class='ocrx_word' id='word_1_103' title='bbox 529 1093 732 1136; x_wconf 84' lang='lat' dir='ltr'><strong>appellatum.</strong></span> <span class='ocrx_word' id='word_1_104' title='bbox 771 1093 856 1126; x_wconf 84' lang='lat' dir='ltr'><strong>Male</strong></span> <span class='ocrx_word' id='word_1_105' title='bbox 883 1093 1054 1135; x_wconf 79' lang='lat' dir='ltr'><strong>Ilugianus</strong></span> <span class='ocrx_word' id='word_1_106' title='bbox 1085 1105 1137 1124; x_wconf 85' lang='lat' dir='ltr'><strong>co-</strong></span> 
     </span>
     <span class='ocr_line' id='line_1_15' title="bbox 178 1156 1138 1201; baseline -0.002 -13"><span class='ocrx_word' id='word_1_107' title='bbox 178 1158 240 1188; x_wconf 75' lang='lat' dir='ltr'><strong>dex</strong></span> <span class='ocrx_word' id='word_1_108' title='bbox 271 1162 304 1188; x_wconf 86' lang='lat' dir='ltr'><strong>et</strong></span> <span class='ocrx_word' id='word_1_109' title='bbox 332 1157 531 1188; x_wconf 85' lang='lat' dir='ltr'><strong>Basileensis</strong></span> <span class='ocrx_word' id='word_1_110' title='bbox 559 1157 751 1199; x_wconf 72' lang='lat' dir='ltr'><strong>Aqrimnia,</strong></span> <span class='ocrx_word' id='word_1_111' title='bbox 800 1157 888 1200; x_wconf 87' lang='lat' dir='ltr'><strong>quod</strong></span> <span class='ocrx_word' id='word_1_112' title='bbox 924 1157 1018 1188; x_wconf 84' lang='lat' dir='ltr'><strong>etiam</strong></span> <span class='ocrx_word' id='word_1_113' title='bbox 1054 1156 1138 1201; x_wconf 87' lang='lat' dir='ltr'><strong>apud</strong></span> 
     </span>
     <span class='ocr_line' id='line_1_16' title="bbox 177 1220 1137 1264; baseline 0.001 -13"><span class='ocrx_word' id='word_1_114' title='bbox 177 1220 393 1252; x_wconf 79' lang='lat' dir='ltr'><strong>Teutonicum</strong></span> <span class='ocrx_word' id='word_1_115' title='bbox 428 1221 635 1264; x_wconf 76' lang='lat' dir='ltr'><strong>interpretem</strong></span> <span class='ocrx_word' id='word_1_116' title='bbox 669 1221 804 1261; x_wconf 80' lang='lat' dir='ltr'><strong>legitur,</strong></span> <span class='ocrx_word' id='word_1_117' title='bbox 842 1220 898 1251; x_wconf 84' lang='lat' dir='ltr'><strong>sed</strong></span> <span class='ocrx_word' id='word_1_118' title='bbox 935 1220 1018 1264; x_wconf 85' lang='lat' dir='ltr'><strong>apud</strong></span> <span class='ocrx_word' id='word_1_119' title='bbox 1053 1222 1137 1252; x_wconf 87' lang='lat' dir='ltr'><strong>huuc</strong></span> 
     </span>
     <span class='ocr_line' id='line_1_17' title="bbox 177 1282 1138 1326; baseline -0.002 -12"><span class='ocrx_word' id='word_1_120' title='bbox 177 1282 322 1326; x_wconf 73' lang='lat' dir='ltr'><strong>profecto</strong></span> <span class='ocrx_word' id='word_1_121' title='bbox 354 1282 474 1313; x_wconf 81' lang='lat' dir='ltr'><strong>librarii</strong></span> <span class='ocrx_word' id='word_1_122' title='bbox 503 1294 628 1314; x_wconf 82' lang='lat' dir='ltr'><strong>errore:</strong></span> <span class='ocrx_word' id='word_1_123' title='bbox 660 1288 745 1313; x_wconf 87' lang='lat' dir='ltr'><strong>recte</strong></span> <span class='ocrx_word' id='word_1_124' title='bbox 778 1282 861 1313; x_wconf 88' lang='lat' dir='ltr'><strong>cuim</strong></span> <span class='ocrx_word' id='word_1_125' title='bbox 893 1282 1031 1326; x_wconf 84' lang='lat' dir='ltr'><strong>explieat</strong></span> <span class='ocrx_word' id='word_1_126' title='bbox 1059 1282 1138 1313; x_wconf 72' lang='lat' dir='ltr'><strong>»daz</strong></span> 
     </span>
     <span class='ocr_line' id='line_1_18' title="bbox 178 1343 1137 1388; baseline 0 -12"><span class='ocrx_word' id='word_1_127' title='bbox 178 1345 243 1377; x_wconf 74' lang='lat' dir='ltr'><strong>cmc</strong></span> <span class='ocrx_word' id='word_1_128' title='bbox 257 1344 396 1386; x_wconf 54' lang='lat' dir='ltr'><strong>uigilia«</strong></span> <span class='ocrx_word' id='word_1_129' title='bbox 417 1344 563 1375; x_wconf 81' lang='lat' dir='ltr'><strong>Joannes</strong></span> <span class='ocrx_word' id='word_1_130' title='bbox 579 1343 834 1375; x_wconf 78' lang='lat' dir='ltr'><strong>Sarcsbericnsis</strong></span> <span class='ocrx_word' id='word_1_131' title='bbox 849 1343 1011 1388; x_wconf 77' lang='lat' dir='ltr'><strong>(metalog.</strong></span> <span class='ocrx_word' id='word_1_132' title='bbox 1026 1344 1060 1384; x_wconf 79' lang='lat'><strong>4,</strong></span> <span class='ocrx_word' id='word_1_133' title='bbox 1080 1345 1137 1376; x_wconf 82' lang='lat'><strong>17.</strong></span> 
     </span>
     <span class='ocr_line' id='line_1_19' title="bbox 177 1405 1136 1450; baseline -0.003 -12"><span class='ocrx_word' id='word_1_134' title='bbox 177 1418 208 1450; x_wconf 86' lang='lat' dir='ltr'><strong>p.</strong></span> <span class='ocrx_word' id='word_1_135' title='bbox 237 1405 332 1450; x_wconf 77' lang='lat'>898&gt;</span> <span class='ocrx_word' id='word_1_136' title='bbox 363 1407 448 1437; x_wconf 84' lang='lat' dir='ltr'><strong>hune</strong></span> <span class='ocrx_word' id='word_1_137' title='bbox 482 1405 590 1436; x_wconf 86' lang='lat' dir='ltr'><strong>locum</strong></span> <span class='ocrx_word' id='word_1_138' title='bbox 627 1405 859 1449; x_wconf 76' lang='lat' dir='ltr'><strong>explicaturus:</strong></span> <span class='ocrx_word' id='word_1_139' title='bbox 894 1410 961 1436; x_wconf 74' lang='lat' dir='ltr'><strong>nest</strong></span> <span class='ocrx_word' id='word_1_140' title='bbox 995 1410 1136 1445; x_wconf 72' lang='lat' dir='ltr'><strong>autema,</strong></span> 
     </span>
     <span class='ocr_line' id='line_1_20' title="bbox 176 1468 1137 1514; baseline -0.001 -14"><span class='ocrx_word' id='word_1_141' title='bbox 176 1469 299 1514; x_wconf 86' lang='lat' dir='ltr'><strong>inquit,</strong></span> <span class='ocrx_word' id='word_1_142' title='bbox 348 1468 548 1509; x_wconf 52' lang='lat' dir='ltr'><strong>»Penei-gia,</strong></span> <span class='ocrx_word' id='word_1_143' title='bbox 584 1480 665 1512; x_wconf 84' lang='lat' dir='ltr'><strong>quae</strong></span> <span class='ocrx_word' id='word_1_144' title='bbox 697 1468 841 1500; x_wconf 85' lang='lat' dir='ltr'><strong>laborem</strong></span> <span class='ocrx_word' id='word_1_145' title='bbox 876 1469 990 1500; x_wconf 79' lang='lat' dir='ltr'><strong>circuit</strong></span> <span class='ocrx_word' id='word_1_146' title='bbox 1020 1468 1137 1512; x_wconf 89' lang='lat' dir='ltr'><strong>operis,</strong></span> 
     </span>
     <span class='ocr_line' id='line_1_21' title="bbox 177 1529 1138 1579; baseline 0.003 -18"><span class='ocrx_word' id='word_1_147' title='bbox 177 1529 376 1579; x_wconf 63' lang='grc' dir='ltr'><strong>ἀγρυπνία</strong></span> <span class='ocrx_word' id='word_1_148' title='bbox 391 1533 530 1576; x_wconf 64' lang='lat' dir='ltr'><strong>viglilans</strong></span> <span class='ocrx_word' id='word_1_149' title='bbox 551 1531 727 1574; x_wconf 80' lang='lat' dir='ltr'><strong>diligentia,</strong></span> <span class='ocrx_word' id='word_1_150' title='bbox 752 1544 833 1577; x_wconf 86' lang='lat' dir='ltr'><strong>quae</strong></span> <span class='ocrx_word' id='word_1_151' title='bbox 855 1531 1040 1564; x_wconf 80' lang='lat' dir='ltr'><strong>exercitium</strong></span> <span class='ocrx_word' id='word_1_152' title='bbox 1061 1537 1138 1564; x_wconf 80' lang='lat' dir='ltr'><strong>tem-</strong></span> 
     </span>
     <span class='ocr_line' id='line_1_22' title="bbox 178 1594 1138 1639; baseline -0.002 -13"><span class='ocrx_word' id='word_1_153' title='bbox 178 1599 269 1639; x_wconf 80' lang='lat' dir='ltr'><strong>perat</strong></span> <span class='ocrx_word' id='word_1_154' title='bbox 295 1607 336 1626; x_wconf 91' lang='lat' dir='ltr'><strong>ne</strong></span> <span class='ocrx_word' id='word_1_155' title='bbox 362 1595 440 1638; x_wconf 85' lang='lat' dir='ltr'><strong>quid</strong></span> <span class='ocrx_word' id='word_1_156' title='bbox 467 1594 588 1626; x_wconf 78' lang='lat' dir='ltr'><strong>uimis.«</strong></span> <span class='ocrx_word' id='word_1_157' title='bbox 630 1594 776 1637; x_wconf 77' lang='lat' dir='ltr'><strong>Quarum</strong></span> <span class='ocrx_word' id='word_1_158' title='bbox 801 1594 1020 1625; x_wconf 82' lang='lat' dir='ltr'><strong>definitionum</strong></span> <span class='ocrx_word' id='word_1_159' title='bbox 1048 1594 1138 1637; x_wconf 84' lang='lat' dir='ltr'><strong>prior</strong></span> 
     </span>
     <span class='ocr_line' id='line_1_23' title="bbox 178 1656 1138 1700; baseline -0.002 -11"><span class='ocrx_word' id='word_1_160' title='bbox 178 1658 316 1690; x_wconf 83' lang='lat' dir='ltr'><strong>verbalis</strong></span> <span class='ocrx_word' id='word_1_161' title='bbox 351 1663 416 1697; x_wconf 87' lang='lat' dir='ltr'><strong>cst,</strong></span> <span class='ocrx_word' id='word_1_162' title='bbox 449 1668 606 1700; x_wconf 77' lang='lat' dir='ltr'><strong>aegreque</strong></span> <span class='ocrx_word' id='word_1_163' title='bbox 641 1656 838 1698; x_wconf 77' lang='lat' dir='ltr'><strong>intelligitur.</strong></span> <span class='ocrx_word' id='word_1_164' title='bbox 890 1657 1058 1700; x_wconf 71' lang='lat' dir='ltr'><strong>Perieryia</strong></span> <span class='ocrx_word' id='word_1_165' title='bbox 1088 1661 1138 1687; x_wconf 85' lang='lat' dir='ltr'><strong>est</strong></span> 
     </span>
     <span class='ocr_line' id='line_1_24' title="bbox 178 1717 1137 1763; baseline -0.003 -12"><span class='ocrx_word' id='word_1_166' title='bbox 178 1719 286 1763; x_wconf 78' lang='lat' dir='ltr'><strong>inepta</strong></span> <span class='ocrx_word' id='word_1_167' title='bbox 308 1719 478 1750; x_wconf 80' lang='lat' dir='ltr'><strong>assiduitas</strong></span> <span class='ocrx_word' id='word_1_168' title='bbox 503 1717 568 1748; x_wconf 74' lang='lat' dir='ltr'><strong>sive</strong></span> <span class='ocrx_word' id='word_1_169' title='bbox 591 1719 759 1750; x_wconf 75' lang='lat' dir='ltr'><strong>curiositas</strong></span> <span class='ocrx_word' id='word_1_170' title='bbox 784 1718 866 1749; x_wconf 87' lang='lat' dir='ltr'><strong>malo</strong></span> <span class='ocrx_word' id='word_1_171' title='bbox 891 1718 1019 1761; x_wconf 88' lang='lat' dir='ltr'><strong>quidem</strong></span> <span class='ocrx_word' id='word_1_172' title='bbox 1040 1729 1137 1749; x_wconf 85' lang='lat' dir='ltr'><strong>sensu</strong></span> 
     </span>
     <span class='ocr_line' id='line_1_25' title="bbox 180 1778 1136 1825; baseline -0.002 -13"><span class='ocrx_word' id='word_1_173' title='bbox 180 1780 222 1825; x_wconf 62' lang='grc' dir='ltr'><strong>(ξ.</strong></span> <span class='ocrx_word' id='word_1_174' title='bbox 249 1780 352 1825; x_wconf 79' lang='grc'>111),</span> <span class='ocrx_word' id='word_1_175' title='bbox 388 1780 421 1812; x_wconf 90' lang='lat' dir='ltr'><strong>id</strong></span> <span class='ocrx_word' id='word_1_176' title='bbox 453 1779 539 1824; x_wconf 85' lang='lat' dir='ltr'><strong>quod</strong></span> <span class='ocrx_word' id='word_1_177' title='bbox 571 1779 713 1811; x_wconf 76' lang='lat' dir='ltr'><strong>inferiori</strong></span> <span class='ocrx_word' id='word_1_178' title='bbox 737 1779 810 1811; x_wconf 89' lang='lat' dir='ltr'><strong>loco</strong></span> <span class='ocrx_word' id='word_1_179' title='bbox 847 1778 890 1824; x_wconf 83' lang='lat'><strong>(§.</strong></span> <span class='ocrx_word' id='word_1_180' title='bbox 916 1780 1000 1823; x_wconf 76' lang='lat'><strong>148)</strong></span> <span class='ocrx_word' id='word_1_181' title='bbox 1024 1780 1136 1812; x_wconf 84' lang='lat' dir='ltr'><strong>contir-</strong></span> 
     </span>
     <span class='ocr_line' id='line_1_26' title="bbox 180 1850 292 1877; baseline -0.018 0"><span class='ocrx_word' id='word_1_182' title='bbox 180 1850 292 1877; x_wconf 73' lang='lat' dir='ltr'><strong>matur.</strong></span> 
     </span>
    </p>

    <p class='ocr_par' dir='ltr' id='par_1_9' title="bbox 182 1905 1139 2337">
     <span class='ocr_line' id='line_1_27' title="bbox 255 1905 1138 1956; baseline -0.001 -17"><span class='ocrx_word' id='word_1_183' title='bbox 255 1905 370 1956; x_wconf 80' lang='lat' dir='ltr'><strong>atque]</strong></span> <span class='ocrx_word' id='word_1_184' title='bbox 401 1906 457 1939; x_wconf 78' lang='lat' dir='ltr'><strong>An</strong></span> <span class='ocrx_word' id='word_1_185' title='bbox 490 1919 556 1939; x_wconf 90' lang='lat' dir='ltr'><strong>nou</strong></span> <span class='ocrx_word' id='word_1_186' title='bbox 586 1918 624 1938; x_wconf 80' lang='lat' dir='ltr'><strong>ac</strong></span> <span class='ocrx_word' id='word_1_187' title='bbox 653 1907 756 1954; x_wconf 70' lang='lat' dir='ltr'><strong>quae?</strong></span> <span class='ocrx_word' id='word_1_188' title='bbox 791 1905 959 1939; x_wconf 68' lang='lat' dir='ltr'><strong>Gnor.—-</strong></span> <span class='ocrx_word' id='word_1_189' title='bbox 988 1906 1138 1947; x_wconf 79' lang='lat' dir='ltr'><strong>Minime3</strong></span> 
     </span>
     <span class='ocr_line' id='line_1_28' title="bbox 182 1970 1138 2012; baseline -0.002 -8"><span class='ocrx_word' id='word_1_190' title='bbox 182 1972 334 2005; x_wconf 70' lang='lat' dir='ltr'><strong>uoleumis</strong></span> <span class='ocrx_word' id='word_1_191' title='bbox 356 1972 407 2003; x_wconf 86' lang='lat' dir='ltr'><strong>hic</strong></span> <span class='ocrx_word' id='word_1_192' title='bbox 430 1983 508 2003; x_wconf 90' lang='lat' dir='ltr'><strong>usus</strong></span> <span class='ocrx_word' id='word_1_193' title='bbox 532 1978 563 2003; x_wconf 85' lang='lat' dir='ltr'><strong>et</strong></span> <span class='ocrx_word' id='word_1_194' title='bbox 582 1970 716 2003; x_wconf 81' lang='lat' dir='ltr'><strong>Graecis</strong></span> <span class='ocrx_word' id='word_1_195' title='bbox 740 1976 772 2002; x_wconf 90' lang='lat' dir='ltr'><strong>et</strong></span> <span class='ocrx_word' id='word_1_196' title='bbox 793 1971 967 2012; x_wconf 79' lang='lat' dir='ltr'><strong>Romanis,</strong></span> <span class='ocrx_word' id='word_1_197' title='bbox 993 1971 1138 2002; x_wconf 83' lang='lat' dir='ltr'><strong>omittere</strong></span> 
     </span>
     <span class='ocr_line' id='line_1_29' title="bbox 182 2035 1137 2081; baseline -0.003 -12"><span class='ocrx_word' id='word_1_198' title='bbox 182 2043 255 2080; x_wconf 86' lang='lat' dir='ltr'><strong>post</strong></span> <span class='ocrx_word' id='word_1_199' title='bbox 281 2036 428 2081; x_wconf 82' lang='lat' dir='ltr'><strong>copulam</strong></span> <span class='ocrx_word' id='word_1_200' title='bbox 446 2036 593 2076; x_wconf 75' lang='lat' dir='ltr'><strong>relativa,</strong></span> <span class='ocrx_word' id='word_1_201' title='bbox 615 2035 709 2067; x_wconf 84' lang='lat' dir='ltr'><strong>etiam</strong></span> <span class='ocrx_word' id='word_1_202' title='bbox 727 2035 754 2066; x_wconf 90' lang='lat' dir='ltr'><strong>si</strong></span> <span class='ocrx_word' id='word_1_203' title='bbox 775 2035 837 2067; x_wconf 85' lang='lat' dir='ltr'><strong>alio</strong></span> <span class='ocrx_word' id='word_1_204' title='bbox 858 2047 935 2067; x_wconf 90' lang='lat' dir='ltr'><strong>casu</strong></span> <span class='ocrx_word' id='word_1_205' title='bbox 956 2047 1137 2079; x_wconf 87' lang='lat' dir='ltr'><strong>praecesse-</strong></span> 
     </span>
     <span class='ocr_line' id='line_1_30' title="bbox 182 2097 1139 2142; baseline 0 -14"><span class='ocrx_word' id='word_1_206' title='bbox 182 2104 261 2130; x_wconf 85' lang='lat' dir='ltr'><strong>rant.</strong></span> <span class='ocrx_word' id='word_1_207' title='bbox 296 2098 352 2131; x_wconf 85' lang='lat' dir='ltr'><strong>Sic</strong></span> <span class='ocrx_word' id='word_1_208' title='bbox 381 2110 410 2129; x_wconf 81' lang='lat' dir='ltr'><strong>v.</strong></span> <span class='ocrx_word' id='word_1_209' title='bbox 443 2111 469 2130; x_wconf 87' lang='lat' dir='ltr'><strong>e.</strong></span> <span class='ocrx_word' id='word_1_210' title='bbox 497 2097 624 2129; x_wconf 77' lang='lat' dir='ltr'><strong>Plinius</strong></span> <span class='ocrx_word' id='word_1_211' title='bbox 660 2097 764 2141; x_wconf 88' lang='lat' dir='ltr'><strong>(epist.</strong></span> <span class='ocrx_word' id='word_1_212' title='bbox 794 2098 827 2131; x_wconf 89' lang='grc'><strong>1.</strong></span> <span class='ocrx_word' id='word_1_213' title='bbox 854 2099 885 2129; x_wconf 75' lang='lat'><strong>5.</strong></span> <span class='ocrx_word' id='word_1_214' title='bbox 909 2097 983 2142; x_wconf 81' lang='lat' dir='ltr'><strong>ll):</strong></span> <span class='ocrx_word' id='word_1_215' title='bbox 1015 2104 1064 2130; x_wconf 87' lang='lat' dir='ltr'><strong>»et</strong></span> <span class='ocrx_word' id='word_1_216' title='bbox 1088 2097 1139 2130; x_wconf 88' lang='lat' dir='ltr'><strong>cni</strong></span> 
     </span>
     <span class='ocr_line' id='line_1_31' title="bbox 183 2159 1139 2199; baseline 0 -7"><span class='ocrx_word' id='word_1_217' title='bbox 183 2166 232 2192; x_wconf 87' lang='lat' dir='ltr'><strong>est</strong></span> <span class='ocrx_word' id='word_1_218' title='bbox 258 2173 328 2191; x_wconf 83' lang='lat' dir='ltr'><strong>cum</strong></span> <span class='ocrx_word' id='word_1_219' title='bbox 349 2160 507 2192; x_wconf 82' lang='lat' dir='ltr'><strong>Cicerone</strong></span> <span class='ocrx_word' id='word_1_220' title='bbox 533 2159 721 2199; x_wconf 76' lang='lat' dir='ltr'><strong>aemulatio,</strong></span> <span class='ocrx_word' id='word_1_221' title='bbox 751 2165 782 2191; x_wconf 89' lang='lat' dir='ltr'><strong>et</strong></span> <span class='ocrx_word' id='word_1_222' title='bbox 803 2165 973 2192; x_wconf 87' lang='lat' dir='ltr'><strong>contentus</strong></span> <span class='ocrx_word' id='word_1_223' title='bbox 999 2172 1065 2192; x_wconf 87' lang='lat' dir='ltr'><strong>non</strong></span> <span class='ocrx_word' id='word_1_224' title='bbox 1090 2167 1139 2193; x_wconf 82' lang='lat' dir='ltr'><strong>est</strong></span> 
     </span>
     <span class='ocr_line' id='line_1_32' title="bbox 183 2222 1138 2269; baseline 0.002 -14"><span class='ocrx_word' id='word_1_225' title='bbox 183 2224 366 2268; x_wconf 75' lang='lat' dir='ltr'><strong>eloquentia</strong></span> <span class='ocrx_word' id='word_1_226' title='bbox 402 2223 524 2255; x_wconf 82' lang='lat' dir='ltr'><strong>saeculi</strong></span> <span class='ocrx_word' id='word_1_227' title='bbox 557 2222 687 2254; x_wconf 53' lang='lat' dir='ltr'><strong>nostrin«</strong></span> <span class='ocrx_word' id='word_1_228' title='bbox 729 2223 835 2255; x_wconf 75' lang='lat' dir='ltr'><strong>Vetus</strong></span> <span class='ocrx_word' id='word_1_229' title='bbox 862 2224 957 2256; x_wconf 81' lang='lat' dir='ltr'><strong>etiam</strong></span> <span class='ocrx_word' id='word_1_230' title='bbox 980 2224 1138 2269; x_wconf 81' lang='lat' dir='ltr'><strong>interpres</strong></span> 
     </span>
     <span class='ocr_line' id='line_1_33' title="bbox 185 2286 1138 2337; baseline 0 -16"><span class='ocrx_word' id='word_1_231' title='bbox 185 2287 375 2321; x_wconf 82' lang='lat' dir='ltr'><strong>Germanice</strong></span> <span class='ocrx_word' id='word_1_232' title='bbox 400 2288 521 2319; x_wconf 65' lang='lat' dir='ltr'><strong>»thule«</strong></span> <span class='ocrx_word' id='word_1_233' title='bbox 531 2286 674 2331; x_wconf 81' lang='lat' dir='ltr'><strong>scripsit,</strong></span> <span class='ocrx_word' id='word_1_234' title='bbox 706 2287 792 2330; x_wconf 87' lang='lat' dir='ltr'><strong>quod</strong></span> <span class='ocrx_word' id='word_1_235' title='bbox 816 2300 893 2320; x_wconf 82' lang='lat' dir='ltr'><strong>saue</strong></span> <span class='ocrx_word' id='word_1_236' title='bbox 913 2295 1010 2337; x_wconf 71' lang='lat' dir='ltr'><strong>atque</strong></span> <span class='ocrx_word' id='word_1_237' title='bbox 1036 2295 1138 2321; x_wconf 87' lang='lat' dir='ltr'><strong>sonat.</strong></span> 
     </span>
    </p>

    <p class='ocr_par' dir='ltr' id='par_1_10' title="bbox 186 2347 1138 2443">
     <span class='ocr_line' id='line_1_34' title="bbox 257 2347 1138 2396; baseline 0.003 -15"><span class='ocrx_word' id='word_1_238' title='bbox 257 2347 426 2393; x_wconf 68' lang='lat' dir='ltr'><strong>eswbias]</strong></span> <span class='ocrx_word' id='word_1_239' title='bbox 453 2348 617 2381; x_wconf 78' lang='lat' dir='ltr'><strong>Excubiae</strong></span> <span class='ocrx_word' id='word_1_240' title='bbox 643 2348 726 2380; x_wconf 89' lang='lat' dir='ltr'><strong>enim</strong></span> <span class='ocrx_word' id='word_1_241' title='bbox 751 2349 790 2381; x_wconf 88' lang='lat' dir='ltr'><strong>ad</strong></span> <span class='ocrx_word' id='word_1_242' title='bbox 811 2356 920 2394; x_wconf 89' lang='lat' dir='ltr'><strong>portas</strong></span> <span class='ocrx_word' id='word_1_243' title='bbox 938 2364 997 2396; x_wconf 86' lang='lat' dir='ltr'><strong>pro</strong></span> <span class='ocrx_word' id='word_1_244' title='bbox 1017 2363 1138 2383; x_wconf 87' lang='lat' dir='ltr'><strong>summa</strong></span> 
     </span>
     <span class='ocr_line' id='line_1_35' title="bbox 186 2409 759 2443; baseline -0.002 -1"><span class='ocrx_word' id='word_1_245' title='bbox 186 2411 329 2443; x_wconf 60' lang='lat' dir='ltr'><strong>custodia</strong></span> <span class='ocrx_word' id='word_1_246' title='bbox 354 2416 452 2442; x_wconf 81' lang='lat' dir='ltr'><strong>crant.</strong></span> <span class='ocrx_word' id='word_1_247' title='bbox 489 2409 624 2442; x_wconf 85' lang='lat' dir='ltr'><strong>Flaccus</strong></span> <span class='ocrx_word' id='word_1_248' title='bbox 647 2410 700 2441; x_wconf 90' lang='lat' dir='ltr'><strong>lib.</strong></span> <span class='ocrx_word' id='word_1_249' title='bbox 719 2412 759 2443; x_wconf 77' lang='lat'><strong>5:</strong></span> 
     </span>
    </p>

    <p class='ocr_par' dir='ltr' id='par_1_11' title="bbox 243 2473 1138 2521">
     <span class='ocr_line' id='line_1_36' title="bbox 243 2473 1138 2521; baseline 0.009 -20"><span class='ocrx_word' id='word_1_250' title='bbox 243 2473 400 2520; x_wconf 63' lang='lat' dir='ltr'><strong>„Jamque</strong></span> <span class='ocrx_word' id='word_1_251' title='bbox 433 2473 512 2504; x_wconf 76' lang='lat' dir='ltr'><strong>adeo</strong></span> <span class='ocrx_word' id='word_1_252' title='bbox 536 2484 595 2504; x_wconf 77' lang='lat' dir='ltr'><strong>nec</strong></span> <span class='ocrx_word' id='word_1_253' title='bbox 623 2479 716 2516; x_wconf 80' lang='lat' dir='ltr'><strong>porta</strong></span> <span class='ocrx_word' id='word_1_254' title='bbox 748 2474 858 2506; x_wconf 81' lang='lat' dir='ltr'><strong>ducem</strong></span> <span class='ocrx_word' id='word_1_255' title='bbox 891 2488 949 2509; x_wconf 60' lang='lat' dir='ltr'><strong>nce</strong></span> <span class='ocrx_word' id='word_1_256' title='bbox 974 2488 1056 2521; x_wconf 81' lang='lat' dir='ltr'><strong>pone</strong></span> <span class='ocrx_word' id='word_1_257' title='bbox 1076 2489 1138 2509; x_wconf 85' lang='lat' dir='ltr'><strong>mo-</strong></span> 
     </span>
    </p>

    <p class='ocr_par' dir='ltr' id='par_1_12' title="bbox 583 2542 701 2568">
     <span class='ocr_line' id='line_1_37' title="bbox 583 2542 701 2568; baseline 0.008 -1"><span class='ocrx_word' id='word_1_258' title='bbox 583 2542 701 2568; x_wconf 66' lang='lat' dir='ltr'><strong>rantur</strong></span> 
     </span>
    </p>
   </div>
   <div class='ocr_carea' id='block_1_8' title="bbox 237 2600 818 2631">
    <p class='ocr_par' dir='ltr' id='par_1_13' title="bbox 237 2600 818 2631">
     <span class='ocr_line' id='line_1_38' title="bbox 237 2600 818 2631; baseline 0.003 -1"><span class='ocrx_word' id='word_1_259' title='bbox 237 2600 401 2631; x_wconf 72' lang='lat' dir='ltr'><strong>Ercnbias</strong></span> <span class='ocrx_word' id='word_1_260' title='bbox 423 2600 535 2631; x_wconf 64' lang='lat' dir='ltr'><strong>sonita</strong></span> <span class='ocrx_word' id='word_1_261' title='bbox 561 2610 750 2631; x_wconf 64' lang='lat' dir='ltr'><strong>munusn—</strong></span> <span class='ocrx_word' id='word_1_262' title='bbox 771 2617 818 2623; x_wconf 92' lang='lat'>—</span> 
     </span>
    </p>
   </div>
   <div class='ocr_carea' id='block_1_9' title="bbox 1187 649 2149 2453">
    <p class='ocr_par' dir='ltr' id='par_1_14' title="bbox 1187 649 2140 754">
     <span class='ocr_line' id='line_1_39' title="bbox 1187 649 2140 694; baseline 0 -12"><span class='ocrx_word' id='word_1_263' title='bbox 1187 649 1335 682; x_wconf 87' lang='lat' dir='ltr'><strong>Thalami</strong></span> <span class='ocrx_word' id='word_1_264' title='bbox 1352 649 1448 681; x_wconf 86' lang='lat' dir='ltr'><strong>etiam</strong></span> <span class='ocrx_word' id='word_1_265' title='bbox 1466 660 1578 691; x_wconf 80' lang='lat' dir='ltr'><strong>regum</strong></span> <span class='ocrx_word' id='word_1_266' title='bbox 1595 649 1739 682; x_wconf 84' lang='lat' dir='ltr'><strong>excubiis</strong></span> <span class='ocrx_word' id='word_1_267' title='bbox 1759 651 1982 684; x_wconf 81' lang='lat' dir='ltr'><strong>muniebantur</strong></span> <span class='ocrx_word' id='word_1_268' title='bbox 2001 650 2140 694; x_wconf 76' lang='lat' dir='ltr'><strong>vigilum.</strong></span> 
     </span>
     <span class='ocr_line' id='line_1_40' title="bbox 1187 711 1472 754; baseline -0.014 -9"><span class='ocrx_word' id='word_1_269' title='bbox 1187 712 1344 754; x_wconf 71' lang='lat' dir='ltr'><strong>Virgilius</strong></span> <span class='ocrx_word' id='word_1_270' title='bbox 1369 711 1472 744; x_wconf 85' lang='lat' dir='ltr'><strong>Cciri:</strong></span> 
     </span>
    </p>

    <p class='ocr_par' dir='ltr' id='par_1_15' title="bbox 1247 773 2081 821">
     <span class='ocr_line' id='line_1_41' title="bbox 1247 773 2081 821; baseline 0.004 -18"><span class='ocrx_word' id='word_1_271' title='bbox 1247 775 1404 821; x_wconf 79' lang='lat' dir='ltr'><strong>»Jamque</strong></span> <span class='ocrx_word' id='word_1_272' title='bbox 1427 774 1507 805; x_wconf 81' lang='lat' dir='ltr'><strong>adeo</strong></span> <span class='ocrx_word' id='word_1_273' title='bbox 1529 773 1616 805; x_wconf 77' lang='lat' dir='ltr'><strong>dulei</strong></span> <span class='ocrx_word' id='word_1_274' title='bbox 1637 774 1805 806; x_wconf 77' lang='lat' dir='ltr'><strong>deuinctus</strong></span> <span class='ocrx_word' id='word_1_275' title='bbox 1827 774 1949 806; x_wconf 77' lang='lat' dir='ltr'><strong>lumina</strong></span> <span class='ocrx_word' id='word_1_276' title='bbox 1972 786 2081 806; x_wconf 73' lang='lat' dir='ltr'><strong>somno</strong></span> 
     </span>
    </p>

    <p class='ocr_par' dir='ltr' id='par_1_16' title="bbox 1238 838 2143 884">
     <span class='ocr_line' id='line_1_42' title="bbox 1238 838 2143 884; baseline -0.002 -13"><span class='ocrx_word' id='word_1_277' title='bbox 1238 838 1342 871; x_wconf 72' lang='lat' dir='ltr'><strong>IVisus</strong></span> <span class='ocrx_word' id='word_1_278' title='bbox 1368 843 1458 876; x_wconf 76' lang='lat' dir='ltr'><strong>erat,</strong></span> <span class='ocrx_word' id='word_1_279' title='bbox 1493 838 1691 884; x_wconf 73' lang='lat' dir='ltr'><strong>viqilumque</strong></span> <span class='ocrx_word' id='word_1_280' title='bbox 1721 838 1836 882; x_wconf 82' lang='lat' dir='ltr'><strong>procul</strong></span> <span class='ocrx_word' id='word_1_281' title='bbox 1865 839 2009 870; x_wconf 76' lang='lat' dir='ltr'><strong>custodia</strong></span> <span class='ocrx_word' id='word_1_282' title='bbox 2031 839 2143 882; x_wconf 78' lang='lat' dir='ltr'><strong>primis</strong></span> 
     </span>
    </p>

    <p class='ocr_par' dir='ltr' id='par_1_17' title="bbox 1188 901 2145 1386">
     <span class='ocr_line' id='line_1_43' title="bbox 1237 901 1979 947; baseline -0.004 -12"><span class='ocrx_word' id='word_1_283' title='bbox 1237 903 1405 935; x_wconf 72' lang='lat' dir='ltr'><strong>Excubias</strong></span> <span class='ocrx_word' id='word_1_284' title='bbox 1427 901 1553 945; x_wconf 76' lang='lat' dir='ltr'><strong>foribus</strong></span> <span class='ocrx_word' id='word_1_285' title='bbox 1576 903 1684 934; x_wconf 79' lang='lat' dir='ltr'><strong>studio</strong></span> <span class='ocrx_word' id='word_1_286' title='bbox 1695 903 1842 947; x_wconf 76' lang='lat' dir='ltr'><strong>jactabat</strong></span> <span class='ocrx_word' id='word_1_287' title='bbox 1860 903 1979 934; x_wconf 51' lang='lat' dir='ltr'><strong>inania</strong></span> 
     </span>
     <span class='ocr_line' id='line_1_44' title="bbox 1189 964 2145 1008; baseline -0.002 -11"><span class='ocrx_word' id='word_1_288' title='bbox 1189 965 1315 997; x_wconf 69' lang='lat' dir='ltr'><strong>mum.</strong></span> <span class='ocrx_word' id='word_1_289' title='bbox 1346 964 1483 1008; x_wconf 71' lang='lat' dir='ltr'><strong>(advers.</strong></span> <span class='ocrx_word' id='word_1_290' title='bbox 1518 976 1551 1008; x_wconf 80' lang='lat' dir='ltr'><strong>p.</strong></span> <span class='ocrx_word' id='word_1_291' title='bbox 1577 964 1698 1008; x_wconf 75' lang='lat'>1052).</span> <span class='ocrx_word' id='word_1_292' title='bbox 1719 983 1768 989; x_wconf 90' lang='lat'>—</span> <span class='ocrx_word' id='word_1_293' title='bbox 1798 964 1868 997; x_wconf 83' lang='lat' dir='ltr'><strong>Sed</strong></span> <span class='ocrx_word' id='word_1_294' title='bbox 1897 965 2051 997; x_wconf 76' lang='lat' dir='ltr'><strong>excubias</strong></span> <span class='ocrx_word' id='word_1_295' title='bbox 2079 976 2145 996; x_wconf 85' lang='lat' dir='ltr'><strong>non</strong></span> 
     </span>
     <span class='ocr_line' id='line_1_45' title="bbox 1189 1025 2145 1070; baseline -0.001 -12"><span class='ocrx_word' id='word_1_296' title='bbox 1189 1032 1286 1059; x_wconf 83' lang='lat' dir='ltr'><strong>noctu</strong></span> <span class='ocrx_word' id='word_1_297' title='bbox 1312 1038 1384 1058; x_wconf 87' lang='lat' dir='ltr'><strong>esse</strong></span> <span class='ocrx_word' id='word_1_298' title='bbox 1409 1026 1508 1057; x_wconf 85' lang='lat' dir='ltr'><strong>saetas</strong></span> <span class='ocrx_word' id='word_1_299' title='bbox 1535 1025 1669 1058; x_wconf 76' lang='lat' dir='ltr'><strong>Servius</strong></span> <span class='ocrx_word' id='word_1_300' title='bbox 1691 1026 1744 1070; x_wconf 87' lang='lat' dir='ltr'><strong>(ad</strong></span> <span class='ocrx_word' id='word_1_301' title='bbox 1763 1026 1847 1059; x_wconf 72' lang='lat' dir='ltr'><strong>Aen.</strong></span> <span class='ocrx_word' id='word_1_302' title='bbox 1866 1028 1906 1068; x_wconf 83' lang='lat'><strong>9,</strong></span> <span class='ocrx_word' id='word_1_303' title='bbox 1933 1026 2017 1070; x_wconf 76' lang='lat'>159)</span> <span class='ocrx_word' id='word_1_304' title='bbox 2040 1026 2145 1066; x_wconf 78' lang='lat' dir='ltr'><strong>docet,</strong></span> 
     </span>
     <span class='ocr_line' id='line_1_46' title="bbox 1189 1087 2145 1131; baseline -0.001 -10"><span class='ocrx_word' id='word_1_305' title='bbox 1189 1101 1299 1121; x_wconf 71' lang='lat' dir='ltr'><strong>verum</strong></span> <span class='ocrx_word' id='word_1_306' title='bbox 1324 1089 1460 1131; x_wconf 69' lang='lat' dir='ltr'><strong>viyilicus.</strong></span> <span class='ocrx_word' id='word_1_307' title='bbox 1500 1088 1551 1119; x_wconf 88' lang='lat' dir='ltr'><strong>De</strong></span> <span class='ocrx_word' id='word_1_308' title='bbox 1576 1087 1640 1120; x_wconf 84' lang='lat' dir='ltr'><strong>illis</strong></span> <span class='ocrx_word' id='word_1_309' title='bbox 1664 1094 1782 1121; x_wconf 85' lang='lat' dir='ltr'><strong>noster.</strong></span> <span class='ocrx_word' id='word_1_310' title='bbox 1811 1088 1967 1121; x_wconf 80' lang='lat' dir='ltr'><strong>Conferre</strong></span> <span class='ocrx_word' id='word_1_311' title='bbox 1991 1089 2066 1121; x_wconf 82' lang='lat' dir='ltr'><strong>licet</strong></span> <span class='ocrx_word' id='word_1_312' title='bbox 2089 1088 2145 1120; x_wconf 86' lang='lat' dir='ltr'><strong>Pi·</strong></span> 
     </span>
     <span class='ocr_line' id='line_1_47' title="bbox 1189 1152 2145 1196; baseline 0 -12"><span class='ocrx_word' id='word_1_313' title='bbox 1189 1153 1335 1195; x_wconf 85' lang='lat' dir='ltr'><strong>gnorium</strong></span> <span class='ocrx_word' id='word_1_314' title='bbox 1353 1153 1391 1183; x_wconf 88' lang='lat' dir='ltr'><strong>‹le</strong></span> <span class='ocrx_word' id='word_1_315' title='bbox 1410 1153 1510 1183; x_wconf 75' lang='lat' dir='ltr'><strong>servis</strong></span> <span class='ocrx_word' id='word_1_316' title='bbox 1531 1152 1575 1196; x_wconf 83' lang='lat' dir='ltr'><strong>(p.</strong></span> <span class='ocrx_word' id='word_1_317' title='bbox 1589 1152 1659 1185; x_wconf 79' lang='lat'><strong>221</strong></span> <span class='ocrx_word' id='word_1_318' title='bbox 1682 1153 1793 1196; x_wconf 90' lang='lat' dir='ltr'><strong>sequ.).</strong></span> <span class='ocrx_word' id='word_1_319' title='bbox 1820 1153 1929 1186; x_wconf 79' lang='lat' dir='ltr'><strong>Vertit</strong></span> <span class='ocrx_word' id='word_1_320' title='bbox 1947 1152 2145 1185; x_wconf 79' lang='lat' dir='ltr'><strong>Teutonicus</strong></span> 
     </span>
     <span class='ocr_line' id='line_1_48' title="bbox 1188 1216 2145 1262; baseline 0 -14"><span class='ocrx_word' id='word_1_321' title='bbox 1188 1217 1363 1260; x_wconf 83' lang='lat' dir='ltr'><strong>interpres:</strong></span> <span class='ocrx_word' id='word_1_322' title='bbox 1384 1217 1487 1248; x_wconf 69' lang='lat' dir='ltr'><strong>»zimle</strong></span> <span class='ocrx_word' id='word_1_323' title='bbox 1508 1218 1594 1248; x_wconf 77' lang='lat' dir='ltr'><strong>intro</strong></span> <span class='ocrx_word' id='word_1_324' title='bbox 1611 1217 1823 1249; x_wconf 78' lang='lat' dir='ltr'><strong>chemenaeun</strong></span> <span class='ocrx_word' id='word_1_325' title='bbox 1842 1216 2052 1262; x_wconf 88' lang='lat' dir='ltr'><strong>(cubiculum)</strong></span> <span class='ocrx_word' id='word_1_326' title='bbox 2069 1217 2145 1249; x_wconf 80' lang='lat' dir='ltr'><strong>dero</strong></span> 
     </span>
     <span class='ocr_line' id='line_1_49' title="bbox 1188 1278 2144 1326; baseline -0.001 -13"><span class='ocrx_word' id='word_1_327' title='bbox 1188 1279 1311 1313; x_wconf 69' lang='lat' dir='ltr'><strong>metilde</strong></span> <span class='ocrx_word' id='word_1_328' title='bbox 1335 1279 1512 1325; x_wconf 83' lang='lat' dir='ltr'><strong>(excubias)</strong></span> <span class='ocrx_word' id='word_1_329' title='bbox 1533 1278 1604 1325; x_wconf 71' lang='lat' dir='ltr'><strong>fla&#39;y</strong></span> <span class='ocrx_word' id='word_1_330' title='bbox 1626 1281 1758 1325; x_wconf 86' lang='lat' dir='ltr'><strong>(nostris</strong></span> <span class='ocrx_word' id='word_1_331' title='bbox 1788 1282 1923 1326; x_wconf 76' lang='lat' dir='ltr'><strong>pfleqte,</strong></span> <span class='ocrx_word' id='word_1_332' title='bbox 1952 1293 2010 1325; x_wconf 87' lang='lat' dir='ltr'><strong>pro</strong></span> <span class='ocrx_word' id='word_1_333' title='bbox 2035 1291 2144 1312; x_wconf 74' lang='lat' dir='ltr'><strong>nexer-</strong></span> 
     </span>
     <span class='ocr_line' id='line_1_50' title="bbox 1189 1342 1340 1386; baseline 0 -12"><span class='ocrx_word' id='word_1_334' title='bbox 1189 1342 1340 1386; x_wconf 52' lang='lat' dir='ltr'><strong>cebet«)-</strong></span> 
     </span>
    </p>

    <p class='ocr_par' dir='ltr' id='par_1_18' title="bbox 1187 1402 2148 1950">
     <span class='ocr_line' id='line_1_51' title="bbox 1265 1402 2148 1452; baseline 0.003 -18"><span class='ocrx_word' id='word_1_335' title='bbox 1265 1417 1364 1452; x_wconf 81' lang='lat' dir='ltr'><strong>quum</strong></span> <span class='ocrx_word' id='word_1_336' title='bbox 1378 1402 1461 1449; x_wconf 75' lang='lat' dir='ltr'><strong>ipsa]</strong></span> <span class='ocrx_word' id='word_1_337' title='bbox 1477 1403 1616 1435; x_wconf 84' lang='lat' dir='ltr'><strong>Damnat</strong></span> <span class='ocrx_word' id='word_1_338' title='bbox 1633 1404 1716 1435; x_wconf 87' lang='lat' dir='ltr'><strong>enim</strong></span> <span class='ocrx_word' id='word_1_339' title='bbox 1732 1404 1910 1437; x_wconf 80' lang='lat' dir='ltr'><strong>Martianus</strong></span> <span class='ocrx_word' id='word_1_340' title='bbox 1923 1404 2047 1437; x_wconf 75' lang='lat' dir='ltr'><strong>sutilem</strong></span> <span class='ocrx_word' id='word_1_341' title='bbox 2056 1404 2148 1437; x_wconf 82' lang='lat' dir='ltr'><strong>illum</strong></span> 
     </span>
     <span class='ocr_line' id='line_1_52' title="bbox 1189 1465 2147 1509; baseline 0.002 -11"><span class='ocrx_word' id='word_1_342' title='bbox 1189 1466 1349 1507; x_wconf 81' lang='lat' dir='ltr'><strong>laborem,</strong></span> <span class='ocrx_word' id='word_1_343' title='bbox 1387 1477 1450 1509; x_wconf 89' lang='lat' dir='ltr'><strong>quo</strong></span> <span class='ocrx_word' id='word_1_344' title='bbox 1485 1465 1668 1508; x_wconf 75' lang='lat' dir='ltr'><strong>philologia</strong></span> <span class='ocrx_word' id='word_1_345' title='bbox 1698 1467 1738 1498; x_wconf 91' lang='lat' dir='ltr'><strong>ad</strong></span> <span class='ocrx_word' id='word_1_346' title='bbox 1767 1467 1908 1499; x_wconf 88' lang='lat' dir='ltr'><strong>calculos</strong></span> <span class='ocrx_word' id='word_1_347' title='bbox 1941 1473 2147 1500; x_wconf 77' lang='lat' dir='ltr'><strong>revocaverat</strong></span> 
     </span>
     <span class='ocr_line' id='line_1_53' title="bbox 1188 1527 2145 1574; baseline 0.002 -14"><span class='ocrx_word' id='word_1_348' title='bbox 1188 1527 1316 1561; x_wconf 85' lang='lat' dir='ltr'><strong>illorum</strong></span> <span class='ocrx_word' id='word_1_349' title='bbox 1346 1528 1511 1560; x_wconf 87' lang='lat' dir='ltr'><strong>nominum</strong></span> <span class='ocrx_word' id='word_1_350' title='bbox 1535 1527 1662 1569; x_wconf 78' lang='lat' dir='ltr'><strong>literas,</strong></span> <span class='ocrx_word' id='word_1_351' title='bbox 1692 1529 1849 1573; x_wconf 84' lang='lat' dir='ltr'><strong>siquidem</strong></span> <span class='ocrx_word' id='word_1_352' title='bbox 1877 1530 2052 1574; x_wconf 84' lang='lat' dir='ltr'><strong>pedisequa</strong></span> <span class='ocrx_word' id='word_1_353' title='bbox 2075 1530 2145 1571; x_wconf 89' lang='lat' dir='ltr'><strong>ejus</strong></span> 
     </span>
     <span class='ocr_line' id='line_1_54' title="bbox 1188 1589 2145 1639; baseline 0.001 -16"><span class='ocrx_word' id='word_1_354' title='bbox 1188 1591 1315 1623; x_wconf 85' lang='lat' dir='ltr'><strong>curiosa</strong></span> <span class='ocrx_word' id='word_1_355' title='bbox 1331 1590 1414 1621; x_wconf 90' lang='lat' dir='ltr'><strong>idem</strong></span> <span class='ocrx_word' id='word_1_356' title='bbox 1432 1590 1536 1621; x_wconf 80' lang='lat' dir='ltr'><strong>facere</strong></span> <span class='ocrx_word' id='word_1_357' title='bbox 1555 1589 1730 1633; x_wconf 80' lang='lat' dir='ltr'><strong>potuisset,</strong></span> <span class='ocrx_word' id='word_1_358' title='bbox 1753 1591 1893 1635; x_wconf 79' lang='lat' dir='ltr'><strong>horaque</strong></span> <span class='ocrx_word' id='word_1_359' title='bbox 1912 1593 2145 1639; x_wconf 53' lang='lat' dir='ltr'><strong>conquiescere.</strong></span> 
     </span>
     <span class='ocr_line' id='line_1_55' title="bbox 1187 1653 2146 1699; baseline 0.002 -13"><span class='ocrx_word' id='word_1_360' title='bbox 1187 1654 1238 1687; x_wconf 82' lang='lat' dir='ltr'><strong>Ita</strong></span> <span class='ocrx_word' id='word_1_361' title='bbox 1268 1653 1352 1685; x_wconf 88' lang='lat' dir='ltr'><strong>euim</strong></span> <span class='ocrx_word' id='word_1_362' title='bbox 1383 1654 1555 1685; x_wconf 81' lang='lat' dir='ltr'><strong>connivere</strong></span> <span class='ocrx_word' id='word_1_363' title='bbox 1583 1659 1670 1685; x_wconf 88' lang='lat' dir='ltr'><strong>recte</strong></span> <span class='ocrx_word' id='word_1_364' title='bbox 1702 1654 1929 1699; x_wconf 75' lang='lat' dir='ltr'><strong>interpretatus</strong></span> <span class='ocrx_word' id='word_1_365' title='bbox 1958 1661 2008 1687; x_wconf 87' lang='lat' dir='ltr'><strong>est</strong></span> <span class='ocrx_word' id='word_1_366' title='bbox 2027 1656 2146 1688; x_wconf 83' lang='lat' dir='ltr'><strong>Vulca-</strong></span> 
     </span>
     <span class='ocr_line' id='line_1_56' title="bbox 1188 1716 2146 1765; baseline 0.004 -17"><span class='ocrx_word' id='word_1_367' title='bbox 1188 1718 1261 1750; x_wconf 85' lang='lat' dir='ltr'><strong>nius</strong></span> <span class='ocrx_word' id='word_1_368' title='bbox 1291 1717 1390 1762; x_wconf 82' lang='lat' dir='ltr'><strong>(conf.</strong></span> <span class='ocrx_word' id='word_1_369' title='bbox 1425 1716 1581 1759; x_wconf 73' lang='lat' dir='ltr'><strong>Quinctil.</strong></span> <span class='ocrx_word' id='word_1_370' title='bbox 1613 1718 1676 1758; x_wconf 80' lang='grc'><strong>10,</strong></span> <span class='ocrx_word' id='word_1_371' title='bbox 1709 1718 1750 1759; x_wconf 77' lang='grc'><strong>5,</strong></span> <span class='ocrx_word' id='word_1_372' title='bbox 1787 1720 1842 1751; x_wconf 82' lang='grc'><strong>16.</strong></span> <span class='ocrx_word' id='word_1_373' title='bbox 1877 1732 1908 1765; x_wconf 80' lang='lat' dir='ltr'><strong>p.</strong></span> <span class='ocrx_word' id='word_1_374' title='bbox 1933 1720 2005 1752; x_wconf 80' lang='grc'><strong>150</strong></span> <span class='ocrx_word' id='word_1_375' title='bbox 2033 1718 2146 1764; x_wconf 76' lang='lat' dir='ltr'><strong>Spald-</strong></span> 
     </span>
     <span class='ocr_line' id='line_1_57' title="bbox 1190 1779 2147 1827; baseline 0.005 -16"><span class='ocrx_word' id='word_1_376' title='bbox 1190 1782 1275 1815; x_wconf 84' lang='lat' dir='ltr'><strong>Gell.</strong></span> <span class='ocrx_word' id='word_1_377' title='bbox 1301 1781 1341 1822; x_wconf 74' lang='lat'><strong>2,</strong></span> <span class='ocrx_word' id='word_1_378' title='bbox 1377 1779 1411 1824; x_wconf 86' lang='lat'><strong>1)</strong></span> <span class='ocrx_word' id='word_1_379' title='bbox 1442 1780 1590 1824; x_wconf 88' lang='lat' dir='ltr'><strong>beneque</strong></span> <span class='ocrx_word' id='word_1_380' title='bbox 1623 1780 1767 1813; x_wconf 89' lang='lat' dir='ltr'><strong>Goezius</strong></span> <span class='ocrx_word' id='word_1_381' title='bbox 1810 1783 2008 1827; x_wconf 86' lang='lat' dir='ltr'><strong>superiorem</strong></span> <span class='ocrx_word' id='word_1_382' title='bbox 2039 1783 2147 1816; x_wconf 87' lang='lat' dir='ltr'><strong>locum</strong></span> 
     </span>
     <span class='ocr_line' id='line_1_58' title="bbox 1189 1842 2146 1889; baseline 0.003 -14"><span class='ocrx_word' id='word_1_383' title='bbox 1189 1843 1230 1889; x_wconf 68' lang='grc' dir='ltr'><strong>(ξ.</strong></span> <span class='ocrx_word' id='word_1_384' title='bbox 1250 1843 1313 1886; x_wconf 82' lang='lat'><strong>57)</strong></span> <span class='ocrx_word' id='word_1_385' title='bbox 1336 1842 1387 1874; x_wconf 82' lang='lat' dir='ltr'><strong>hie</strong></span> <span class='ocrx_word' id='word_1_386' title='bbox 1408 1842 1441 1873; x_wconf 88' lang='lat' dir='ltr'><strong>in</strong></span> <span class='ocrx_word' id='word_1_387' title='bbox 1465 1842 1650 1874; x_wconf 88' lang='lat' dir='ltr'><strong>memoriam</strong></span> <span class='ocrx_word' id='word_1_388' title='bbox 1676 1844 1847 1876; x_wconf 71' lang='lat' dir='ltr'><strong>revocavit.</strong></span> <span class='ocrx_word' id='word_1_389' title='bbox 1879 1845 2078 1879; x_wconf 85' lang='lat' dir='ltr'><strong>Teutonicus</strong></span> <span class='ocrx_word' id='word_1_390' title='bbox 2098 1845 2146 1878; x_wconf 79' lang='lat' dir='ltr'><strong>in-</strong></span> 
     </span>
     <span class='ocr_line' id='line_1_59' title="bbox 1189 1904 1664 1950; baseline -0.011 -12"><span class='ocrx_word' id='word_1_391' title='bbox 1189 1912 1330 1950; x_wconf 83' lang='lat' dir='ltr'><strong>terpres:</strong></span> <span class='ocrx_word' id='word_1_392' title='bbox 1359 1906 1512 1936; x_wconf 70' lang='lat' dir='ltr'><strong>»eteuuaz</strong></span> <span class='ocrx_word' id='word_1_393' title='bbox 1534 1904 1664 1936; x_wconf 63' lang='lat' dir='ltr'><strong>sitirem«</strong></span> 
     </span>
    </p>

    <p class='ocr_par' dir='ltr' id='par_1_19' title="bbox 1189 1963 2149 2453">
     <span class='ocr_line' id='line_1_60' title="bbox 1264 1963 2149 2013; baseline 0.006 -16"><span class='ocrx_word' id='word_1_394' title='bbox 1264 1967 1488 2013; x_wconf 77' lang='lat' dir='ltr'><strong>mancipiaque</strong></span> <span class='ocrx_word' id='word_1_395' title='bbox 1517 1963 1659 2012; x_wconf 79' lang='lat' dir='ltr'><strong>dotalia]</strong></span> <span class='ocrx_word' id='word_1_396' title='bbox 1700 1966 1792 2000; x_wconf 85' lang='lat' dir='ltr'><strong>Haec</strong></span> <span class='ocrx_word' id='word_1_397' title='bbox 1829 1967 1898 2000; x_wconf 87' lang='lat' dir='ltr'><strong>sine</strong></span> <span class='ocrx_word' id='word_1_398' title='bbox 1934 1968 2032 2002; x_wconf 87' lang='lat' dir='ltr'><strong>dubio</strong></span> <span class='ocrx_word' id='word_1_399' title='bbox 2073 1974 2149 2002; x_wconf 83' lang='lat' dir='ltr'><strong>sunt</strong></span> 
     </span>
     <span class='ocr_line' id='line_1_61' title="bbox 1190 2029 2146 2078; baseline 0 -15"><span class='ocrx_word' id='word_1_400' title='bbox 1190 2036 1313 2076; x_wconf 84' lang='lat' dir='ltr'><strong>septem</strong></span> <span class='ocrx_word' id='word_1_401' title='bbox 1335 2035 1430 2065; x_wconf 81' lang='lat' dir='ltr'><strong>artes.</strong></span> <span class='ocrx_word' id='word_1_402' title='bbox 1451 2029 1553 2062; x_wconf 71' lang='lat' dir='ltr'><strong>Gom.</strong></span> <span class='ocrx_word' id='word_1_403' title='bbox 1567 2049 1614 2055; x_wconf 89' lang='lat'><strong>-—</strong></span> <span class='ocrx_word' id='word_1_404' title='bbox 1631 2030 1775 2064; x_wconf 88' lang='lat' dir='ltr'><strong>Dubium</strong></span> <span class='ocrx_word' id='word_1_405' title='bbox 1798 2043 1874 2066; x_wconf 82' lang='lat' dir='ltr'><strong>sane</strong></span> <span class='ocrx_word' id='word_1_406' title='bbox 1897 2033 2018 2066; x_wconf 85' lang='lat' dir='ltr'><strong>moveri</strong></span> <span class='ocrx_word' id='word_1_407' title='bbox 2034 2032 2146 2078; x_wconf 82' lang='lat' dir='ltr'><strong>possit.</strong></span> 
     </span>
     <span class='ocr_line' id='line_1_62' title="bbox 1191 2094 2146 2140; baseline 0 -12"><span class='ocrx_word' id='word_1_408' title='bbox 1191 2095 1325 2140; x_wconf 85' lang='lat' dir='ltr'><strong>Septem</strong></span> <span class='ocrx_word' id='word_1_409' title='bbox 1349 2094 1434 2126; x_wconf 88' lang='lat' dir='ltr'><strong>enim</strong></span> <span class='ocrx_word' id='word_1_410' title='bbox 1461 2100 1545 2126; x_wconf 80' lang='lat' dir='ltr'><strong>artes</strong></span> <span class='ocrx_word' id='word_1_411' title='bbox 1565 2107 1582 2126; x_wconf 79' lang='lat' dir='ltr'><strong>a</strong></span> <span class='ocrx_word' id='word_1_412' title='bbox 1599 2095 1761 2127; x_wconf 83' lang='lat' dir='ltr'><strong>Mercurio</strong></span> <span class='ocrx_word' id='word_1_413' title='bbox 1793 2096 1826 2128; x_wconf 90' lang='lat' dir='ltr'><strong>in</strong></span> <span class='ocrx_word' id='word_1_414' title='bbox 1856 2097 1974 2128; x_wconf 81' lang='lat' dir='ltr'><strong>donum</strong></span> <span class='ocrx_word' id='word_1_415' title='bbox 2002 2096 2146 2140; x_wconf 77' lang='lat' dir='ltr'><strong>nuptiale</strong></span> 
     </span>
     <span class='ocr_line' id='line_1_63' title="bbox 1191 2157 2145 2202; baseline 0.001 -13"><span class='ocrx_word' id='word_1_416' title='bbox 1191 2158 1317 2190; x_wconf 83' lang='lat' dir='ltr'><strong>oblatae</strong></span> <span class='ocrx_word' id='word_1_417' title='bbox 1343 2157 1410 2188; x_wconf 72' lang='lat' dir='ltr'><strong>sive</strong></span> <span class='ocrx_word' id='word_1_418' title='bbox 1434 2168 1492 2200; x_wconf 89' lang='lat' dir='ltr'><strong>per</strong></span> <span class='ocrx_word' id='word_1_419' title='bbox 1517 2157 1723 2189; x_wconf 87' lang='lat' dir='ltr'><strong>donationem</strong></span> <span class='ocrx_word' id='word_1_420' title='bbox 1740 2163 1873 2202; x_wconf 83' lang='lat' dir='ltr'><strong>propter</strong></span> <span class='ocrx_word' id='word_1_421' title='bbox 1893 2157 2022 2202; x_wconf 80' lang='lat' dir='ltr'><strong>nuptias</strong></span> <span class='ocrx_word' id='word_1_422' title='bbox 2043 2158 2078 2189; x_wconf 82' lang='lat' dir='ltr'><strong>in</strong></span> <span class='ocrx_word' id='word_1_423' title='bbox 2096 2169 2145 2190; x_wconf 82' lang='lat' dir='ltr'><strong>re-</strong></span> 
     </span>
     <span class='ocr_line' id='line_1_64' title="bbox 1190 2220 2147 2264; baseline -0.001 -10"><span class='ocrx_word' id='word_1_424' title='bbox 1190 2220 1444 2254; x_wconf 83' lang='lat' dir='ltr'><strong>munerationem</strong></span> <span class='ocrx_word' id='word_1_425' title='bbox 1462 2220 1545 2252; x_wconf 85' lang='lat' dir='ltr'><strong>dotis</strong></span> <span class='ocrx_word' id='word_1_426' title='bbox 1569 2221 1700 2253; x_wconf 80' lang='lat' dir='ltr'><strong>saetam:</strong></span> <span class='ocrx_word' id='word_1_427' title='bbox 1716 2222 1772 2252; x_wconf 82' lang='lat' dir='ltr'><strong>dos</strong></span> <span class='ocrx_word' id='word_1_428' title='bbox 1794 2226 1899 2252; x_wconf 88' lang='lat' dir='ltr'><strong>autem</strong></span> <span class='ocrx_word' id='word_1_429' title='bbox 1923 2233 1941 2252; x_wconf 83' lang='lat' dir='ltr'><strong>a</strong></span> <span class='ocrx_word' id='word_1_430' title='bbox 1963 2220 2147 2264; x_wconf 72' lang='lat' dir='ltr'><strong>Philologta</strong></span> 
     </span>
     <span class='ocr_line' id='line_1_65' title="bbox 1189 2283 2147 2327; baseline -0.002 -8"><span class='ocrx_word' id='word_1_431' title='bbox 1189 2286 1243 2319; x_wconf 69' lang='lat' dir='ltr'><strong>vel</strong></span> <span class='ocrx_word' id='word_1_432' title='bbox 1265 2285 1334 2327; x_wconf 76' lang='lat' dir='ltr'><strong>ejus</strong></span> <span class='ocrx_word' id='word_1_433' title='bbox 1361 2289 1460 2315; x_wconf 84' lang='lat' dir='ltr'><strong>matre</strong></span> <span class='ocrx_word' id='word_1_434' title='bbox 1492 2284 1716 2316; x_wconf 81' lang='lat' dir='ltr'><strong>constituenda</strong></span> <span class='ocrx_word' id='word_1_435' title='bbox 1742 2289 1818 2315; x_wconf 82' lang='lat' dir='ltr'><strong>erat.</strong></span> <span class='ocrx_word' id='word_1_436' title='bbox 1858 2283 1927 2316; x_wconf 89' lang='lat' dir='ltr'><strong>Sed</strong></span> <span class='ocrx_word' id='word_1_437' title='bbox 1953 2285 2147 2318; x_wconf 78' lang='lat' dir='ltr'><strong>Martianum</strong></span> 
     </span>
     <span class='ocr_line' id='line_1_66' title="bbox 1191 2347 2147 2393; baseline -0.002 -11"><span class='ocrx_word' id='word_1_438' title='bbox 1191 2349 1320 2382; x_wconf 85' lang='lat' dir='ltr'><strong>omnino</strong></span> <span class='ocrx_word' id='word_1_439' title='bbox 1342 2348 1497 2379; x_wconf 85' lang='lat' dir='ltr'><strong>dotalium</strong></span> <span class='ocrx_word' id='word_1_440' title='bbox 1520 2347 1751 2391; x_wconf 86' lang='lat' dir='ltr'><strong>mancipiorum</strong></span> <span class='ocrx_word' id='word_1_441' title='bbox 1767 2347 1895 2379; x_wconf 87' lang='lat' dir='ltr'><strong>nomine</strong></span> <span class='ocrx_word' id='word_1_442' title='bbox 1918 2348 1989 2381; x_wconf 86' lang='lat' dir='ltr'><strong>illas</strong></span> <span class='ocrx_word' id='word_1_443' title='bbox 2008 2349 2147 2393; x_wconf 87' lang='lat' dir='ltr'><strong>discipli-</strong></span> 
     </span>
     <span class='ocr_line' id='line_1_67' title="bbox 1190 2409 2145 2453; baseline 0 -11"><span class='ocrx_word' id='word_1_444' title='bbox 1190 2423 1265 2450; x_wconf 86' lang='lat' dir='ltr'><strong>nas,</strong></span> <span class='ocrx_word' id='word_1_445' title='bbox 1299 2409 1442 2453; x_wconf 70' lang='lat' dir='ltr'><strong>quamvis</strong></span> <span class='ocrx_word' id='word_1_446' title='bbox 1470 2420 1581 2452; x_wconf 83' lang='lat' dir='ltr'><strong>parum</strong></span> <span class='ocrx_word' id='word_1_447' title='bbox 1610 2414 1775 2450; x_wconf 77' lang='lat' dir='ltr'><strong>accurate,</strong></span> <span class='ocrx_word' id='word_1_448' title='bbox 1811 2409 2000 2452; x_wconf 85' lang='lat' dir='ltr'><strong>denotasse,</strong></span> <span class='ocrx_word' id='word_1_449' title='bbox 2033 2423 2074 2442; x_wconf 81' lang='lat' dir='ltr'><strong>ex</strong></span> <span class='ocrx_word' id='word_1_450' title='bbox 2099 2411 2145 2442; x_wconf 89' lang='lat' dir='ltr'><strong>in-</strong></span> 
     </span>
    </p>
   </div>
   <div class='ocr_carea' id='block_1_10' title="bbox 1190 2471 2147 2516">
    <p class='ocr_par' dir='ltr' id='par_1_20' title="bbox 1190 2471 2147 2516">
     <span class='ocr_line' id='line_1_68' title="bbox 1190 2471 2147 2516; baseline 0 -9"><span class='ocrx_word' id='word_1_451' title='bbox 1190 2474 1298 2507; x_wconf 84' lang='lat' dir='ltr'><strong>fcriori</strong></span> <span class='ocrx_word' id='word_1_452' title='bbox 1325 2473 1397 2505; x_wconf 89' lang='lat' dir='ltr'><strong>loco</strong></span> <span class='ocrx_word' id='word_1_453' title='bbox 1426 2471 1468 2516; x_wconf 65' lang='grc' dir='ltr'><strong>(ἓ.</strong></span> <span class='ocrx_word' id='word_1_454' title='bbox 1492 2473 1580 2516; x_wconf 82' lang='lat'>805)</span> <span class='ocrx_word' id='word_1_455' title='bbox 1604 2478 1706 2516; x_wconf 79' lang='lat' dir='ltr'><strong>patet,</strong></span> <span class='ocrx_word' id='word_1_456' title='bbox 1740 2472 1794 2504; x_wconf 82' lang='lat' dir='ltr'><strong>uhi</strong></span> <span class='ocrx_word' id='word_1_457' title='bbox 1818 2485 1882 2505; x_wconf 89' lang='lat' dir='ltr'><strong>non</strong></span> <span class='ocrx_word' id='word_1_458' title='bbox 1904 2473 2147 2507; x_wconf 81' lang='lat' dir='ltr'><strong>Aritbmeticam</strong></span> 
     </span>
    </p>
   </div>
   <div class='ocr_carea' id='block_1_11' title="bbox 1192 2536 2200 2583">
    <p class='ocr_par' dir='ltr' id='par_1_21' title="bbox 1192 2536 2200 2583">
     <span class='ocr_line' id='line_1_69' title="bbox 1192 2536 2200 2583; baseline -0.001 -12"><span class='ocrx_word' id='word_1_459' title='bbox 1192 2545 1329 2578; x_wconf 84' lang='lat' dir='ltr'><strong>tantum,</strong></span> <span class='ocrx_word' id='word_1_460' title='bbox 1365 2537 1421 2568; x_wconf 88' lang='lat' dir='ltr'><strong>sed</strong></span> <span class='ocrx_word' id='word_1_461' title='bbox 1451 2536 1591 2579; x_wconf 84' lang='lat' dir='ltr'><strong>reliquas</strong></span> <span class='ocrx_word' id='word_1_462' title='bbox 1621 2536 1715 2568; x_wconf 85' lang='lat' dir='ltr'><strong>etiam</strong></span> <span class='ocrx_word' id='word_1_463' title='bbox 1748 2542 1832 2568; x_wconf 84' lang='lat' dir='ltr'><strong>artes</strong></span> <span class='ocrx_word' id='word_1_464' title='bbox 1861 2538 1982 2570; x_wconf 74' lang='lat' dir='ltr'><strong>(letales</strong></span> <span class='ocrx_word' id='word_1_465' title='bbox 2008 2538 2147 2583; x_wconf 84' lang='lat' dir='ltr'><strong>appellat</strong></span> <span class='ocrx_word' id='word_1_466' title='bbox 2197 2543 2200 2547; x_wconf 86' lang='grc'><strong>’</strong></span> 
     </span>
    </p>
   </div>
   <div class='ocr_carea' id='block_1_12' title="bbox 1191 2598 2144 2645">
    <p class='ocr_par' dir='ltr' id='par_1_22' title="bbox 1191 2598 2144 2645">
     <span class='ocr_line' id='line_1_70' title="bbox 1191 2598 2144 2645; baseline -0.001 -13"><span class='ocrx_word' id='word_1_467' title='bbox 1191 2600 1333 2633; x_wconf 81' lang='lat' dir='ltr'><strong>seminas.</strong></span> <span class='ocrx_word' id='word_1_468' title='bbox 1369 2599 1417 2632; x_wconf 90' lang='lat' dir='ltr'><strong>Ita</strong></span> <span class='ocrx_word' id='word_1_469' title='bbox 1450 2598 1544 2631; x_wconf 72' lang='lat' dir='ltr'><strong>etiam</strong></span> <span class='ocrx_word' id='word_1_470' title='bbox 1573 2598 1733 2631; x_wconf 81' lang='lat' dir='ltr'><strong>intellexit</strong></span> <span class='ocrx_word' id='word_1_471' title='bbox 1765 2599 1924 2645; x_wconf 83' lang='lat' dir='ltr'><strong>interpres</strong></span> <span class='ocrx_word' id='word_1_472' title='bbox 1950 2600 2144 2633; x_wconf 85' lang='lat' dir='ltr'><strong>Teutonicus</strong></span> 
     </span>
    </p>
   </div>
  </div>
 </body>
</html>
