2310 2860
656 176 854 218 Martiani
886 176 1084 232 Capellae
1112 175 1185 218 lib.
1211 175 1290 217 IX.
1322 178 1354 227 ᾗ.
1378 176 1480 218 947.
1955 178 2039 220 741

92 286 428 342 perceptionem,
460 297 601 339 quum
632 283 707 323 uni
739 292 812 324 aut
841 280 1036 337 pluribus
1068 282 1337 337 conjungitur
1369 283 1533 338 spatiis;
1576 283 1694 324 tertia
1728 298 1802 339 per
1834 284 2038 337 conjunc·-

90 366 246 407 tionem
289 365 546 420 systematis,
601 363 717 418 quod.
761 373 834 405 aut
872 377 1011 403 unum
1056 370 1129 403 aut
1173 363 1298 417 plura
1342 364 1510 419 recipit3
1557 373 1596 404 et
1639 364 1756 419 quod
1802 364 2039 406 secundum

89 441 256 487 morem
303 445 476 496 dicitur,
518 449 600 484 κατ’
638 442 763 496 ἦθοςε
820 443 951 485 alium
997 443 1156 499 quippe
1201 458 1368 486 morem
1413 454 1536 487 acuta
1585 445 1836 500 significant,
1907 446 2037 488 alium

90 527 298 582 graviora.
357 527 484 569 Nunc
513 525 600 581 jam
630 525 682 567 de
713 525 967 567 diastematis
998 524 1309 567 disserendum.

752 681 900 733 QUID
936 681 1026 724 SIT
1057 679 1369 723 DIASTEMA.

254 789 473 830 Diastema
511 798 573 830 est
606 788 720 830 vocis
756 787 964 843 spatium,
1014 801 1100 842 quo
1141 796 1264 828 acuta
1303 796 1343 829 et
1371 788 1541 843 gravior
1576 788 1818 830 includitur.
1880 788 1962 830 Sed
1992 791 2035 829 in
2070 791 2160 832 948

85 868 339 911 diastematis
383 870 581 912 breviora
620 870 713 921 illa,
759 884 871 925 quae
913 877 1009 909 sunt
1047 867 1090 908 iu
1126 866 1229 908 diesi
1269 869 1539 921 enarmonia3
1582 869 1748 923 majora
1788 884 1892 910 vero
1923 879 2038 920 sunt,

85 963 198 1004 quae
236 965 312 1005 per
350 951 536 1006 singulos
575 960 717 1006 tropos
756 950 820 991 bis
861 965 913 991 ex
944 949 1142 991 omnibus
1181 949 1364 1001 faciunt,
1409 964 1495 1004 quo
1526 950 1631 991 nihil
1666 951 1804 1005 majus
1835 952 1877 991 in
1907 951 2039 1006 tropis

83 1045 313 1085 possumus
346 1032 552 1072 invenire.
608 1031 750 1085 Atque
780 1030 823 1071 in
853 1029 992 1084 spatiis
1024 1028 1105 1069 alia
1134 1038 1232 1069 sunt
1256 1029 1509 1084 composita,
1554 1030 1634 1070 alia
1665 1029 1881 1084 disjuncta
1914 1040 2041 1086 atque
2070 1029 2162 1072 949

83 1111 315 1165 asyntheta.
373 1111 427 1151 Et
451 1111 681 1165 composita
707 1119 826 1160 sunt,
857 1124 970 1164 quae
1003 1124 1080 1164 per
1109 1108 1302 1150 ordinem
1335 1119 1536 1161 currunt3
1571 1111 1846 1166 incomposita
1877 1121 2037 1163 autem,

81 1204 194 1246 quae
232 1206 284 1231 ex
322 1190 499 1231 diversis
535 1190 615 1230 sibi
653 1190 836 1231 invicem
872 1190 1138 1244 copulantur.
1199 1188 1305 1229 Item
1347 1190 1426 1230 alia
1466 1191 1620 1245 logica,
1666 1192 1746 1232 alia
1791 1193 1909 1247 aloga
1943 1208 2036 1233 me-

79 1280 316 1313 morantur.
375 1271 437 1311 Ac
474 1270 741 1311 rationabilia
783 1270 856 1310 illa
893 1278 1011 1319 sunt,
1060 1283 1250 1323 quorum
1289 1285 1513 1312 consensus
1555 1286 1781 1327 possumus
1823 1283 2039 1329 praestare

79 1350 310 1402 rationen13
360 1348 683 1400 irrationabilia,
725 1348 882 1404 quibus
922 1363 1007 1389 non
1035 1350 1181 1390 subest
1217 1351 1336 1391 ratio.
1392 1351 1500 1392 Item
1532 1352 1612 1393 alia
1642 1352 1908 1404 cohibentia,
1959 1354 2041 1395 alia

80 1467 203 1501 Confer
228 1467 356 1499 omnino
379 1465 610 1500 Aristoxenum
638 1467 744 1512 ipsum
763 1466 870 1511 (elem.
888 1467 1031 1499 harmon.

82 1530 121 1569 1,
151 1541 181 1573 p.
203 1528 274 1573 16).

154 1590 422 1637 conjunctionem]
449 1591 637 1634 Legendum
669 1592 928 1624 communionem.
948 1591 1029 1625 Mm-

77 1658 151 1688 izom.
171 1655 213 1699 (p.
231 1656 305 1687 554
328 1667 356 1686 v.
374 1655 422 1698 6).

152 1717 330 1748 secundum
357 1714 492 1761 morem]
526 1715 710 1748 Boeckhius
742 1716 794 1760 (dc
820 1719 910 1748 metr.
935 1714 1030 1746 Pind.

76 1778 220 1824 p.251)=
237 1779 424 1812 »Praeterea
439 1780 502 1811 duo
520 1781 694 1812 afferuntur
708 1779 904 1823 melopoeiae
920 1778 1029 1810 discri-

76 1839 180 1880 mina,
203 1840 337 1872 alterum
359 1843 455 1873 moris
479 1838 654 1887 (ἤθους),
688 1841 822 1872 alterum
839 1841 1028 1882 systematis.

76 1902 168 1937 More
182 1901 330 1933 differunt
341 1903 535 1941 diastaltica,
551 1903 729 1944 systaltica,
744 1907 776 1933 et
785 1902 1025 1944 Izesyclzaslica.‹·

151 1964 318 2010 diastema]
347 1964 497 1997 Secunda
518 1965 569 1997 hic
590 1976 664 2009 pars
687 1965 886 1997 harmonicae
908 1964 1029 2008 incipit.

75 2025 272 2059 Aristoxeno
289 2027 341 2071 (1,
364 2039 394 2071 p.
412 2027 455 2058 15
473 2025 583 2069 meib.)
602 2032 651 2058 est
671 2026 776 2069 »quod
798 2026 922 2057 duobus
940 2026 1028 2057 sonis

74 2100 140 2122 non
161 2090 294 2122 eandem
315 2090 494 2121 tensionem
520 2086 655 2132 (τάόιν)
673 2089 864 2121 habentibus
885 2089 1018 2121 finitum«

73 2151 177 2185 Addit
193 2159 312 2185 autem:
339 2152 427 2185 »Sed
450 2152 632 2185 tensionum
657 2152 833 2184 differentia
857 2158 907 2184 est
926 2153 1026 2194 magis

75 2218 130 2246 aut
157 2213 262 2245 minus
283 2226 355 2246 esse
372 2219 526 2246 tcnsum.«
559 2213 689 2246 Euclidi
715 2213 758 2258 (p.
774 2215 791 2245 1
809 2213 920 2257 Meib.)
943 2214 1025 2246 »dia-

74 2281 175 2309 stema
202 2281 251 2308 est
275 2277 362 2320 quod
394 2277 575 2309 continetur
603 2277 729 2309 duobus
761 2277 850 2309 sonis
882 2277 1025 2310 acumine

74 2344 108 2371 et
134 2339 287 2381 gravitate
322 2339 569 2372 differentibus.‹«
614 2340 724 2384 Atque
747 2341 809 2373 hoc
834 2346 899 2381 est,
939 2341 1025 2385 quod

850 2401 1025 2434 Gaudentii

74 2463 118 2507 (p.
131 2462 168 2504 4)
196 2462 235 2494 de
261 2474 299 2495 eo
318 2463 415 2495 verba
438 2464 517 2495 haec
544 2469 631 2495 sunt:
660 2464 839 2497 »Diastema
860 2471 911 2497 est
938 2465 1025 2510 quod

74 2405 185 2432 noster
216 2401 355 2443 spatium
395 2400 549 2444 appellat,
590 2401 643 2433 alii
676 2408 798 2436 tonum.

73 2523 200 2555 duobus
218 2523 306 2555 sonis
333 2524 522 2556 continetur.
549 2523 596 2556 At
612 2525 742 2569 planum
758 2532 808 2558 est
823 2527 909 2570 quod
926 2539 1023 2559 sonos

74 2584 219 2616 tensione
239 2584 323 2616 inter
341 2597 375 2616 se
396 2585 520 2618 differre
544 2591 697 2631 oporteat.
724 2587 909 2621 Differentia
930 2588 1026 2631 igitur

1083 1465 1233 1498 acutioris
1256 1466 1296 1498 ad
1320 1466 1496 1508 graviorem
1518 1479 1647 1508 sonum,
1672 1473 1705 1500 et
1727 1469 1879 1510 gravioris
1906 1469 1944 1500 ad
1966 1481 2037 1501 acu-

1080 1529 1194 1562 tim-em
1216 1530 1339 1561 dicatur
1365 1530 1536 1561 diastema:
1555 1531 1636 1562 illud
1659 1537 1764 1563 autem
1787 1537 1883 1563 tonus
1909 1538 1966 1563 cst.
1994 1533 2038 1564 Et

1081 1596 1176 1624 tonus
1204 1593 1331 1637 quidem
1356 1599 1423 1624 tum
1446 1594 1641 1625 diastematis
1667 1595 1850 1636 magnitudo
1881 1602 1945 1634 est,
1969 1601 2037 1627 tum

1081 1660 1288 1697 systematum
1315 1654 1500 1686 differentia.
1545 1655 1584 1687 Si
1612 1655 1807 1687 diastematis
1839 1657 2036 1698 magnitudo,

1080 1715 1113 1748 in
1134 1717 1307 1749 hemitonia
1325 1723 1451 1749 secatur
1476 1723 1508 1748 et
1528 1717 1561 1749 in
1583 1717 1707 1750 diesim
1738 1719 1931 1760 Congruunt
1955 1721 2034 1752 haec

1081 1791 1152 1811 cum
1166 1779 1215 1820 iis,
1232 1791 1313 1822 quae
1327 1778 1527 1810 Censorinus
1538 1779 1582 1823 (d,
1593 1780 1622 1811 d.
1636 1786 1699 1811 nat.
1712 1781 1768 1821 10,
1784 1782 1805 1813 5
1820 1781 1922 1825 sequ.)
1932 1781 2038 1814 docet.

1155 1842 1189 1871 in
1210 1838 1428 1884 diastematis]
1456 1839 1528 1872 MS.
1553 1841 1768 1872 diastematis.-
1791 1842 1954 1884 eleganter
1976 1854 2035 1887 pro

1080 1901 1337 1940 diastematibus,
1361 1906 1397 1931 ut
1416 1900 1470 1931 lib.
1492 1901 1515 1931 2
1537 1912 1632 1944 supra
1655 1905 1806 1934 aromatis
1825 1915 1885 1947 pro
1910 1916 2033 1935 aroma-

1080 1963 1172 1994 tibus.
1184 1962 1345 1995 GnoT.-——
1376 1961 1486 2003 Vulgo
1512 1962 1595 1993 enim
1617 1963 1820 2002 diastemate,
1847 1964 1904 1996 sed
1927 1964 2035 1997 Grotii

1077 2023 1248 2055 lectionem
1266 2023 1404 2067 amplexi
1419 2034 1538 2063 sumus,
1559 2023 1632 2067 quia
1653 2035 1767 2055 sensus
1784 2025 1834 2057 hic
1851 2031 1914 2056 est:
1935 2027 2034 2058 »inter

1078 2087 1264 2118 diastemata
1295 2086 1517 2119 brevissimum
1547 2098 1619 2118 esse
1657 2088 1760 2119 diesin
1793 2091 2032 2129 enarmonium,

1078 2162 1160 2194 quae
1185 2155 1234 2182 est
1251 2156 1362 2194 quarta
1378 2161 1453 2194 pars
1475 2150 1542 2182 toni
1556 2149 1599 2194 (ἓ.
1610 2150 1707 2194 850),
1726 2151 1896 2183 maximum
1911 2153 2030 2184 disdia-

1075 2225 1194 2257 pason,
1223 2213 1310 2257 quod
1334 2213 1449 2245 Latine
1466 2213 1561 2245 vertit
1583 2215 1630 2245 bis
1648 2226 1689 2245 ex
1712 2216 1856 2246 omnibus
1874 2214 1915 2258 (ξ.
1930 2215 2026 2258 950).

1075 2276 1158 2308 Nam
1181 2275 1402 2320 comparativis
1425 2287 1483 2320 pro
1501 2277 1703 2321 superlativis
1722 2277 1769 2308 uti
1789 2277 1948 2309 Martiano
1963 2278 2027 2309 usi-

1076 2337 1267 2368 tatissimum
1287 2343 1336 2369 est
1351 2336 1392 2381 (ξ.
1408 2337 1455 2380 (3).
1482 2337 1632 2370 Ceterum
1654 2338 1687 2369 in
1705 2337 1814 2369 codice
1828 2338 2026 2371 Reichenau-

1076 2400 1145 2432 ensi
1169 2400 1295 2431 additur
1318 2401 1402 2439 alia,
1424 2412 1488 2444 quo
1509 2406 1615 2432 tamen
1639 2400 1751 2432 melius
1776 2412 1929 2432 caremus.

1148 2461 1319 2508 rationem]
1344 2462 1414 2494 Alii
1432 2468 1514 2495 teste
1543 2463 1657 2496 Grotio
1678 2463 1712 2494 in
1732 2463 1873 2506 margine
1894 2476 2024 2508 propor-

1075 2526 1210 2564 tionem,
1246 2525 1332 2569 quod
1359 2524 1516 2566 glossema
1540 2536 1613 2557 esse
1635 2524 1768 2556 videtur.
1804 2526 1855 2558 De
1883 2525 2021 2559 rationa-

1074 2587 1191 2621 bilibus
1214 2588 1286 2621 vide
1303 2586 1543 2622 Arithmeticam
1568 2586 1609 2632 (§.
1628 2586 1725 2631 776).
