2310 2860
55 468 143 512 5⁶26

176 127 266 170 452
297 131 309 145 ’

725 122 922 165 Martiani
962 120 1160 177 Capellae
1198 119 1269 161 lib.
1293 119 1348 162 V.
1386 121 1416 172 §.
1441 118 1540 161 526.

689 330 858 381 QUOT
895 326 1081 371 MODIS
1119 324 1258 369 FIAT
1295 323 1617 367 ELOCUTIO.

309 467 311 472 ’
341 464 555 507 Hactenus
585 461 638 504 de
672 462 977 504 sententiarum
1014 457 1180 513 figuris,
1220 470 1335 498 nunc
1367 456 1419 498 ad
1461 456 1750 497 elocutionum
1781 455 1937 512 figuras
1968 465 2126 499 transe-

177 561 311 589 aanS.

174 628 311 670 modis
351 640 401 667 ea
437 624 644 666 utendum
683 625 743 665 sit.

371 545 454 588 Sed
489 545 586 586 volo
629 544 816 585 breviter
853 555 1119 590 memorare,
1168 549 1274 594 quot
1311 554 1465 594 genera
1504 539 1584 579 sint
1626 538 1892 590 elocutionis,
1937 548 2127 594 quotque

817 624 891 665 Est
929 622 1056 677 igitur
1088 618 1307 660 familiaris
1337 620 1474 660 omnis
1504 620 1753 660 narrationis
1785 620 1948 674 generi,
1994 634 2125 674 quam

174 709 328 752 Graeci
358 713 557 762 εἰρομένην
584 710 692 754 λέξιν
723 704 957 761 appellant3
1003 716 1114 758 quae
1144 702 1201 742 ita
1233 702 1512 753 connectitur,
1549 711 1596 742 ut
1625 702 1889 757 superiorem
1924 702 2126 743 elocutio-

173 804 274 830 nem
311 804 480 845 semper
524 787 722 844 proxima
759 794 984 840 sequatur,
1031 792 1070 824 et
1113 782 1310 824 historiae
1349 783 1545 823 convenit
1585 791 1624 823 et·
1660 783 1912 834 narrationi,
1961 792 2001 823 et
2039 797 2124 823 non

177 884 432 912 conversum
478 883 619 923 neque
662 865 1034 921 circumscriptum
1077 862 1306 917 eloquendi
1351 876 1482 918 genus
1522 861 1750 914 desiderat,
1805 862 1878 903 sed
1922 861 2128 903 diffusum

176 960 303 1006 atque
345 951 619 1001 continuum,
661 958 709 989 ut
743 948 816 989 illa
851 955 947 988 sunt
991 945 1033 985 in
1076 943 1329 984 Miloniana:
1362 941 1545 994 ‚,occidi,
1592 941 1747 992 occidi,
1797 956 1882 982 non
1920 942 2126 998 Spurium

172 1031 404 1083 Maelium,
444 1030 562 1086 quod
594 1043 758 1070 annona
789 1025 970 1068 levanda
999 1025 1289 1080 jacturisquc“
1320 1034 1358 1065 et
1388 1033 1538 1065 cetera.
1597 1024 1671 1065 Est
1704 1024 1783 1064 alia
1809 1038 1942 1079 quam
1974 1025 2126 1066 Graeci

177 1117 361 1164 περίοδον
408 1111 639 1167 appellant,
698 1123 810 1164 quae
853 1107 1103 1148 sententiam
1148 1106 1333 1160 quadam
1381 1105 1769 1160 circumscriptione
1813 1104 1957 1145 definit
2001 1115 2128 1160 atquc

173 1193 448 1243 determinat3
487 1189 613 1244 quale
652 1197 713 1228 est
748 1188 791 1227 in
830 1186 1101 1228 Caeciniana:
1135 1187 1206 1238 „Si
1242 1196 1452 1242 quantum
1483 1188 1525 1227 in
1560 1187 1689 1242 agris,
1734 1186 1924 1242 locisque
1954 1186 2126 1227 desertis

177 1276 356 1319 audacia
399 1282 554 1330 potest,
601 1280 765 1313 tantum
804 1270 848 1310 in
890 1268 984 1310 foro
1028 1267 1282 1322 judiciisque
1319 1267 1585 1323 impudentia
1634 1267 1814 1317 valeret,
1862 1281 1948 1307 non
1986 1267 2128 1306 minus

172 1433 254 1465 alios
279 1431 505 1464 transmutatio
533 1429 671 1462 scribere
692 1427 826 1461 Grotius
848 1428 883 1460 in
905 1428 1045 1470 margine
1070 1437 1128 1458 no-

174 1496 263 1530 tavit.

249 1557 453 1605 εἰρομένην
477 1555 599 1602 λέξιν]
626 1556 753 1590 Vitiose
778 1556 871 1589 Mart.
889 1555 1023 1599 Capella
1048 1552 1127 1590 ἐπί,-

173 1633 297 1665 μονον
323 1619 449 1662 λέξινς
482 1620 569 1663 quod
594 1625 699 1650 tamen
725 1618 768 1648 ita
793 1616 912 1660 placuit
934 1617 978 1647 Η.
1001 1615 1127 1655 Groti0‚

171 1690 210 1716 ut
234 1685 267 1716 in
288 1683 409 1727 Aquila
437 1682 563 1714 restitui
593 1682 698 1712 vellet.
735 1680 802 1712 Sed
828 1680 875 1710 tir
898 1679 1053 1710 maximus
1073 1678 1128 1709 illa

174 1745 330 1785 aetatula,
358 1757 420 1787 qua
444 1745 521 1775 haec
540 1743 714 1782 scribebat,
746 1741 887 1773 nondum
910 1741 1031 1782 legerat
1052 1739 1126 1771 Ari-

173 1808 322 1841 stotelem
343 1808 476 1839 Rhetor.
499 1806 564 1845 III,
591 1807 631 1845 93
663 1818 693 1849 p.
719 1806 804 1844 1503
835 1804 890 1847 qui
914 1815 995 1847 qnae
1021 1803 1062 1834 sit
1082 1802 1126 1837 εἰ-

172 1869 314 1917 ρομένη
344 1867 467 1910 λέξις,
498 1868 644 1911 pluribus
673 1866 774 1898 docet.
813 1866 942 1896 Runa.
961 1865 1015 1909 (ad
1038 1864 1127 1908 Aqu.

170 1945 202 1976 p.
222 1932 314 1974 158).
330 1949 378 1954 —
409 1929 558 1973 Dionysii
586 1928 680 1960 ctiam
704 1926 999 1959 Halicarnassensis
1024 1926 1057 1957 in
1075 1926 1126 1968 ju-

171 1994 255 2026 dicio
276 1994 315 2025 de
339 1991 527 2035 Thucydide
553 1991 619 2033 (11,
645 2003 675 2033 p.
700 1990 770 2020 140
796 1988 905 2032 Sylb.)
930 1988 1026 2020 verba
1049 1989 1128 2019 haec

170 2055 363 2088 conferenda
389 2059 480 2084 suut:
503 2049 601 2097 »χρή
631 2049 672 2085 δὲ
697 2048 770 2095 τὴν
792 2047 986 2096 ἱστορικὴν
1008 2059 1127 2095 πραγ-

170 2117 334 2164 ματείαν
359 2114 559 2163 εἰρομένην
587 2112 651 2148 καὶ
682 2111 974 2159 ἀπερίσπαστον
998 2109 1126 2148 egram

171 2183 325 2216 Ceterum
344 2192 409 2212 non
426 2178 510 2222 apud
525 2179 718 2210 Martianum
737 2177 869 2208 vitiosus
888 2178 938 2208 hic
957 2177 1048 2208 locus
1067 2182 1127 2218 est,

172 2245 231 2276 sed
249 2243 334 2287 apud
353 2253 410 2273 eos
427 2240 481 2283 qni
500 2245 644 2271 nostrum
668 2239 842 2269 ediderunt.
864 2238 1127 2270 Darmstattcnsis

173 2307 257 2338 enim
279 2305 381 2337 codex
398 2300 638 2334 EPIMONEN
665 2300 819 2339 LEXIN,
848 2301 931 2331 unde
951 2301 1127 2344 corruptio-

171 2369 224 2401 nis
247 2379 341 2399 causa
367 2368 512 2409 apparet,
546 2362 695 2394 videlicet
719 2361 865 2392 librarios
890 2362 1030 2394 Graecas
1057 2363 1127 2394 lite-

172 2442 226 2462 ras
251 2440 308 2473 pro
338 2426 462 2459 Latinis
490 2424 625 2466 legisse3
659 2435 763 2465 neque
793 2434 947 2466 reponere
971 2423 1127 2466 dubitati,

173 2493 261 2539 quod
281 2491 372 2524 unice
397 2495 520 2522 rectum
539 2500 612 2520 esse
636 2486 740 2530 quivis
762 2487 925 2518 concedet.

249 2554 335 2602 quod
352 2549 514 2596 annonae]
541 2550 645 2592 Legez
667 2547 741 2592 »qui
764 2559 889 2581 annona
911 2549 1044 2582 levanda
1060 2550 1126 2593 jac-

1179 1425 1341 1470 turisque«
1367 1431 1425 1458 cet.
1445 1425 1610 1457 GnoT.-
1636 1424 1687 1456 Ita
1714 1425 1798 1457 euim
1829 1424 1913 1468 apud
1941 1424 2130 1457 Ciceronem

1180 1488 1249 1531 (pro
1276 1487 1344 1520 Mil.
1367 1488 1429 1531 27)
1452 1486 1668 1530 Aquilamque
1695 1486 1743 1530 (p.
1765 1486 1854 1529 159)
1879 1486 2032 1528 legimus3
2073 1487 2128 1518 sed

1178 1549 1371 1582 Martianum
1394 1560 1523 1592 quoque
1545 1548 1590 1579 sic
1615 1547 1732 1589 legisse
1758 1547 1830 1590 quis
1853 1548 2017 1590 praestet?

1254 1609 1558 1655 circumscriptione]
1588 1610 1702 1642 Cicero
1731 1611 1821 1653 (orat.
1848 1610 1930 1652 θυι
1959 1615 2046 1641 -toto
2072 1609 2128 1641 illo

1179 1675 1328 1714 circuitu,
1352 1685 1446 1717 quem
1463 1673 1580 1705 Graeci
1595 1671 1789 1719 περίοδον,
1807 1684 1866 1704 nos
1883 1679 1950 1704 tum
1966 1675 2130 1711 atnbitum,

1178 1742 1245 1767 tum
1275 1737 1462 1774 circuitum,
1491 1740 1558 1765 tum
1591 1735 1917 1777 comprehensionem,
1950 1740 2005 1766 aut
2032 1737 2128 1767 conti-

1179 1799 1378 1835 nuationem,
1408 1802 1461 1827 aut
1480 1798 1803 1839 circumscriptionem
1821 1795 1964 1827 dicimus.
1973 1810 1984 1824 (ι
2007 1796 2129 1840 Quinc-

1178 1861 1307 1892 tilianus
1333 1871 1462 1903 quoque
1491 1859 1551 1903 (9,
1576 1859 1618 1899 4,
1643 1859 1709 1898 223
1736 1872 1765 1902 p.
1784 1860 1857 1891 556
1882 1858 2013 1903 Spald.)
2037 1859 2071 1891 in
2094 1872 2131 1891 ca

1178 1921 1415 1965 interpretanda
1438 1920 1577 1959 laborat,
1605 1920 1681 1951 dum
1712 1919 1779 1951 »vel
1804 1921 1971 1961 ambitum,
1996 1921 2048 1953 vel
2071 1923 2129 1953 cir-

1180 1984 1401 2021 cumductum,
1426 1981 1478 2013 vel
1494 1982 1765 2013 continuationem
1770 2004 1783 2020 ,
1806 1981 1857 2013 vel
1873 1983 2120 2014 corwlusionemu

1179 2046 1328 2090 appellat.
1353 2045 1472 2076 Rufino
1497 2045 1550 2088 (de
1572 2056 1710 2088 compos.
1732 2057 1764 2088 p.
1780 2046 1854 2077 517
1875 2045 1973 2087 Pith.)
1993 2047 2138 2087 compr&

1179 2112 1290 2143 hensio
1307 2113 1374 2149 cst3
1400 2107 1531 2151 Aquila,
1555 2120 1650 2152 quem
1672 2114 1782 2140 noster
1801 2113 1873 2139 ante
1894 2107 2004 2139 oculos
2020 2106 2130 2138 habuit

1180 2170 1335 2215 (p.139):
1360 2169 1438 2200 nalia
1460 2174 1583 2200 autem«
1606 2169 1710 2212 inquit
1728 2180 1826 2212 »quae
1851 2179 1891 2198 ex
1916 2168 2036 2199 ambitu
2054 2180 2128 2200 con-

1180 2238 1258 2272 stat,
1292 2243 1386 2274 quem
1415 2231 1567 2262 ambitum
1595 2228 1711 2261 Graeci
1737 2226 1921 2273 περίοδον
1952 2229 2128 2273 appellant3

1179 2301 1230 2328 est
1252 2299 1357 2325 autem
1373 2305 1409 2325 ea
1425 2305 1507 2337 quae
1529 2291 1734 2323 seutentiam«
1755 2296 1787 2321 et
1809 2290 1855 2322 sie
1874 2302 1969 2334 porro
1990 2297 2026 2322 ut
2045 2292 2128 2325 Mar-

1182 2359 1296 2397 tianus,
1320 2356 1374 2400 qui
1391 2362 1422 2388 et
1437 2355 1583 2398 exemplo
1604 2354 1717 2386 eodem
1738 2354 1808 2397 (pro
1823 2354 1951 2386 Caecin.
1967 2354 2001 2398 1)
2021 2355 2129 2387 utitur.

1253 2423 1289 2453 in
1315 2418 1421 2464 aqris]
1450 2419 1506 2451 Sic
1537 2423 1569 2449 et
1597 2417 1835 2460 Quinctilianus
1857 2418 1910 2462 (9,
1935 2420 1976 2460 5,
1997 2419 2063 2460 803
2099 2431 2129 2464 p.

1179 2485 1250 2518 305
1269 2482 1394 2528 Spald.)
1416 2487 1448 2513 et
1469 2480 1607 2525 Aquila3
1633 2481 1717 2526 apud
1739 2481 1929 2515 Ciceronem
1952 2493 2039 2516 nunc
2060 2483 2128 2528 qui-

1178 2548 1250 2582 dem
1276 2546 1393 2590 legitur
1416 2547 1451 2579 in
1473 2556 1560 2589 aqro.
