2310 2860
715 163 916 204 Martiani
948 162 1148 220 Capellae
1177 163 1248 204 lib.
1269 163 1386 205 VIII.
1419 166 1448 216 ᾗ.
1477 165 1576 207 859.

2041 167 2127 208 657

165 278 343 326 occupat
375 270 555 323 Librae3
600 271 722 324 cujus
756 270 1022 326 superiorem
1061 279 1226 325 partem
1266 269 1394 326 pedes
1424 271 1609 325 Virginis
1641 282 1871 329 occupant,
1913 273 2123 328 majorem

162 366 269 393 vero
301 352 521 407 Scorpius,
560 350 744 404 denique
776 350 950 402 Chelas,
990 364 1121 405 quam
1156 351 1334 391 Libram
1365 350 1568 402 dicimus,
1600 352 1776 406 quidam
1808 352 1955 393 dixere
1991 353 2126 407 Graji.

163 432 332 473 Horum
361 447 459 487 ergo
490 432 708 487 signorum
741 431 981 477 duodecim*
1000 429 1196 482 nomina,
1228 430 1344 486 quod
1376 431 1508 486 vulgo
1539 440 1638 472 nota
1668 442 1786 484 sunt,
1819 433 2124 487 praetermitto.

280 638 450 688 QUOD
492 637 760 680 DIVERSIS
802 636 1071 678 CIRCULIS
1103 637 1592 679 DISTRIBUANTUR
1623 638 2011 689 QUORUNDAM

846 729 1069 770 PARTES
1116 730 1441 771 SIGNORUM.

331 851 521 907 Intelligo
552 850 710 892 ordinis
742 849 824 890 hoc
854 849 1006 899 fuisso,
1040 858 1088 889 ut
1116 863 1203 902 quo
1235 849 1396 890 circulo
1429 851 1618 906 spatiove
1652 866 1762 906 quae
1793 853 1909 908 signa
1941 854 2021 895 sint
2051 854 2127 895 de-
2156 852 2249 895 840

161 940 466 985 monstrarein3
507 932 580 972 sed
615 942 654 972 et
685 946 883 986 magnam
913 939 1077 986 partem
1122 929 1414 971 adstructionis
1458 933 1645 986 exquirit
1685 942 1828 974 contra
1861 934 2127 989 propositum

161 1009 400 1062 brevitatis,
455 1021 494 1051 et
528 1010 644 1064 quod
685 1011 950 1052 mediatenus
987 1010 1161 1050 tertiave
1206 1021 1325 1066 parte
1372 1012 1584 1066 quaedam
1630 1013 1746 1068 signa
1786 1012 1926 1054 defixa
1959 1013 2128 1055 circulis

161 1090 337 1132 diversis
362 1107 440 1132 sua
464 1093 660 1132 membra
687 1092 946 1148 discerpant,
978 1092 1088 1132 hanc
1121 1092 1349 1133 obscuram
1381 1093 1602 1147 caliginem
1630 1093 1896 1148 derelinquo.
1939 1095 2129 1151 Quippe,

158 1179 207 1210 ut
237 1180 374 1212 cetera
406 1181 694 1223 transeamus,
739 1187 893 1213 manus
934 1173 1108 1214 interior
1146 1174 1318 1215 Arcturi
1358 1175 1466 1215 intra
1505 1175 1876 1230 septentrionalem
1917 1176 2129 1217 circulum

157 1253 351 1306 ponitur,
382 1254 692 1308 reliquumque
724 1270 879 1310 corpus
910 1256 1019 1311 parti
1045 1255 1163 1296 alteri
1194 1255 1447 1311 deputatur,
1489 1256 1649 1312 Cephei
1673 1271 1828 1312 corpus
1859 1256 2127 1298 mediatenus

158 1333 493 1388 septentrionali,
542 1334 714 1376 thorace
752 1336 903 1390 partito
952 1346 991 1377 et
1033 1336 1210 1379 diversis
1250 1338 1417 1378 circulis
1468 1338 1690 1390 attribut03
1748 1337 1878 1379 Nisus
1930 1353 2033 1379 vero
2071 1339 2128 1378 si-

157 1486 190 1513 et
211 1480 395 1512 Macrobius
418 1480 593 1525 (Saturnal.
615 1483 651 1521 1,
674 1482 719 1513 21
746 1481 794 1524 s.):
819 1481 994 1525 »Scorpius
1017 1487 1116 1523 totus,

155 1543 190 1574 in
219 1554 283 1586 quo
315 1543 413 1574 Libra
449 1549 523 1575 est.«
575 1544 675 1575 Plura
707 1544 829 1575 dabunt
857 1545 1048 1587 interpretes
1077 1545 1117 1576 ad

156 1604 284 1646 Virgilii
309 1605 415 1636 locum
441 1605 561 1648 (georg.
582 1607 618 1646 1,
645 1604 722 1648 55)=

213 1666 306 1709 »Qua
322 1668 410 1698 Iocus
428 1668 596 1711 Erigonen
614 1669 699 1699 inter
711 1667 891 1714 Chelasque
907 1669 1108 1715 sequenteis«

154 1730 297 1774 inprimis
331 1730 481 1772 Servius,
517 1732 609 1773 cujus
645 1733 723 1764 haee
750 1737 826 1763 nota
855 1737 919 1763 est:
943 1731 1117 1777 »Aegyptii

155 1793 323 1832 duodecim
350 1807 422 1826 esse
455 1800 604 1826 asserunt
635 1795 743 1836 signa-3
771 1795 928 1828 Chaldaei
956 1808 1033 1827 vero
1057 1808 1116 1828 un-

156 1858 274 1898 decim,
300 1870 372 1889 nam
395 1858 565 1902 Scorpium
587 1864 619 1889 et
640 1859 771 1890 Libram
794 1871 893 1890 unum
915 1859 1040 1900 signum
1063 1872 1113 1892 ae-

155 1919 295 1963 cipiunt3
324 1920 432 1951 chelae
451 1920 535 1952 enim
557 1919 684 1962 Seorpii
701 1920 832 1951 Libram
851 1920 981 1952 faciunt.
1012 1921 1113 1952 Iidem

156 1981 312 2015 Chaldaei
342 1981 456 2013 volunt
488 1981 639 2024 aequales
669 1993 740 2012 esse
771 1986 879 2025 partes
907 1982 941 2013 in
967 1982 1113 2013 omnibus

155 2043 272 2085 signis,
299 2044 356 2074 sed
387 2055 444 2087 pro
473 2042 624 2086 qualitate
652 2042 702 2073 sui
726 2042 813 2074 aliud
842 2043 968 2085 signum
991 2043 1113 2085 viginti,

156 2107 242 2139 aliud
266 2107 475 2150 quadraginta
508 2107 642 2147 haberet,
676 2105 954 2151 quum-Aegyptii
976 2107 1113 2139 tricenas

156 2180 227 2200 csse
254 2175 361 2213 partes
392 2169 425 2200 in
456 2169 603 2200 omnibus
623 2169 731 2200 velint.
774 2168 873 2201 Modo
899 2181 975 2211 ergo
1000 2181 1111 2201 sccun-

157 2231 232 2262 dum
255 2231 437 2263 Chaldaeos
461 2231 588 2262 locutus
614 2236 679 2271 est,
707 2230 817 2263 (licens
842 2243 939 2275 posse
960 2244 1032 2264 eum
1057 2233 1110 2262 ha-

157 2293 233 2323 here
256 2292 362 2323 locum
385 2292 467 2323 inter
490 2292 661 2336 Scorpium
686 2298 718 2325 ct
739 2293 923 2336 Virginem.
941 2293 1025 2327 Nam
1040 2293 1112 2325 Eri-

158 2366 240 2397 gone
264 2354 335 2397 ipsa
358 2360 408 2384 est
436 2354 564 2395 Virgo«

231 2417 317 2464 quod
338 2417 473 2448 diuersis
493 2417 633 2463 circulis]
660 2419 733 2451 Hae
757 2419 797 2452 de
820 2430 856 2451 re
879 2425 1024 2453 accurate
1048 2419 1113 2462 egit

156 2479 521 2522 Pseudo-Hipparchus
557 2479 617 2523 (ad
650 2478 787 2513 Aratum
815 2494 847 2526 p.
869 2482 942 2514 257
964 2482 1113 2526 Petav.):

159 2538 300 2575 λοιπὸν
333 2539 571 2584 μεταβατέον
608 2538 673 2575 ἐπὶ
697 2540 792 2583 τοὺς
819 2542 1034 2588 τέμνοντας
1055 2539 1115 2579 κύ-

160 2603 282 2643 κλους
304 2599 368 2637 καὶ
384 2598 433 2637 ‘cic
450 2598 662 2647 τεμνόμενα
677 2600 745 2638 ὑπ’
765 2602 899 2640 αὐτῶν
914 2604 1036 2646 §ceam
1054 2612 1113 2640 etc.

1243 1480 1365 1526 defixa]
1392 1482 1458 1513 Pro
1485 1482 1599 1524 defixis
1626 1483 1686 1513 hoc
1712 1481 1873 1513 Bondami
1894 1480 1940 1525 (in
1964 1492 2030 1513 var.
2051 1479 2126 1513 lect.

1166 1555 1197 1586 p.
1223 1544 1285 1583 GO)
1312 1544 1414 1575 codex
1445 1544 1607 1587 praebuit,
1640 1555 1657 1575 e
1689 1555 1753 1586 quo
1781 1543 1877 1574 etiam
1910 1541 2035 1575 correxi
2061 1542 2124 1575 clis-

1167 1611 1299 1647 erepant
1318 1605 1351 1636 in
1380 1605 1473 1636 editis
1501 1605 1674 1636 substituto
1701 1606 1892 1648 discen-Jmnt.

1241 1668 1360 1711 Cephei
1381 1667 1509 1713 eorpus]
1537 1669 1612 1701 Vox
1628 1669 1873 1712 septentrionali
1890 1668 1981 1700 deest
1998 1667 2032 1698 in
2050 1666 2124 1700 MS.

1166 1736 1199 1762 et
1222 1732 1354 1773 merito,
1382 1738 1431 1764 est
1452 1732 1536 1764 enim
1562 1732 1613 1764 hie
1639 1728 1925 1779 ἁπροςὸιονύόη
1952 1738 1984 1763 et
2007 1743 2047 1762 cx
2073 1742 2125 1762 sn-

1164 1795 1344 1839 perietibus
1365 1801 1419 1826 aut
1439 1796 1709 1839 subsequentibus
1731 1796 1838 1840 inepte
1860 1795 2004 1839 repetita.
2020 1794 2123 1827 Gnor.

1165 1866 1213 1881 ——‘
1235 1843 1500 1900 Inter-punctione
1525 1863 1645 1889 mutata
1679 1857 1835 1899 integram
1866 1857 1989 1888 servavi
2015 1856 2124 1899 vulga-

1164 1919 1228 1949 tam
1254 1918 1442 1960 lectionem,
1477 1932 1571 1963 quam
1605 1931 1671 1951 non
1696 1919 1792 1950 modo
1826 1919 2013 1950 Bondamus
2045 1918 2122 1962 (var.

1163 1984 1236 2016 leet.
1267 1997 1297 2027 p.
1321 1986 1379 2017 (30.
1405 1983 1473 2028 ssl)
1502 1985 1694 2027 conjecturis
1727 1984 1876 2025 tentavit,
1913 1984 1970 2015 sed
2002 1983 2122 2015 librarii

1164 2060 1293 2090 quoque
1316 2049 1402 2079 varie
1418 2049 1666 2091 interpolamnt3
1695 2048 1851 2091 siquidem
1875 2048 2002 2079 codices
2026 2049 2122 2080 etiam

1162 2109 1324 2140 Bondami
1349 2114 1381 2140 et
1414 2109 1846 2141 Ettenheimmiinsteriensis
1872 2110 2022 2141 omittunt
2051 2122 2118 2153 sep-

1163 2174 1370 2212 tentrionali,
1400 2173 1608 2205 Monacensis
1633 2173 1691 2217 (D)
1713 2179 1817 2205 autem
1840 2173 1924 2205 inter
1946 2175 2066 2217 partito
2087 2178 2120 2204 et

1163 2235 1298 2267 diversis
1335 2234 1448 2266 inserit
1482 2241 1586 2267 cetero
1621 2241 1696 2266 toto.
1743 2235 1818 2266 Jam
1851 2247 1926 2266 vero
1958 2234 2117 2275 intelliges

1162 2298 1268 2330 omnia
1298 2304 1385 2330 reete
1414 2299 1604 2342 procedere,
1642 2299 1738 2330 modo
1770 2298 1936 2341 suppleas:
1976 2297 2118 2341 »Cephei

1162 2370 1279 2408 corpus
1303 2360 1503 2391 mediatenus
1530 2359 1791 2404 septentrionali«
1820 2359 1886 2390 scil.
1912 2359 1994 2402 parti
2018 2360 2117 2404 depu-

1162 2407 1266 2456 tatur:
1285 2423 1437 2455 Ceterum
1455 2425 1564 2456 confer
1582 2423 1948 2466 Pseudo-Hipparchum
1963 2423 2006 2467 (p.
2018 2424 2118 2467 258)=

1164 2483 1185 2520 ὸ
1203 2483 1273 2529 μὲν
1295 2476 1368 2519 οὖν
1386 2481 1564 2530 ἀρκτικὸς
1582 2481 1723 2523 κύκλος
1743 2482 1871 2527 τέμνει
1890 2480 2011 2523 §chata
2033 2482 2115 2530 δύο,

1164 2543 1330 2583 Βοώτου
1357 2546 1477 2591 μέσον
1502 2545 1660 2594 ἀγκῶνα
1683 2544 1747 2581 καὶ
1774 2545 1947 2594 Κηφέως
1975 2545 2114 2596 στήθη,

1165 2606 1237 2645 οὐκ
1261 2609 1386 2656 εἴρηκε
1411 2607 1453 2646 δὲ
1476 2609 1566 2656 περὶ
1589 2604 1733 2644 τούτου
1748 2605 1915 2656 Ἄρατος.

1661 2673 1708 2704 85
