2310 2860
165 181 223 210 oc)

167 207 224 221 ,Α

769 176 970 218 Martiani
1009 174 1210 232 Capellae
1248 174 1321 216 lib.
1344 173 1375 215 I.
1413 176 1444 225 ᾗ.
1468 172 1516 216 5.

170 288 291 337 terat,
331 285 669 341 praesertimque
709 284 828 340 quod
864 283 1072 340 palaestra
1110 279 1359 334 crebrisque
1403 278 1663 322 discursibus
1695 281 1934 322 exercitum
1968 293 2126 337 corpus

167 366 378 409 lacertosis
408 367 449 406 in
479 364 688 418 juvenalis
718 365 882 406 roboris
914 362 1207 405 excellentiam
1238 360 1338 402 toris
1368 359 1481 402 virili
1513 361 1703 414 quadam
1742 360 2021 417 amplitudine
2056 377 2128 403 re-

167 446 349 488 uidebat.

169 587 349 620 Zodiaclea.
376 585 534 619 zodiacus
559 587 643 618 enim
661 587 729 630 jam
752 595 801 620 est
827 589 1017 632 adjectivum
1041 588 1126 637 (ζω-

169 647 310 692 διακὸς,
338 646 375 694 ἡ,
397 646 453 683 ὸν.
499 651 640 682 Maneth.
661 652 778 695 apotel.
800 653 841 692 4,
878 650 961 698 168)
989 664 1126 696 quapro-

168 719 240 758 pter
264 713 302 743 ab
327 724 365 743 eo
392 712 478 743 aliud
501 713 694 755 adjectivum
720 715 847 746 formari
872 716 992 759 nequit.
1042 716 1125 748 Mar-

168 775 273 805 tianus
294 785 402 805 veram
425 774 585 806 scribendi
608 775 763 806 rationem
781 777 865 807 haud
886 776 1037 816 ignorans
1057 776 1126 807 aliis

169 836 250 868 locis
275 847 402 879 semper
424 841 510 867 reete
536 836 719 868 »zodiacum
743 842 878 868 tractum
906 836 946 882 (ἓ.
966 835 1046 882 M),
1074 848 1126 869 zo-

172 897 297 929 diacum
322 897 445 940 cyclum
472 896 518 941 (ξ.
538 897 650 941 824),
681 898 811 930 zodiaca
837 899 975 942 hospitia
1003 898 1043 943 (ᾗ.
1067 898 1122 943 8)υ

170 960 297 992 scribit:
325 972 487 1003 quumque
506 960 613 992 critica
636 973 687 991 ars
702 961 817 1002 jubeat
842 973 859 992 e
883 961 1037 1004 scriptore
1057 961 1127 1004 ipso

170 1024 240 1065 ejus
262 1023 314 1054 vel
334 1023 535 1054 librariorum
554 1029 656 1054 errata
681 1025 855 1066 corrigere,
882 1025 966 1056 haud
988 1024 1129 1056 dubitaxi

169 1087 311 1118 Zodiaca
337 1098 510 1129 reponere,
555 1087 699 1130 quamvis
734 1088 761 1118 si
791 1100 918 1131 semper
945 1088 1127 1120 zodiacteus

171 1150 323 1193 seriptum
348 1155 453 1187 essct,
486 1151 547 1181 hoc
573 1162 644 1181 cum
666 1151 755 1182 Flori
780 1150 835 1194 (2,
865 1149 922 1196 9),
954 1150 1128 1182 Frontonis

170 1210 227 1254 (II.
251 1223 281 1255 p.
301 1211 376 1242 540
396 1208 505 1255 maji),
533 1210 655 1252 Solini,
681 1211 816 1252 Isidori,
843 1213 977 1243 aliorum
1000 1212 1128 1244 serioris

172 1274 241 1306 aevi
262 1274 452 1317 scriptorum
468 1273 646 1316 Syriaticus
670 1287 854 1319 comparare
877 1276 996 1308 liceret.
1024 1276 1128 1308 Paulo

170 1343 245 1382 post
266 1349 325 1381 pro
347 1338 507 1369 salutm-at
528 1338 691 1369 meliorem
711 1339 880 1371 lectionem
900 1341 1056 1372 salutm-et
1080 1352 1128 1372 re-

171 1401 242 1445 cepi
271 1412 287 1431 c
310 1401 577 1440 Darmstattensi,
624 1401 851 1445 Vossianoquc
880 1401 1017 1447 (Arntz.
1040 1403 1130 1435 misc.

171 1459 310 1506 p.'198)
338 1466 369 1492 et
392 1461 456 1491 illis
476 1461 657 1500 codicibus,
687 1474 704 1493 e
729 1463 845 1505 quibus
873 1464 1031 1494 variantes
1055 1475 1129 1494 suas

172 1523 212 1553 ad
234 1522 308 1553 libri
323 1522 603 1563 Not-imbergensis
627 1523 803 1564 marginem
825 1524 988 1555 annotavit
1010 1535 1130 1567 anony-

171 1597 242 1618 mus
269 1585 406 1628 quidam.

246 1645 431 1692 Pleiadum]
455 1644 653 1692 Πληϊάὸες
673 1647 799 1680 Graeco
822 1649 950 1680 nmnine
968 1649 1130 1693 appellan-

172 1717 234 1743 tur.
279 1711 424 1742 Isidorus
453 1709 594 1755 (etymol.
619 1712 653 1751 5,
683 1713 741 1751 71,
777 1714 830 1744 15.
855 1726 885 1756 p.
906 1713 977 1744 162
1000 1710 1132 1757 Arev.):

180 1788 191 1802 η
200 1785 216 1804 a
229 1772 411 1816 pluralitate
422 1771 534 1811 dictae,
557 1771 631 1815 quia
646 1772 861 1815 pluralitatem
874 1774 990 1806 Graeci
1004 1770 1132 1808 πλειό-

173 1846 271 1880 ῖγ)τιε
298 1836 469 1879 appellant
525 1833 611 1866 Sunt
637 1841 742 1867 autem
769 1837 881 1868 stellae
910 1843 1033 1881 septem
1060 1843 1133 1869 ante

175 1910 278 1939 genua
307 1898 422 1938 Tauri,
459 1909 499 1929 ex
524 1898 640 1941 quibus
675 1910 732 1930 sex
763 1900 928 1931 videntur:
955 1912 1029 1932 nam
1056 1900 1135 1932 latet

175 1973 247 1993 una.
288 1961 358 1993 llas
376 1961 484 1993 Latini
506 1961 668 2004 Vergilias
693 1963 819 2004 dieunt,
858 1977 876 1995 a
896 1965 1050 2008 temporis
1072 1964 1133 2006 sig-

175 2023 375 2063 nificatione,
399 2023 487 2067 quod
511 2029 561 2055 est
585 2036 656 2064 ver,
677 2025 805 2068 quando
829 2027 1025 2058 exoriuntur.
1052 2026 1134 2058 Nam

178 2095 296 2115 occasu
320 2097 378 2116 suo
401 2085 553 2126 hiemem,
594 2091 666 2117 ortu
698 2092 850 2119 aestatem
875 2088 1059 2131 primaeque
1082 2100 1136 2119 na-

178 2147 346 2189 vigationis
385 2154 511 2193 tempus
545 2150 749 2182 ostendunt«
818 2151 1030 2183 Transierunt
1056 2153 1135 2184 haee

179 2219 196 2240 e
219 2209 374 2241 Romanis
400 2210 433 2241 in
460 2210 651 2244 Germanica
687 2212 866 2244 calendaria
895 2225 931 2245 ea
964 2226 1045 2258 quae
1069 2216 1135 2246 Ra-

179 2273 399 2304 nenkalender
421 2274 599 2317 appellant,
627 2287 826 2320 quorumque
845 2277 1065 2321 antiquitatem
1079 2278 1134 2310 im—

179 2337 274 2380 periti
294 2336 388 2368 nimis
411 2338 587 2378 extollunt,
615 2339 772 2382 siquidem
799 2353 840 2372 ne
863 2341 1043 2373 discernere
1068 2341 1136 2385 qui-

180 2399 252 2430 dem
276 2404 413 2443 possunt
438 2398 545 2430 literas
569 2399 723 2432 Gothicas
749 2414 766 2433 a
790 2402 914 2442 nimis,
941 2403 974 2434 id
998 2403 1084 2447 quod
1106 2409 1138 2435 et

181 2457 415 2501 Sheringhamo
440 2460 486 2504 (p.
504 2461 588 2492 217.
614 2462 696 2493 251.
725 2463 808 2494 257.
836 2465 919 2496 258.
947 2465 1030 2497 245.
1053 2465 1136 2497 244.

182 2521 255 2552 283
275 2539 320 2546 —
337 2521 421 2553 287.
451 2522 534 2553 545.
556 2521 644 2566 558)
672 2523 748 2554 vitio
785 2525 945 2556 vertimus.

185 2589 289 2617 autem
315 2585 500 2617 Pleiadibus
521 2585 712 2628 assignando
736 2588 858 2620 variant
881 2595 1027 2622 auctores
1045 2589 1136 2637 (Gel-

995 2526 1033 2557 ln
1064 2527 1135 2560 loco

415 445 477 485 Ac
513 444 602 498 jam
641 445 848 501 pubentes
887 460 1018 501 genae
1059 441 1338 485 seminudum
1381 455 1480 481 eum
1532 440 1749 494 incedere,
1809 441 2129 498 chlamydeque

1178 589 1240 622 lius
1273 589 1330 629 15,
1360 584 1408 633 9).
1453 586 1612 619 Geminus
1646 585 1692 633 (in
1716 593 1878 631 apparent.
1903 600 1929 620 e.
1954 586 1988 619 2.
2014 599 2046 631 p.
2067 585 2130 632 45)

1177 652 1329 684 Pleiades
1344 662 1416 683 esse
1430 650 1526 683 docet
1540 662 1597 682 sex
1613 650 1724 682 stellas
1742 650 1775 681 in
1790 651 1881 682 dorso
1890 651 1999 691 Tauri,
2016 659 2132 693 nempe

1177 713 1210 744 in
1233 713 1328 754 gibbo
1359 710 1408 756 (v.
1430 712 1522 752 imag.
1550 711 1584 741 in
1609 710 1729 754 Hygia.
1755 716 1829 741 astr.
1857 712 1900 750 5,
1927 711 1976 743 20
2005 724 2036 755 p.
2058 710 2132 743 459

1177 772 1339 819 Munek.),
1367 774 1399 804 in
1420 774 1524 805 fronte
1544 779 1650 804 autem
1668 774 1810 817 quinque
1827 773 1982 805 nominari
1990 774 2133 817 Hyades.

1178 836 1274 869 Adde
1299 835 1536 879 Apollodorum
1567 834 1629 878 (5,
1657 835 1701 875 4,
1735 832 1791 880 5).

1180 904 1240 938 est,
1262 898 1301 928 de
1324 896 1428 937 Maja,
1454 895 1607 927 Mercurii
1631 901 1743 936 matre,
1769 902 1880 928 noster
1900 896 1982 928 infra
2007 895 2056 942 (ἓ.
2076 897 2134 930 52.

1182 959 1266 1006 180)
1297 960 1411 990 iterum
1436 959 1510 1001 agit.

1254 1019 1432 1065 lacertosis]
1467 1020 1596 1052 Lacerti
1617 1020 1789 1052 eminentia
1818 1021 2046 1053 musculorum.
2071 1020 2135 1053 Co-

1844 834 1944 877 Quod
1977 835 2135 879 reliquum

1180 1082 1255 1113 lum.
1281 1081 1485 1114 »Feminibus
1502 1082 1678 1115 lacertosis.
1686 1096 1697 1109 «
1734 1082 1873 1115 Glossae
1887 1088 1975 1114 toros
1989 1083 2136 1114 hmneros

1181 1148 1355 1186 exponunt.
1378 1142 1542 1175 Gnor.—-
1574 1143 1731 1185 Virgilius
1752 1143 1791 1174 dc
1817 1156 1900 1187 equo
1927 1144 2033 1187 »quod
2057 1143 2136 1174 toris

1571 1204 1680 1236 Gloss.
1701 1204 1741 1236 B.
1763 1224 1812 1229 —
1847 1205 1925 1237 Seu.
1950 1205 2048 1237 llere.
2076 1205 2136 1236 sur.

1181 1266 1271 1298 6242
1306 1277 1464 1308 »agnosco
1488 1271 1577 1297 toros
1603 1267 1838 1310 humerosque«
1873 1272 1906 1298 et
1936 1266 2009 1300 Val.
2031 1266 2136 1299 Flacc.

1181 1204 1358 1236 animosum
1382 1209 1504 1248 pectus.
1513 1218 1524 1231 α

1188 1329 1465 1373 »conspicuusque
1499 1329 1578 1360 toris
1608 1328 1798 1361 Hercules«
1837 1328 2002 1362 Gonz.—-
2040 1329 2138 1361 nune

1180 1391 1332 1425 Martiaui
1352 1391 1460 1422 locum
1480 1390 1524 1421 ita
1550 1390 1692 1421 imitatus
1717 1395 1767 1421 est
1787 1390 1974 1422 Lactantius
2005 1390 2044 1422 de
2072 1389 2138 1434 opi-

1181 1453 1253 1484 ficio
1283 1453 1335 1483 dei
1357 1464 1424 1496 cap.
1450 1454 1518 1484 102
1551 1453 1687 1485 »valida
1712 1458 1745 1484 et
1767 1453 1938 1484 substricta
1959 1453 2066 1485 nervis
2098 1452 2139 1485 ad

1181 1516 1401 1547 fortitudinem
1426 1515 1573 1553 brachia,
1600 1515 1679 1546 toris
1703 1515 1882 1556 insignibus
1906 1521 2071 1549 extentum
2092 1516 2137 1548 la-

1182 1581 1341 1608 certorum
1359 1574 1473 1616 ingens
1494 1575 1620 1606 robur.u
1652 1575 1816 1607 Puteanus
1839 1575 1892 1622 (ad
1911 1576 2033 1621 Appul.
2055 1576 2138 1621 apol.

1180 1638 1223 1672 V.
1250 1638 1309 1670 ΙΙΙ.
1336 1650 1366 1682 p.
1385 1637 1469 1669 467.
1493 1637 1651 1682 Oud.)-—-
1676 1639 1778 1670 Immo
1800 1651 1893 1671 versa
1913 1640 1981 1672 vice
2001 1640 2138 1673 Laetan-

1182 1702 1262 1734 tium
1278 1701 1456 1734 Martianus
1475 1701 1625 1734 imitatur.
1653 1701 1750 1734 Certe
1763 1704 1848 1736 hune
1865 1704 1966 1735 multo
1976 1703 2139 1746 juniorem

1182 1766 1238 1797 ille
1263 1765 1379 1796 imitari
1404 1777 1469 1797 non
1500 1766 1621 1808 potuitl
1656 1765 1725 1799 Sed
1752 1767 1785 1798 in
1805 1767 1951 1811 Priapcis
1977 1768 2072 1801 etiam
2092 1768 2136 1800 le-

1185 1841 1259 1873 gere
1282 1829 1356 1861 lieet
1382 1828 1460 1872 (56,
1485 1827 1540 1873 2);

1243 1893 1411 1924 »Phoebus
1433 1904 1597 1932 comosus,
1635 1893 1795 1925 Hercules
1817 1894 2019 1926 lacertosum

1186 1956 1280 1990 Confi
1302 1960 1468 1999 praeterea
1492 1955 1674 1986 inferiorem
1699 1955 1806 1988 locum
1835 1955 1877 2003 (ξ.
1893 1958 1940 1989 84
1961 1963 1994 1988 et
2010 1958 2101 2002 not).

1255 2017 1434 2064 juvenalis]
1469 2018 1620 2050 Grotius:
1646 2019 1823 2062 αῘιιυεηίὶῐεςε
1850 2021 1907 2051 scd
1931 2026 2073 2052 nostram
2092 2021 2137 2052 le-

1186 2083 1324 2116 ctionem
1347 2084 1408 2114 hoe
1437 2082 1510 2113 loco
1533 2087 1565 2113 et
1587 2081 1669 2113 infra
1694 2081 1743 2126 (ἓ.
1763 2081 1831 2128 56)
1859 2095 1876 2114 e
1896 2083 1987 2114 libris
2011 2084 2137 2128 seriptis

1185 2144 1398 2178 Leidensibus
1423 2144 1606 2187 suppeditat
1631 2143 1831 2187 Oudendorp
1861 2142 1913 2189 (ad
1937 2143 2090 2188 Appulej.
2112 2145 2136 2178 Ῑ.

1185 2221 1216 2253 p.
1237 2204 1342 2251 725),
1381 2211 1412 2236 et
1432 2205 1570 2237 concinit
1588 2204 1851 2236 Darmstatteusis
1878 2205 1989 2237 codex.
2035 2232 2039 2237 .

1259 2267 1439 2314 renidebat]
1461 2270 1649 2311 Legendum
1663 2269 1830 2300 renitebat.
1839 2268 1930 2300 Pulc.
1951 2268 2004 2315 (ad
2015 2267 2136 2314 Appul.

1185 2332 1243 2366 m.
1265 2346 1295 2377 p.
1315 2333 1388 2364 467
1414 2331 1512 2377 Oud.)
1532 2351 1575 2356 —
1608 2332 1695 2363 Cave
1724 2332 1863 2373 corrigas
1892 2333 2043 2373 verbum,
2072 2346 2136 2377 quo

1186 2402 1297 2429 noster
1318 2408 1411 2439 quam
1434 2395 1619 2439 saepissime
1643 2395 1742 2426 utitur
1759 2393 1800 2440 (ἓ.
1819 2396 1874 2426 17.
1896 2397 1954 2427 67.
1981 2398 2036 2428 76.
2053 2397 2136 2430 208.

1187 2461 1269 2492 581.
1301 2460 1382 2491 727.
1413 2459 1520 2503 728).
1559 2459 1708 2502 quodque
1746 2459 1831 2502 apud
1858 2459 1995 2502 optimos
2024 2460 2137 2492 eodem

1188 2535 1286 2556 sensu
1308 2523 1425 2564 legitur
1449 2522 1640 2566 scriptores,
1681 2528 1776 2566 atque
1799 2523 1960 2554 multoties
1983 2524 2137 2568 repetitur

1189 2600 1206 2620 a
1225 2587 1355 2621 Catullo
1374 2585 1435 2633 (59
1459 2598 1516 2631 per
1531 2584 1611 2630 tot).
1638 2585 1705 2618 Nec
1726 2587 1884 2630 perspicio
1913 2599 1969 2620 cur
1984 2587 2135 2619 Pricaeus
