2310 2860
710 162 911 206 Martiani
950 162 1150 220 Capellae
1187 164 1258 207 lib.
1277 164 1329 207 II.
1365 167 1396 218 §.
1420 166 1516 208 196.
2010 171 2100 213 259

134 268 245 310 enim
268 267 392 311 labor
412 268 570 321 fuerat,
600 270 821 312 hemitonii
846 271 1063 326 interjecta
1087 274 1395 326 transcurrere)
1419 273 1460 314 in
1482 273 1654 315 Jovialis
1678 274 1825 318 sideris
1858 291 2097 332 pervenere

132 349 338 406 fulgores,
388 353 509 406 cujus
550 353 734 394 circulus
775 353 960 409 Phrygio
1000 353 1217 409 phthongo
1257 353 1521 408 personabat.
1590 354 1680 394 Illic
1717 356 1833 398 sidus
1867 367 1956 398 erat
1989 367 2097 399 tcm-

132 433 368 486 peramenti
410 433 568 475 vivifici
612 449 659 475 ac
704 435 907 487 salubris,
957 434 1218 490 fulgentibus
1263 432 1518 488 blandisque
1567 433 1782 476 vibratum
1828 438 2098 480 candoribus.

131 511 267 566 Cujus
307 517 484 571 quidem
519 518 624 560 lucis
663 528 841 568 natura,
886 531 941 558 ex
983 515 1125 557 calidis
1171 513 1451 570 humidisque
1491 516 1864 559 commixtionibus
1895 520 2099 573 candens,

131 596 324 651 quadam
370 602 656 657 prosperitatis
706 600 1009 656 tranquillitate
1053 595 1266 639 rutilabat.
1344 594 1511 635 Verum
1551 594 1608 635 ibi
1650 595 1766 638 sidus
1804 597 1942 653 Jovis3
1997 616 2097 641 nam

129 676 219 732 ipse
255 680 380 721 totius
423 681 571 722 mundi
616 682 814 722 membra
846 681 1096 722 collustrans
1140 677 1192 719 ad
1227 677 1410 719 deorum
1441 677 1661 720 dicebatur
1691 681 1922 736 imperium
1962 693 2000 724 ct
2031 698 2098 724 sc-

129 768 279 800 natum
320 761 512 802 coelitem
557 775 830 801 commeasse.
901 760 1028 801 Hunc
1068 760 1192 801 etiam
1228 769 1539 815 praetergressa
1570 761 1754 812 circum,
1800 777 1849 803 ac
1879 763 2003 818 parili
2033 763 2100 804 in-

131 840 372 894 terjectione
415 842 630 892 sublimis,
678 841 859 883 deorum
907 839 1209 895 rigidissimum
1255 850 1491 882 creatorem
1530 842 1572 882 in
1615 841 1752 897 algido
1801 843 2095 885 inhaerentem

1223 922 1334 963 idem
1879 924 2092 965 nitebatur

128 919 380 975 pruinisque
434 922 647 963 nivalibus
706 922 962 978 conspicata:
1008 937 1161 963 verum
1399 938 1531 978 quein
1584 924 1812 965 circumire

128 1000 240 1041 orbis
285 1002 399 1043 melo
442 1002 576 1043 Dorio
612 1002 828 1046 tinniebat.
902 1002 985 1044 Sed
1033 1002 1111 1058 ipsi
1153 1003 1340 1060 praesuli
1380 1018 1497 1044 nunc
1538 1003 1731 1045 draconis
1777 1004 1925 1067 facies,
1982 1019 2098 1046 nunc

125 1080 254 1121 rictus
284 1080 437 1133 leonis,
473 1097 588 1124 nunc
620 1083 767 1124 cristae
802 1097 902 1123 cum
939 1082 1139 1137 aprugnis
1171 1083 1370 1124 dentibus
1403 1083 1681 1136 videbantur,
1713 1094 1886 1141 totoque
1917 1086 2095 1126 exitialis

125 1233 181 1254 eus
215 1227 248 1254 et
277 1222 553 1265 cantabrigiensis
587 1229 669 1254 teste
708 1222 853 1263 Federo,
892 1229 1089 1267 quapropter
1139 1238 1166 1267 p.
1193 1225 1276 1257 207.
1301 1225 1392 1270 Rip.)
1414 1228 1729 1269 »temperatissimos«
1758 1228 1789 1260 ei
1821 1226 1953 1271 effeetus
1976 1228 2096 1260 tribuit.

126 1284 211 1318 haud
232 1286 349 1318 dubius
376 1287 541 1319 meliorem
565 1287 735 1319 lectionem
761 1287 794 1318 in
824 1292 947 1318 textum
971 1287 1087 1330 recepi.

198 1360 304 1395 neque
326 1350 412 1380 enim
437 1347 539 1394 labor]
566 1349 596 1380 E
616 1348 746 1390 Virgilii
769 1347 865 1391 (Aen.
891 1349 957 1388 11,
985 1349 1087 1391 684)=

134 1423 255 1455 tneque
281 1411 365 1442 einim
390 1411 510 1443 laben«

195 1472 371 1518 pltlltonqo]
388 1473 518 1516 Quodsi
532 1472 630 1504 Plinii
646 1473 693 1516 (2,
711 1472 771 1512 22,
793 1472 854 1515 20)
872 1472 984 1504 verba:
1008 1470 1087 1504 »Sa-

123 1540 252 1567 turnum
276 1535 379 1566 Dorio
412 1534 533 1567 moveri
564 1535 748 1578 phthongo,
777 1534 894 1565 ‹Jovem
918 1533 1080 1577 Phrygio«

123 1598 314 1639 contuleris,
344 1598 468 1630 videbis
487 1598 642 1630 omissum
662 1609 734 1629 esse
756 1598 910 1641 Pluyqio.
941 1597 1086 1628 Phthon-

122 1673 182 1704 gus
208 1662 293 1694 enim
327 1673 427 1694 sonus
459 1668 509 1694 est
538 1661 580 1706 (§.
606 1661 693 1704 959)
723 1660 779 1705 qui
810 1660 966 1700 variatur,
1000 1660 1086 1691 unde

122 1724 217 1769 paulo
235 1730 310 1768 post
327 1723 467 1768 (§.1{)7)
486 1723 628 1756 Saturno
645 1724 785 1755 Dorium.
803 1723 905 1755 melos
924 1722 1087 1755 adscribit.

123 1788 296 1832 Quumque
314 1788 436 1831 liqueat
461 1788 654 1820 Martiannin
678 1799 736 1819 sua
759 1799 776 1819 e
799 1787 908 1819 Plinio
927 1787 1085 1827 hausisse,

122 1863 163 1884 ex
184 1863 223 1883 eo
248 1851 343 1882 etiam
366 1851 517 1895 supplere
550 1852 637 1895 qnod
666 1852 819 1883 omissum
841 1863 907 1883 nou
932 1850 1084 1891 dubitavi,

121 1912 309 1959 praesertim
332 1924 431 1956 quum
461 1912 603 1944 viderem
629 1914 691 1945 lioe
716 1913 788 1956 ipso
813 1912 886 1944 loeo
912 1912 946 1943 in
970 1913 1083 1943 Darni-

122 1975 270 2009 stattensi
293 1976 403 2008 codiee
426 1976 560 2008 verbum
585 1976 746 2019 quoddam
769 1987 895 2007 erasum
919 1987 1002 2007 esse.
1026 1975 1083 2007 Ni-

119 2039 291 2072 comachus
313 2037 360 2082 (in
377 2039 522 2070 harmon.
540 2037 678 2069 manual.
704 2038 736 2077 1,
760 2037 795 2078 2,
820 2038 855 2070 5.
873 2049 903 2081 p.
925 2038 956 2069 7.
972 2037 1083 2081 Meib.)

119 2101 198 2134 Jovt'
220 2111 336 2132 sonum
362 2099 533 2144 adscripsit
553 2100 757 2143 parhypate&

196 2162 452 2209 temperamenti]
480 2163 682 2196 Peculiarein
712 2165 794 2195 hane
818 2162 913 2205 liujus
934 2163 1082 2207 planetae

121 2233 228 2260 notam
243 2228 361 2269 fuisse,
389 2239 485 2272 supra
509 2226 551 2272 (§.
572 2228 617 2259 17
639 2233 671 2259 et
692 2227 755 2270 52)
779 2226 932 2267 vidimus,
951 2232 983 2258 et
1002 2226 1082 2257 infra

123 2287 165 2333 (ἓ.
186 2289 272 2333 885)
295 2290 450 2332 legemus.
477 2290 679 2322 Confirmant
706 2301 775 2320 eam
802 2293 867 2320 tam
886 2288 1081 2333 philosophi,

122 2362 217 2395 quam
235 2357 360 2395 poetae.
397 2351 526 2382 Etenim
548 2363 589 2383 ex
617 2350 760 2384 Saturno
783 2355 816 2382 et
841 2350 945 2383 Marte
967 2356 1082 2394 tempe—

122 2416 191 2447 rari
211 2414 302 2446 illum
324 2415 527 2456 interjectum
552 2421 584 2447 et
612 2415 730 2448 Cicero
763 2414 815 2460 (Ν.
841 2415 885 2449 Ι).
904 2414 947 2455 2,
976 2415 1024 2447 46
1047 2414 1082 2458 f.)

122 2483 154 2509 et
181 2476 309 2509 Plinius
344 2477 406 2520 (2,
436 2476 484 2520 8)
509 2482 541 2508 et
573 2475 735 2509 Aristides
763 2477 1002 2521 Quinetilianns
1027 2478 1081 2522 (de

121 2541 241 2574 musica
264 2553 295 2585 p.
319 2540 388 2572 148
420 2539 591 2584 Meihom.)
624 2541 756 2582 docent,
790 2541 970 2587 repetitque
997 2542 1081 2573 idem

122 2605 328 2639 Ptolemaeus
351 2604 478 2647 (teti-ab.
500 2604 532 2646 1,
559 2603 611 2648 4),
638 2604 808 2638 Vitruvius
834 2610 941 2638 autem
969 2606 1021 2651 (9,
1050 2606 1081 2639 1.

1138 1285 1233 1318 Adde
1259 1288 1420 1331 palaeogr.
1446 1288 1513 1320 crit.
1540 1288 1601 1322 ΙΙΙ.
1630 1288 1658 1333 §.
1674 1289 1757 1321 282.

1211 1349 1432 1396 fulyentibns]
1465 1351 1504 1383 In
1535 1351 1642 1384 locum
1674 1353 1813 1395 vulgaris
1835 1352 1983 1386 lectionis
2006 1353 2096 1397 effid—

1137 1413 1248 1453 yentia
1272 1413 1401 1444 vibrata
1431 1413 1595 1444 meliorem
1623 1415 1747 1458 recepi,
1778 1427 1874 1459 quam
1897 1416 2096 1448 Basileensis

1138 1475 1240 1505 codex
1270 1481 1302 1506 et
1332 1480 1415 1507 teste
1443 1476 1556 1508 Coi-tio
1591 1477 1862 1521 Guelferbytanae
1894 1480 2095 1511 membranae

1137 1537 1271 1577 liabent,
1311 1536 1525 1581 »fu-lyenlibus
1555 1539 1745 1586 blandisque
1785 1540 1946 1571 vibratum
1979 1541 2094 1573 eando-

1136 1599 1252 1630 ribus.«

1212 1657 1372 1704 coelitem]
1407 1659 1683 1702 cantabrigiensis
1712 1661 1876 1703 coelitum,
1908 1662 1992 1695 unde
2024 1673 2094 1695 sen-

1136 1735 1192 1754 sus
1220 1723 1286 1754 exit
1314 1723 1409 1755 idem.

1210 1784 1331 1830 ctlyn'do]
1358 1784 1516 1826 Virgilius
1542 1784 1664 1829 (georg.
1692 1785 1724 1826 1,
1756 1786 1861 1830 55G):

1192 1847 1347 1891 »Frigida
1370 1846 1509 1879 Saturni
1534 1858 1604 1878 sese
1627 1859 1691 1894 quo
1712 1848 1806 1879 stella
1826 1854 1992 1892 receptet.-

1210 1909 1445 1955 inlmerentem]
1471 1911 1672 1942 llam-entem
1691 1910 1843 1952 Grotius3
1876 1913 2096 1944 inhaerentem

1134 1984 1152 2004 e
1173 1973 1268 2004 variis
1286 1972 1477 2005 lectionibus
1498 1972 1648 2004 Bondam
1666 1973 1710 2016 (p.
1728 1972 1800 2016 58),
1818 1973 1961 2016 quamvis
1982 1986 2096 2018 parum

1132 2034 1268 2066 intersit.
1301 2034 1369 2067 Sed
1391 2034 1487 2078 paulo
1513 2039 1589 2077 post
1613 2046 1673 2078 pro
1697 2036 1928 2067 circumvenire
1946 2047 1963 2067 e
1980 2036 2093 2068 Darni-

1133 2097 1296 2138 stattensi,
1329 2097 1603 2138 Reielienauensi,
1640 2097 1840 2139 Basilecnsi,
1882 2104 1914 2131 et
1946 2099 2094 2133 Guelfer-

1132 2162 1251 2206 bytano
1275 2161 1405 2194 omnino
1427 2162 1546 2194 rectius
1571 2163 1740 2194 circumire
1762 2162 1880 2207 recepi.

1209 2224 1323 2270 Dorio]
1353 2226 1552 2259 Gravissimo
1576 2237 1666 2258 sono.
1681 2227 1787 2261 Vua.
1805 2245 1852 2251 ——-
1883 2226 2006 2260 Confer
2031 2226 2091 2259 Mi-

1132 2289 1262 2321 lit-bium
1276 2279 1341 2334 'rad
1370 2290 1470 2322 Plinii
1491 2290 1608 2322 librum
1634 2290 1764 2323 secund.
1788 2303 1821 2334 p.
1842 2290 1927 2334 167)
1949 2296 1981 2323 et
2007 2290 2089 2321 Har-

1133 2353 1265 2385 duinum
1282 2352 1337 2397 (ad
1357 2353 1442 2385 Plin.
1462 2354 1501 2393 2,
1532 2354 1598 2394 22,
1623 2354 1681 2385 20.
1707 2359 1774 2386 not.
1802 2353 1871 2398 11).

1209 2414 1386 2461 apr-uqnis]
1422 2416 1577 2448 Ediderat
1612 2416 1746 2449 Grotius
1781 2418 1912 2460 aprinis.
1952 2413 1991 2446 ln
2015 2411 2088 2446 MS.

1131 2477 1236 2521 inquit
1262 2477 1413 2519 Grotius,
1444 2478 1571 2510 videtur
1591 2480 1755 2523 apmynis.
1784 2478 1833 2509 lta
1856 2476 1938 2507 clare
1954 2474 2087 2507 Vossia-

1132 2553 1210 2582 nuS,
1242 2546 1337 2586 atque
1363 2546 1448 2574 eerte
1477 2554 1542 2574 vox
1566 2554 1604 2574 ea
1631 2541 1783 2585 Capellae
1807 2543 1855 2570 est
1879 2538 2086 2578 restituenda,

1131 2615 1231 2649 quum
1255 2603 1290 2636 iu
1318 2603 1419 2646 magis
1437 2609 1546 2636 notam
1564 2615 1582 2635 a
1598 2601 1728 2635 librario
1751 2600 1791 2631 sit
1815 2604 1942 2630 mutata.
1969 2599 2087 2632 Hausit

2134 760 2216 801 197
