2310 2860
170 867 258 910 98ss

285 198 374 243 762
855 188 1056 233 Martiani
1087 187 1287 245 Capellae
1315 185 1388 229 lib.
1411 184 1489 228 IX.
1520 187 1553 239 §.
1576 186 1677 228 985.

288 305 485 354 elatione,
540 310 579 342 et
621 298 823 356 positione
862 313 974 354 quae
1013 296 1180 352 gemina
1219 303 1300 346 est3
1344 293 1568 334 trochaeus
1622 308 1676 333 ex
1716 292 1874 348 duplici
1925 294 2144 349 positione,
2200 301 2239 333 et

288 385 464 426 elatione
509 397 620 438 quae
666 381 808 422 brevis
849 389 929 432 est;
985 377 1168 428 orthius,
1208 376 1365 432 quiex
1398 375 1607 417 tetrasemi
1645 374 1842 425 elatione,
1886 373 1927 414 id
1963 384 2022 414 est
2054 374 2154 425 arsi,
2201 382 2241 414 ct

288 464 486 505 octasemi
526 462 728 518 positione
767 460 990 511 constabit,
1041 459 1096 499 ita
1143 466 1189 497 ut
1226 455 1453 497 duodecim
1498 464 1692 510 tempora
1730 454 1798 494 hie
1837 469 1909 508 pes
1940 453 2144 508 recepisse
2174 452 2241 495 vi·

287 543 458 593 deamr,
510 551 638 596 atque
676 541 806 582 habet
848 539 1209 595 propinquitatem
1255 537 1474 592 quandam
1519 552 1617 577 eum
1658 537 1841 578 iambico
1880 535 2010 592 pede,
2056 543 2240 590 quatuor

289 624 401 664 enim
441 623 587 679 primis
627 621 890 677 temporibus
930 619 983 661 ad
1031 618 1227 660 iambum
1269 627 1489 668 consonat,
1540 617 1714 671 reliquis
1749 626 1841 658 octo
1870 616 2134 672 temporibus
2166 613 2241 656 ad·

289 704 461 757 junctis;
515 702 668 743 dehinc
711 701 956 751 trochaeus,
1008 699 1085 755 qui
1125 699 1380 740 semanticus
1423 697 1598 748 dicitur,
1654 696 1694 737 id
1739 706 1799 738 est
1846 697 1921 751 qui
1964 711 1986 736 e
2032 691 2241 736 contrario

289 794 381 825 octo
406 783 553 839 primis
582 782 854 838 positionibus
881 790 1058 832 constet,
1091 780 1262 834 reliquis
1297 781 1337 821 in
1372 778 1594 818 elationem
1620 786 1807 832 quatuor
1836 777 2039 818 brevibus
2071 785 2241 817 artetur.

289 863 520 920 Compositi
559 877 659 903 sane
697 872 816 913 sunt,
865 861 941 916 qui
974 875 1051 916 per
1085 860 1259 916 copulas
1290 859 1559 913 colliguntur.
1620 858 1727 899 Sunt
1756 867 1898 899 autem
1929 858 1995 899 hi:
2026 857 2242 907 bacchius,

2154 938 2242 989 Qui

291 1041 394 1067 vero
432 1025 633 1066 bacchius
679 1034 759 1077 est,
803 1025 855 1065 ab
890 1024 1033 1065 iambo
1071 1022 1278 1080 principia
1320 1020 1511 1071 sortitur,
1555 1029 1683 1074 atque
1723 1036 1745 1062 a
1786 1022 1993 1062 contrario
2031 1020 2094 1061 his
2133 1033 2240 1074 quos

291 945 368 1001 qui
412 959 464 985 ex
509 943 707 984 trochaeo
752 943 923 984 deducit
969 942 1230 997 auspicium,
1283 942 1365 982 fine
1410 949 1553 981 autem
1601 940 1771 981 iambici
1815 940 2080 982 terminatur.

288 1106 478 1149 diximus
533 1106 713 1161 pedibus
771 1105 998 1161 aptabitur.

290 1198 452 1229 certam
486 1187 600 1228 viam
632 1186 841 1241 provenit.

290 1300 380 1326 metr.
403 1306 433 1337 p.
457 1294 529 1337 11)=
551 1293 652 1325 »Illud
676 1299 818 1337 tempus,
846 1293 878 1324 in
904 1304 968 1335 quo
995 1294 1076 1324 ictus
1097 1297 1163 1331 est,
1197 1291 1241 1324 R.

291 1355 461 1397 Bentlejus
496 1357 603 1393 arsin,
637 1360 779 1397 tempora
806 1359 910 1384 antem
936 1365 987 1392 ea,
1025 1364 1106 1395 quae
1133 1356 1242 1383 carent

290 1419 371 1458 ictu,
399 1419 503 1449 thesin
529 1417 669 1456 vocavit,
700 1416 834 1447 ducibus
857 1415 1024 1446 Prisciano
1047 1427 1078 1458 p.
1095 1415 1189 1446 1289
1210 1419 1242 1444 ct

290 1479 449 1512 Martiano
471 1478 604 1521 Capella
628 1490 657 1521 p.
677 1478 743 1508 191
765 1477 814 1508 ed.
838 1476 1006 1516 Meibom„
1035 1476 1089 1519 qui
1114 1476 1152 1506 ab
1178 1475 1242 1506 cle·

290 1540 416 1572 vatione
441 1545 472 1571 et
494 1538 682 1570 remissione
710 1537 798 1569 vocis
826 1539 904 1569 haec
928 1537 1056 1568 nomina
1082 1537 1176 1569 ducta
1195 1536 1242 1568 ‹li-

290 1607 383 1642 cunt3
409 1600 506 1632 ceteri
522 1599 633 1631 musici
649 1604 681 1630 et
696 1598 818 1630 metrici
833 1604 973 1639 veteres,
999 1611 1017 1630 a
1041 1598 1242 1642 depositione

290 1670 385 1708 atque
408 1664 586 1696 elevatione
615 1662 708 1706 pedis
737 1661 787 1692 vel
809 1673 920 1692 manus
947 1674 984 1693 ea
1009 1662 1136 1693 nomina
1161 1662 1241 1693 deri-

292 1733 421 1767 vantes,
456 1732 582 1769 tempus
616 1725 681 1757 ictu
716 1729 859 1756 notatum
893 1725 1017 1763 thesin,
1054 1726 1241 1758 destitutum

292 1788 356 1820 ictu
371 1790 462 1819 arsin
479 1786 585 1819 vocari
601 1785 786 1824 voluerunt,
810 1797 903 1829 quam
924 1786 1078 1817 rationem
1099 1787 1151 1818 ille
1173 1787 1241 1830 ipse

289 1850 468 1883 Martianus
496 1848 630 1892 Capella
659 1848 819 1891 sequitur,
859 1848 929 1891 qui,
962 1854 996 1879 ut
1023 1849 1142 1881 dictum
1175 1855 1240 1890 est,

292 1911 476 1944 deffinitione
498 1910 552 1941 illa
580 1921 637 1941 sua
661 1908 852 1941 contrarium
876 1909 980 1941 dicit.-

367 1971 502 2018 orthius]
521 1973 601 2004 Tam
620 1984 660 2003 ex
675 1972 922 2003 Darnlstattensi
940 1973 1069 2014 codice,
1087 1986 1180 2018 quam
1201 1986 1241 2007 ex

293 2042 421 2070 auctore
442 2037 513 2079 ipso
538 2035 580 2080 (§.
599 2036 692 2078 988)
713 2036 836 2067 correxi
855 2043 1038 2080 corruptum
1059 2039 1186 2070 orchites
1209 2038 1242 2070 in

293 2101 399 2134 editis.
418 2099 501 2130 Eum
517 2104 549 2130 et
565 2100 758 2130 Plutarchus
772 2099 815 2139 (d.
827 2112 905 2131 mus.
918 2113 949 2144 p.
959 2102 1067 2143 1140)
1080 2108 1242 2134 memorat.

292 2159 388 2194 Adde
401 2160 528 2191 doctum
541 2159 636 2200 liujus
653 2159 855 2202 interpretem
866 2161 912 2203 (in
928 2162 1068 2193 Mcm.de
1083 2163 1242 2197 l'acad.X.

295 2235 324 2268 p.
335 2222 418 2254 252.
435 2221 519 2252 285.
536 2220 623 2263 504)
639 2225 671 2251 et
692 2221 909 2253 ssei-mannum
920 2223 1024 2266 (elem.
1043 2236 1074 2266 p.
1085 2226 1158 2256 GGO
1171 2226 1244 2268 sq.).

372 2281 534 2327 octasemi]
555 2283 820 2315 Darmstattensis
841 2286 1034 2328 oqtlosemis,
1059 2287 1158 2319 male!
1182 2288 1245 2321 Est

297 2347 381 2380 enim
402 2346 526 2379 Graeca
543 2358 605 2378 vox
629 2342 855 2391 ὀκτάὸημος.

371 2410 642 2455 propinquitatem
670 2407 843 2454 quandam]
871 2408 938 2441 Alii
963 2415 998 2441 ut
1028 2411 1154 2443 codices
1172 2412 1243 2445 Mo-

301 2470 446 2502 nacensis
470 2469 552 2513 (C),
589 2469 878 2509 Reichenauensis‚
908 2471 1187 2515 Darmstattensis,
1212 2479 1247 2506 et

300 2533 534 2567 Meibomianus
558 2532 588 2563 B
609 2533 770 2579 aliquam,
794 2533 927 2565 sortasse
951 2535 1072 2567 melius.

376 2598 451 2624 sunt
468 2599 573 2625 autem
590 2591 636 2638 hi]
655 2593 723 2625 Alii
738 2595 973 2637 antibacclu'us3
999 2597 1056 2629 sed
1072 2609 1149 2630 sane
1167 2598 1247 2631 anti-

1078 1105 1158 1146 Per
1198 1102 1424 1159 periodum
1465 1117 1568 1144 vero
1608 1111 1688 1153 est,
1743 1102 1860 1158 quod
1911 1102 2028 1144 velut
2074 1116 2151 1157 per
2196 1115 2240 1142 se

900 1185 950 1226 In
981 1185 1063 1226 hoc
1092 1198 1246 1239 genere
1276 1198 1416 1238 quum
1445 1185 1525 1225 sint
1553 1183 1778 1225 duodecim
1807 1199 2011 1234 numero,
2053 1192 2239 1239 quatuor

1292 1291 1442 1322 bacchius
1463 1304 1482 1322 a
1501 1292 1663 1334 spondaeo
1683 1291 1793 1333 incipit
1810 1297 1842 1321 et
1862 1292 2011 1322 trochaeo
2036 1290 2240 1331 terminatum

1293 1366 1333 1384 an
1348 1354 1454 1396 itaque
1473 1354 1651 1385 faciendum
1669 1354 1923 1397 amphimacrus?
1948 1353 1976 1384 is
1996 1354 2078 1384 enim
2093 1355 2241 1386 trochaeo

1292 1416 1403 1460 incipit
1418 1423 1449 1449 et
1464 1418 1568 1449 iambo
1586 1417 1781 1448 terminatur.
1809 1416 1895 1449 Sane
1915 1418 2062 1448 bacchius
2085 1419 2146 1449 hoc
2169 1417 2241 1450 loco

1293 1480 1367 1510 ferri
1389 1492 1453 1510 non
1478 1485 1602 1522 potest,
1629 1492 1726 1523 quum
1744 1480 1848 1511 statim
1871 1480 1910 1511 de
1932 1480 2063 1511 bacchio
2086 1481 2242 1522 subjiciat.

1292 1542 1455 1575 GnoT.--
1481 1542 1603 1575 Noster
1626 1555 1723 1586 quum
1749 1555 1874 1586 semper
1899 1544 1965 1574 sere
1993 1542 2169 1575 Aristidem
2193 1556 2242 1576 se-

1293 1610 1425 1648 quatur,
1445 1606 1529 1636 hunc
1545 1604 1688 1636 conferre
1707 1604 1841 1635 debehat
1858 1604 2005 1636 Grotius:
2029 1605 2139 1636 statuit
2159 1605 2241 1638 enim

1292 1666 1346 1697 ille
1363 1666 1480 1708 (p.57)
1502 1666 1582 1696 nduo
1599 1665 1764 1706 bat-chios,
1790 1677 1924 1708 quorum
1941 1666 2020 1698 alter
2034 1667 2170 1710 primum
2187 1668 2242 1699 lia-

1290 1726 1364 1758 bent
1383 1726 1521 1758 iambum
1534 1732 1566 1757 et
1581 1727 1755 1758 secundnm
1777 1728 1975 1766 trochaeum,
2000 1728 2081 1760 alter
2094 1734 2242 1770 comt-:1⁴⁴3

1292 1796 1326 1821 ut
1339 1795 1488 1834 appareat
1501 1801 1565 1822 non
1580 1801 1662 1833 quos
1673 1790 1768 1831 vulgo
1783 1791 1946 1822 bacchium
1959 1796 1991 1822 et
2005 1793 2242 1825 antibacchium

1292 1853 1358 1884 sive
1379 1854 1642 1896 palimbacchium
1672 1853 1835 1885 nominent
1855 1853 1951 1897 (cons.
1969 1854 2125 1896 Quinctil.
2144 1857 2184 1896 9,
2205 1857 2240 1897 4,

1292 1917 1340 1948 80
1357 1928 1463 1960 sequ.;
1491 1929 1523 1959 p.
1541 1917 1613 1947 588
1639 1927 1727 1959 sequ.
1747 1915 1872 1960 Spa-td.)
1896 1918 1952 1949 scd
1973 1919 2188 1950 choriambum
2208 1925 2241 1950 et

1292 1980 1506 2021 antispastum
1537 1977 1762 2019 intelligendos
1794 1989 1865 2009 esse
1890 1979 2046 2021 (Boeckli.
2072 1980 2111 2011 de
2132 1980 2240 2012 metris

1292 2039 1386 2071 Pind.
1407 2052 1438 2083 p.
1454 2039 1524 2081 25).
1565 2038 1716 2071 Ceterum
1742 2051 1782 2070 ne
1809 2039 1855 2071 sie
1880 2040 2006 2084 quidem
2030 2041 2120 2073 locus
2143 2053 2241 2074 sanus

1293 2106 1358 2140 est,
1393 2106 1425 2132 et
1454 2101 1481 2131 si
1514 2100 1591 2131 nihil
1619 2100 1704 2132 aliud
1733 2106 1818 2131 certe
1848 2101 1928 2132 infra
1955 2102 2078 2133 duabus
2109 2102 2240 2134 vocibus

1292 2162 1412 2193 iteratis
1428 2161 1644 2193 scribendum:
1665 2161 1737 2204 nqui
1754 2173 1828 2193 vero
1842 2161 1992 2194 bacchius
2007 2168 2057 2194 est
2071 2163 2111 2194 ab
2126 2165 2240 2204 iambo,

1294 2225 1333 2261 ab
1357 2225 1460 2256 iambo
1484 2224 1636 2268 principia
1661 2224 1819 2255 sortitum«

1366 2299 1423 2329 per
1448 2298 1483 2317 se
1502 2284 1639 2329 certam]
1666 2287 1757 2316 Ilaec
1785 2285 1952 2316 manifesto
1979 2292 2126 2330 corrupta
2149 2294 2239 2329 sunt3

1294 2349 1410 2392 quibus
1431 2355 1534 2380 tamen
1553 2347 1701 2379 sanandis
1723 2347 1874 2390 imparem
1899 2360 1948 2379 me
1973 2350 2142 2390 confiteor,
2165 2350 2240 2383 licet

1293 2412 1385 2444 facile
1405 2412 1576 2452 intelligam
1594 2411 1785 2442 martianum
1805 2411 1892 2443 vocis
1916 2412 2100 2459 περίοδον
2120 2420 2238 2459 etymo·

1292 2474 1409 2516 logiam
1426 2472 1700 2504 Latino'sermone
1724 2473 1901 2516 exprimere
1923 2474 2014 2506 velle.

1369 2537 1532 2569 duodecim
1557 2534 1706 2581 numero]
1741 2537 1866 2570 norum
1893 2537 2032 2570 tabulam
2056 2538 2238 2572 Boeclzhius

1295 2599 1329 2648 (l.
1350 2613 1378 2636 c.
1396 2614 1429 2647 p.
1446 2601 1508 2644 26)
1532 2601 1612 2634 hanc
1632 2601 1816 2646 proposuit:
