2310 2860
162 168 254 209 414
737 164 934 205 Martiani
967 162 1165 217 Capellae
1196 161 1266 201 lib.
1290 160 1343 202 V.
1375 162 1404 211 ᾗ.
1425 160 1530 201 465,

167 274 202 314 A
234 271 502 325 consequenti
532 270 609 311 sic:
642 269 956 325 Tyrannicidae
987 267 1242 324 praemium.
1304 265 1391 315 Qui
1421 265 1553 307 suasit
1583 273 1763 319 tyranno
1793 265 2004 320 deponere
2034 267 2109 309 do-

169 354 399 403 minatum,
432 353 671 407 praemium
700 352 810 407 petit.
869 350 1033 405 Colligit
1066 364 1139 404 par
1164 362 1250 390 esse
1276 347 1498 398 meritum,
1534 346 1635 401 quia
1656 345 1837 388 reddidit
1866 345 2114 388 libertatem.

169 436 205 475 A
239 434 396 487 majore
432 431 484 473 ad
524 432 686 483 minus3
732 447 860 487 supra
891 431 978 472 dixi
1016 429 1153 479 enim,
1194 430 1226 470 si
1258 429 1448 470 exsulem
1484 428 1741 484 permittitur
1771 428 1986 482 jugulare,
2024 428 2116 468 licet

171 515 293 554 etiam
343 514 584 555 verberare.

658 514 692 554 A
740 514 970 555 contrario:
1012 512 1046 552 si
1097 511 1159 552 vir
1203 510 1318 550 fortis
1372 519 1561 551 meretur
1606 509 1871 564 praemium,
1932 508 2117 548 desertor

50 595 141 637 466
170 595 318 649 dignus
350 604 408 634 est
437 608 585 648 poena.
642 593 825 634 Finitiva
866 602 1056 648 superest
1088 592 1276 647 quaestio
1316 591 1367 632 de
1398 591 1539 645 scripti
1570 590 1842 644 ambiguitate
1873 588 2118 638 dcinanans,

171 688 307 728 quum
332 672 503 727 aliquod
529 672 712 713 verbum
736 672 775 712 in
801 673 890 727 lege
915 672 984 713 vel
1013 681 1259 713 testamento
1290 671 1472 712 dubium
1502 680 1560 711 est
1585 680 1622 711 et
1646 669 1886 711 definitione
1918 669 2120 718 clarescit,

169 761 233 793 ut:
265 753 398 793 Nocte
438 766 534 791 cum
571 751 651 792 telo
691 751 1005 807 deprehensum
1047 753 1169 793 liceat
1208 752 1420 803 occider03
1479 751 1695 806 quendam
1731 765 1829 791 cum
1863 750 1971 791 fuste
2001 759 2120 791 nocte

168 833 480 888 deprehensum
514 834 778 887 magistratus
809 834 980 886 occidit3
1013 849 1110 875 reus
1143 843 1202 874 est
1233 833 1382 874 caedis.
1422 833 1534 887 Lege
1564 847 1607 872 se
1639 831 1812 886 quidem
1847 840 2011 881 tuetur,
2045 828 2119 870 sed

171 914 301 955 telum
335 912 439 967 quid
478 913 529 953 sit
558 913 799 968 inquiritur.
860 915 989 965 Quod
1031 915 1286 970 quaestionis
1318 927 1449 969 genus
1480 912 1562 952 hoc
1594 927 1617 952 a
1647 911 1951 967 principalibus
1985 909 2124 951 differt.

169 995 362 1044 statibus,
412 993 514 1048 quia
552 1008 636 1034 non
674 993 727 1034 (10
769 994 899 1045 facto,
947 995 1059 1036 unde
1101 1006 1191 1037 orta
1231 994 1415 1036 causatio
1460 1003 1539 1044 est,
1581 992 1654 1032 sed
1693 992 1746 1033 de
1785 993 1925 1047 scripti
1957 1001 2121 1032 tantum

172 1074 410 1115 delinitione
438 1074 701 1130 disquiritur.
734 1076 972 1117 Discutitur
1001 1076 1147 1130 igitur,
1183 1074 1235 1115 ab
1267 1073 1332 1114 his
1361 1071 1566 1126 legalibus
1597 1079 1726 1111 status
1757 1070 2008 1125 principales
2039 1084 2124 1109 esse

173 1154 384 1204 discretos,
415 1163 454 1193 et
483 1153 558 1193 hos
590 1153 815 1194 incidentes
845 1154 948 1205 dici3
979 1154 1070 1194 illos
1103 1163 1267 1203 autem,
1297 1167 1320 1193 a
1351 1153 1510 1207 quibus
1539 1166 1665 1193 causa
1695 1151 1899 1202 nascitur,
1931 1151 1999 1192 vel
2027 1166 2122 1192 con-

175 1234 409 1275 stitutiones
441 1234 508 1275 vel
539 1243 668 1275 status
700 1234 852 1275 certius
884 1234 1101 1290 appellari.

733 1389 811 1432 DE
843 1388 1079 1430 GENERE
1110 1386 1567 1430 DELIBERATIVO.

339 1494 435 1536 Jam
466 1508 581 1536 nunc
611 1494 797 1536 decursis
838 1494 1198 1535 constitutionibus
1242 1492 1548 1534 controversias
1587 1491 1850 1533 deliberativi
1882 1500 1920 1532 et
1949 1490 2127 1532 demon—

174 1576 333 1616 strativi
376 1576 538 1631 generis
576 1575 814 1617 videamus.
880 1576 993 1615 Nam
1034 1583 1073 1615 et
1112 1589 1338 1615 causarum
1382 1573 1461 1614 tria
1499 1587 1653 1627 genera
1693 1587 1781 1612 esse
1820 1571 2002 1612 dubium
2042 1585 2124 1611 non

178 1665 258 1705 est,
308 1665 348 1696 et
384 1656 427 1695 in
465 1655 582 1696 omni
621 1670 749 1696 causa
786 1664 944 1696 statum
983 1654 1140 1696 debere
1174 1654 1356 1704 versari,
1409 1654 1504 1694 licet
1548 1654 1590 1693 in
1631 1653 1905 1693 deliberativo
1951 1651 2130 1706 quidam

177 1770 256 1809 inia3
283 1769 398 1801 deinde
423 1770 455 1800 in
475 1781 560 1802 mare
588 1770 780 1814 profundum
813 1770 937 1802 culleus
962 1769 1119 1812 jactetur«

178 1838 238 1864 eet.
262 1832 383 1864 Confer
404 1833 613 1864 recentiorem
640 1845 767 1877 quoque
790 1833 893 1875 legem
917 1833 1001 1877 (eod.
1017 1833 1056 1865 de
1078 1832 1127 1864 his

178 1894 232 1936 qui
253 1900 400 1937 parentes
419 1894 492 1938 cet.)
516 1900 548 1926 et
567 1894 731 1926 Valerium
754 1894 927 1927 Maximum
952 1895 1005 1938 (l,
1034 1893 1103 1936 15).

252 1956 476 2002 magistratus]
507 1957 561 1989 An
585 1958 762 2000 praefectus
789 1957 941 1998 vigilum?
957 1957 1061 1990 Gne-r.
1081 1975 1128 1980 -—

181 2018 277 2050 Certe
303 2019 330 2049 si
360 2019 399 2049 de
426 2020 503 2050 urhe
529 2019 633 2050 Roma
664 2019 722 2049 sub
745 2018 987 2062 imperatoribus
1012 2018 1129 2059 cogite-

181 2092 268 2120 mus3
295 2080 321 2111 si
345 2081 383 2111 (10
406 2080 523 2112 liberae
546 2081 738 2124 reipublicae
764 2082 976 2125 temporibus,
1003 2093 1086 2113 unus
1112 2093 1129 2113 e

181 2141 350 2173 triumviris
370 2142 533 2173 nocturnis
548 2142 668 2185 (Plaut.
684 2141 843 2185 Amphitr.
868 2145 904 2183 1,
930 2145 967 2182 1,
994 2144 1048 2185 5);
1073 2143 1130 2174 sed

181 2217 278 2248 quum
308 2206 385 2236 haec
416 2205 678 2236 declamationum
709 2212 891 2246 argumenta
921 2206 1071 2249 pleraque
1097 2206 1130 2236 in

183 2267 318 2298 Graecia
335 2265 462 2297 inventa
482 2278 554 2297 esse
573 2266 753 2306 videantur,
779 2272 919 2310 praestat
937 2268 975 2299 de
994 2269 1131 2299 thesmo-

184 2330 268 2359 theta
293 2326 539 2359 Atheniensium
569 2327 728 2371 accipere,
763 2339 843 2369 quos
874 2340 979 2360 euram
1004 2334 1131 2361 noetur-

184 2403 242 2423 nae
272 2390 449 2422 securitatis
481 2390 630 2422 habuisse
657 2402 675 2422 0
705 2391 920 2423 Demosthene
945 2392 1026 2435 (adv.
1054 2392 1131 2425 Mid.

187 2454 245 2496 11)
268 2460 377 2485 notum
404 2459 462 2485 est.

257 2515 370 2560 telum]
396 2516 477 2548 «Iure
497 2521 607 2548 nostro
631 2516 726 2548 etiam
746 2516 839 2548 fustis
858 2515 956 2547 telum
973 2522 1032 2548 est.
1052 2517 1132 2549 Inst.

185 2579 223 2610 (10
249 2579 335 2622 [111111.
352 2579 480 2620 judiciis
505 2578 533 2624 §.
559 2579 640 2612 Item
664 2580 717 2612 lex
751 2578 902 2613 Cornelia
931 2579 969 2611 de
995 2579 1132 2613 sicariisz

1179 1775 1215 1801 et
1235 1769 1279 1801 sie
1301 1768 1423 1799 Paulus
1443 1767 1609 1812 respondit
1631 1768 1661 1799 ff.
1688 1767 1727 1798 ad
1745 1767 1765 1798 1.
1783 1766 1903 1798 «Iuliam
1930 1766 1969 1798 de
1992 1767 2022 1798 vi
2050 1766 2129 1811 pub-

1178 1832 1239 1864 liea
1266 1831 1288 1863 l.
1324 1831 1369 1862 Hi
1399 1831 1454 1875 qui
1481 1831 1576 1862 aedes
1603 1830 1631 1874 ξ.
1651 1830 1813 1863 Telorum.
1831 1830 1995 1862 GnoT.-—-
2018 1830 2132 1873 Neque

1179 1895 1212 1926 in
1245 1894 1499 1925 institutionibus
1527 1892 1575 1937 (ἓ.
1601 1895 1622 1925 5
1661 1893 1700 1925 (10
1727 1893 1843 1936 public.
1862 1892 1996 1935 judicu),
2029 1903 2134 1936 neque

1178 1956 1212 1987 in
1239 1957 1347 1995 altera,
1376 1967 1470 1999 quam
1492 1954 1611 1994 laudat,
1635 1955 1706 1996 lege
1731 1955 1784 1997 (ad
1802 1955 1824 1986 l.
1844 1954 1911 1985 Jul.
1932 1954 1971 1985 de
1993 1954 2023 1985 vi
2045 1953 2132 1997 publ.

1184 2020 1225 2049 11
1257 2017 1287 2061 ἓ.
1306 2019 1321 2048 1
1350 2029 1422 2049 011111
1447 2028 1509 2060 qua
1541 2017 1623 2048 conf.
1646 2016 1667 2046 1.
1691 2016 1728 2058 9)
1753 2016 1852 2058 fustis
1884 2015 1967 2046 inter
1995 2015 2057 2046 tela
2084 2026 2132 2046 re-

1181 2082 1290 2113 fertur.
1323 2081 1443 2120 Legem
1473 2079 1580 2122 potius
1605 2091 1622 2109 e
1647 2078 1778 2119 digestis
1797 2078 1859 2121 (54
1877 2078 1905 2121 ἓ.
1924 2079 1946 2108 2
1971 2078 2009 2109 (10
2029 2077 2132 2117 furtis)

1182 2145 1213 2176 in
1236 2144 1372 2175 medium
1397 2143 1539 2185 proferre
1563 2141 1713 2181 debebat,
1739 2153 1801 2185 qua
1826 2141 1900 2173 »teli
1921 2139 2132 2183 appellatione

1183 2211 1214 2236 et
1230 2206 1328 2248 [hstis
1354 2202 1467 2235 venie«

1257 2264 1474 2309 deliberativo]
1503 2265 1625 2297 Confer
1651 2264 1840 2296 Ciceronem
1865 2263 1997 2308 (invent.
2020 2264 2059 2302 2,
2086 2264 2130 2295 51

1183 2328 1305 2372 sequ.)‚
1332 2327 1508 2359 Auctorem
1531 2326 1571 2357 ad
1594 2325 1792 2356 Herennium
1817 2325 1864 2367 (5,
1888 2324 1940 2366 2),
1963 2325 2133 2367 019111110-

1183 2393 1302 2424 tianum
1322 2391 1374 2434 (5,
1399 2390 1439 2429 4,
1464 2391 1484 2420 7
1510 2394 1542 2421 et
1567 2389 1628 2428 153
1654 2400 1687 2431 p.
1702 2388 1775 2419 454
1798 2393 1829 2418 et
1852 2388 1936 2419 [161.
1963 2388 2003 2427 5,
2029 2389 2069 2428 8,
2096 2389 2135 2427 13

1182 2467 1215 2498 p.
1231 2453 1299 2485 561
1324 2449 1459 2494 Spald.).

1257 2510 1400 2560 qnidam]
1416 2510 1472 2544 Sic
1489 2522 1506 2543 0
1523 2509 1629 2543 Grotii
1647 2508 1755 2542 codIce
1773 2508 1941 2552 legendum
1957 2520 2015 2554 pro
2034 2520 2133 2557 quan-

1185 2576 1256 2609 dam
1280 2576 1312 2607 in
1335 2574 1437 2607 editis.
