2310 2860
727 151 928 194 Martiani
960 151 1159 209 Capellae
1189 152 1261 194 lib.
1286 153 1403 195 VIII.
1437 156 1468 205 ᾗ.
1501 155 1602 195 841.
2059 159 2148 200 639

186 267 328 300 autem
377 259 466 299 Leo
512 259 670 310 oritur,
722 258 919 301 Coronae
960 259 1128 315 reliqua
1181 269 1481 315 conteguntur,
1542 262 1844 318 austrinusque
1899 264 2045 315 Piscis,
2106 275 2145 306 et

186 339 427 395 Ophiuchi,
457 341 682 396 serpentis,
720 341 944 395 Bootisque
975 349 1135 396 partes,
1174 340 1365 394 itemque
1397 341 1576 395 Aquila,
1630 342 1807 397 Nisique
1842 359 1940 399 pars
1971 344 2143 398 dextra3

183 420 380 461 oriuntur
426 435 531 461 vero
569 420 710 475 Hydri
744 430 894 476 caput,
945 422 1088 476 Lepus
1128 429 1167 462 et
1216 421 1430 475 Procyon,
1485 421 1804 478 Caniculaeque
1850 440 1947 480 pars
1990 425 2142 480 prima.

185 501 360 542 Oriente
391 511 533 542 autem
559 502 721 557 virgine
746 501 942 542 occidunt
963 500 1091 556 Lyra,
1122 500 1381 556 Delphinus,
1411 503 1579 558 Sagitta,
1613 502 1838 558 Cygnique
1863 520 1960 560 pars
1992 506 2142 560 potior,

182 582 447 638 Eridanique
486 598 583 638 pars
620 583 792 634 ultima,
844 593 884 625 et
923 594 1050 640 caput
1089 585 1326 640 cervixque
1366 585 1534 639 Pegasi3
1589 585 1785 626 oriuntur
1827 596 1968 626 autem
2003 586 2141 642 Hydri

182 678 280 719 pars
326 665 441 719 prior
478 679 615 719 usque
650 664 702 706 ad
742 664 984 717 Cratercnl,
1030 665 1324 722 Caniculaque
1369 675 1476 717 tota,
1530 676 1569 706 et
1607 667 1727 707 navis
1763 667 1941 722 Argonis
1976 669 2140 723 puppis.

180 746 310 786 Libra
348 756 544 800 surgente
587 746 784 788 occidunt
823 748 965 802 Pegasi
997 756 1036 788 et
1071 747 1204 802 Cygni
1245 748 1436 803 reliquae
1470 749 1703 803 portiones,
1749 749 2140 806 Andromedaeque

182 837 333 883 caput,
381 827 629 884 Cepheique
665 828 858 879 humeri,
906 828 1056 879 Cetus,
1103 838 1142 869 et
1186 828 1322 869 flexus
1355 829 1542 871 fluminis
1577 830 1772 883 Eridani,
1824 831 2020 874 oriuntur
2057 832 2141 873 Co-

181 925 313 952 ronae
338 912 560 963 medietas,
594 911 681 953 Nisi
707 912 854 953 dexter
887 927 982 968 pes,
1013 921 1052 952 et
1075 912 1247 962 Bootes,
1283 920 1322 951 et
1347 911 1484 966 Hydri
1511 912 1727 965 reliquum
1753 922 1920 966 praeter
1944 912 2141 955 ultimam

181 990 388 1042 caudam,
421 991 712 1047 Centaurique
743 1007 864 1047 parS,
898 1007 1010 1046 quae
1042 992 1082 1032 in
1116 994 1216 1046 equi
1241 995 1422 1049 speciem
1456 994 1675 1049 figuratur.
1736 995 1966 1050 Scorpione
1997 1005 2141 1036 autem

178 1082 374 1113 nascente
412 1073 610 1113 occidunt
646 1072 948 1113 Andromedae
990 1087 1086 1127 pars
1124 1074 1312 1128 reliqua,
1358 1077 1457 1116 item
1502 1076 1662 1131 Cephei
1703 1091 1822 1132 pars,
1872 1091 1983 1131 quae
2022 1088 2141 1120 extra

178 1155 547 1211 septentrionalem
576 1153 787 1195 circulum
815 1154 968 1209 posita,
1000 1164 1040 1195 et
1064 1155 1315 1212 Cassiopeae
1347 1167 1386 1198 et
1417 1159 1588 1199 Orionis
1619 1173 1736 1213 pars,
1769 1160 1917 1200 eodem
1951 1170 2142 1216 tempore

180 1235 377 1276 oriuntur
423 1235 630 1276 Ariadnes
675 1234 843 1276 Corona
882 1245 986 1286 tota,
1050 1245 1089 1277 et
1133 1247 1260 1293 caput
1301 1237 1543 1293 Ophiuchi,
1595 1240 1776 1294 Nisique
1820 1256 1975 1296 corpus
2015 1257 2142 1282 omne

178 1326 346 1373 praeter
384 1317 594 1358 sinistram
640 1333 841 1368 manum,
894 1318 1032 1373 Hydri
1067 1318 1202 1358 cauda
1240 1318 1411 1367 ultima,
1457 1328 1497 1359 et
1539 1319 1779 1361 Centaurus
1823 1331 1933 1362 totus
1974 1332 2141 1378 praeter

179 1398 341 1454 priores
385 1397 524 1453 pedes.
586 1398 804 1453 Sagittario
844 1408 1037 1439 nascente
1074 1397 1279 1452 mergitur
1314 1398 1471 1448 Orion,
1514 1408 1553 1439 et
1584 1400 1811 1452 Canicula,
1863 1412 1901 1443 et
1929 1403 2141 1444 Heniochi

178 1478 326 1534 pedes3
382 1479 580 1519 oritlntur
619 1493 721 1519 vero
761 1486 869 1518 totus
913 1478 1170 1533 Ophiuchus
1210 1489 1249 1520 et
1279 1480 1369 1520 Nisi
1412 1480 1575 1521 sinistra
1618 1497 1791 1533 manus,
1843 1493 1881 1524 et
1919 1485 2058 1539 Lyra,
2102 1495 2142 1527 et

178 1559 340 1616 Cephei
381 1568 508 1615 caput
550 1558 832 1612 humerique,
895 1567 934 1598 ct
983 1558 1185 1600 Centauri
1235 1561 1362 1616 pedes
1418 1563 1592 1617 priores.

177 1644 375 1686 occidunt
412 1642 661 1684 Heniochus
692 1650 827 1692 totus,
875 1650 915 1681 et
957 1641 1049 1695 ejus
1089 1655 1218 1696 capra
1257 1641 1494 1698 haedique,
1547 1645 1688 1685 Persei
1732 1660 1830 1701 pars
1869 1647 2056 1700 sinistra,
2103 1659 2142 1690 et

252 1778 399 1812 Coronae
416 1775 555 1825 reliqua]
579 1776 635 1809 Sic
655 1775 832 1808 anteriores
848 1775 1024 1817 editiones,
1051 1774 1135 1809 Gro-

176 1843 240 1875 tius
266 1844 432 1891 reliquiae.

251 1903 415 1949 Aryonis]
440 1904 528 1945 Lege
559 1914 631 1933 cum
657 1901 729 1934 MS.
751 1902 863 1945 Argyas
886 1901 1012 1934 Graeca
1039 1900 1135 1933 decli-

177 1968 316 2001 natione.
329 1967 491 2000 Gnor.—
513 1965 581 1998 Sed
605 1964 750 2008 pluribus
773 1963 868 1995 etiam
891 1963 1018 2005 vulgata
1038 1963 1133 1994 lectio

176 2031 341 2064 codicibus
366 2029 494 2068 nititur,
523 2027 566 2058 ita
590 2032 625 2057 ut
646 2031 779 2069 quartus
803 2037 933 2069 quoque
959 2037 1051 2057 casus
1070 2026 1133 2056 Ar-

175 2107 290 2141 qonem
310 2093 353 2138 (ξ.
369 2094 454 2126 850.
475 2091 562 2134 855)
587 2091 620 2122 in
647 2090 835 2122 Monacensi
857 2089 929 2134 (C),
953 2090 1133 2120 Diu-instat-

175 2158 260 2190 tcnsi
279 2162 311 2189 et
334 2152 749 2187 Ettenheimms·nsteriensi
772 2152 907 2194 legatur.
931 2152 1031 2183 Plura
1056 2152 1132 2182 alio-

177 2233 248 2253 rum
265 2221 411 2264 exempla
434 2220 525 2250 affert
545 2217 764 2250 Schneiderus
779 2217 845 2260 (lat.
864 2217 972 2248 Form.
987 2229 1019 2260 p.
1039 2216 1133 2259 148).

247 2281 370 2328 flexus]
382 2282 496 2314 Codex
504 2279 934 2313 Ettcnhciinmiinsteriensis
948 2279 1132 2324 confluxus,-

179 2348 236 2381 scd
251 2347 397 2392 praefero
418 2346 588 2386 vulgatam.
610 2344 732 2376 Aratus
748 2343 842 2376 etiam
861 2340 1011 2387 καμπαὶ
1027 2343 1130 2376 habet.

251 2410 415 2443 Ariadnes
438 2405 578 2452 Corona]
605 2408 701 2438 Errat
715 2406 865 2451 Capella,
888 2405 1050 2438 Ariadnes
1066 2406 1130 2439 Co-

177 2485 287 2506 ronam
313 2471 479 2516 appellans
504 2481 589 2508 eam,
619 2482 700 2513 quae
724 2482 795 2502 cum
820 2469 1001 2514 Scorpione
1019 2470 1130 2502 oritur.

177 2536 306 2569 Corona
332 2533 493 2566 Ariadnae
519 2537 569 2564 est
595 2529 790 2578 στέφανος
814 2529 982 2578 βόρειος,
1016 2532 1063 2565 uti
1083 2532 1130 2564 lo-

178 2598 286 2644 quitur
304 2597 442 2630 Tzetzcs
464 2596 504 2628 ad
522 2594 659 2628 Hesiod.
682 2607 713 2640 p.
729 2596 777 2628 95
800 2595 849 2627 cd.
872 2595 986 2628 Heius.
1002 2596 1131 2629 Musca.

1186 1776 1241 1820 (ad
1258 1776 1343 1818 Hyg.
1359 1781 1434 1807 astr.
1448 1776 1483 1816 4,
1505 1776 1567 1816 123
1594 1777 1948 1822 p.473).——Hyginns
1969 1781 2053 1813 enim
2072 1794 2142 1816 eam

1188 1838 1351 1870 Coronam
1371 1837 1528 1882 appellat,
1555 1850 1637 1882 quae
1651 1845 1724 1871 ante
1743 1840 1899 1873 Centauri
1919 1844 2018 1886 pedes
2031 1844 2140 1886 jacere

1187 1902 1400 1942 existimetur,
1429 1915 1510 1946 quae
1534 1908 1583 1934 est
1605 1904 1747 1936 austrina
1769 1905 1853 1949 (vide
1878 1907 1917 1938 ad
1937 1907 1964 1952 ἓ.
1981 1910 2085 1952 858),
2108 1910 2142 1942 in

1186 1967 1360 2010 eademque
1376 1967 1533 1999 sententia
1547 1968 1642 1999 ctiam
1659 1968 1805 2011 Scaliger
1823 1977 1891 2002 crat
1910 1971 1962 2015 (ad
1974 1973 2140 2006 Manilium

1185 2041 1215 2073 p.
1233 2029 1338 2071 572);
1366 2029 1423 2060 scd
1446 2028 1567 2060 Aratus
1594 2030 1694 2074 (638)
1717 2031 1917 2065 indistincte:

1234 2087 1279 2125 ‘H
1298 2089 1369 2135 μὲν
1393 2087 1451 2138 ἀρ’
1477 2090 1531 2131 εἰς
1555 2090 1693 2139 ἑτέρην
1719 2091 1895 2140 φέρεται,
1922 2092 1970 2131 τά
1989 2095 2030 2132 δὲ
2046 2095 2138 2133 νειό-

1582 2154 1656 2188 θεν
1685 2151 1786 2189 ἄλλα

1235 2212 1410 2263 Οὐρανὸς
1436 2212 1635 2265 ἀντιφέρει
1662 2215 1871 2266 στεφάνοιό
1905 2232 1946 2256 τε
1979 2220 2136 2270 δεύτερα

1593 2276 1732 2323 κύκλα,

1183 2351 1280 2384 quem
1309 2339 1402 2372 docte
1426 2340 1647 2373 animadvertit
1668 2341 1807 2376 Vossius
1832 2343 1890 2386 (ad
1916 2356 1943 2377 v.
1959 2346 2046 2390 400)
2071 2346 2136 2381 Co-

1181 2414 1291 2434 ronam
1314 2401 1487 2433 austrinam
1513 2403 1655 2434 nondum
1678 2403 1876 2445 cognmissc.

1258 2471 1355 2510 caput
1379 2465 1550 2512 Ophiuchi]
1578 2466 1719 2498 Restitui
1744 2478 1784 2498 ex
1807 2468 1916 2506 codice
1941 2468 2138 2505 Ettenheim·

1182 2528 1427 2569 miinsteriensi,
1464 2529 1553 2573 quod
1586 2528 1708 2572 Hygini
1743 2534 1775 2559 et
1803 2529 2139 2579 Pseudo-Hipparchi

1184 2605 1362 2627 consensus
1383 2592 1583 2638 postulabat,
1609 2592 1706 2634 vulgo
1723 2593 1869 2627 Enz'oclti.

1649 2657 1694 2689 85
1708 2653 1730 2680 '³‘

2171 747 2262 790 842

1672 1563 1933 1619 Capricorno
1978 1567 2137 1607 oriente
2167 1565 2258 1608 845
