2310 2860
861 213 1063 256 Martiani
1094 212 1296 269 Capellae
1323 211 1396 253 lib.
1426 211 1507 253 IX.
1540 213 1572 264 §.
1595 212 1696 254 908.

693 324 881 378 Quoque
912 321 1026 363 dedit
1051 330 1215 362 montes
1246 333 1419 361 sumere
1452 334 1574 375 posse
1604 319 1791 371 animas,

691 404 792 454 Quo
823 418 969 444 sensus
1001 403 1119 444 duris
1152 402 1346 444 cautibus
1377 402 1572 453 inseruit,

691 486 745 528 Et
775 485 918 527 docuit
947 500 1076 541 rupes
1109 485 1299 527 carmina
1334 482 1445 525 velle
1475 483 1624 538 sequi3

687 567 802 609 Nam
836 582 985 608 muros
1024 567 1187 608 Thebis
1222 565 1449 607 dulcisonis
1483 565 1640 607 fidibus

694 649 1048 705 Praesidiumque
1082 649 1197 691 dedit
1228 647 1426 688 carminis
1457 647 1643 689 arbitrio.

688 728 770 769 Sed
800 744 877 769 nec
908 730 1130 770 Arioniam
1160 743 1382 771 marmora
1412 728 1541 770 surda
1575 728 1730 785 chelyn

689 809 918 862 Temsere,
958 820 1198 852 extremam
1232 825 1371 865 quum
1402 810 1608 866 flagitaret
1638 817 1789 868 opem,‘

689 890 744 932 Et
773 891 868 933 licet
898 893 1092 934 indomiti
1122 893 1214 935 dira
1244 892 1433 948 procella
1467 893 1566 934 Noti

688 973 877 1028 Spumea
910 975 1091 1030 Scyllaei
1125 984 1313 1016 verreret
1343 975 1430 1015 ima
1461 974 1614 1026 maris,

688 1053 928 1110 Delphinas
960 1057 1052 1097 totis
1083 1055 1321 1096 sollicitavit
1357 1056 1499 1110 aquis,

688 1133 744 1176 Et
774 1136 946 1178 melicos
979 1147 1126 1179 cantus
1156 1138 1303 1178 bellua
1332 1146 1449 1192 grata
1479 1136 1585 1177 tulit.
1622 1137 1624 1141 ’

690 1215 729 1255 O
761 1231 862 1256 vere
895 1226 1089 1258 attestans
1121 1219 1299 1258 numina
1335 1231 1491 1272 magna
1523 1216 1681 1268 destun·

692 1295 817 1346 Quae
847 1297 1023 1338 istorum
1055 1299 1203 1340 laudes
1235 1298 1411 1353 protulit
1438 1296 1714 1347 Har1nonia,'

690 1377 815 1427 Quae
845 1379 1055 1420 domitare
1091 1380 1292 1430 erebum,
1337 1391 1581 1429 marmora,
1622 1390 1746 1429 saxa,
1785 1376 1918 1429 fera&

690 1457 746 1499 Et
777 1460 914 1514 potuit
943 1474 1072 1516 rupes
1107 1461 1346 1503 sensificare
1380 1459 1502 1500 tonis.

457 1536 555 1579 Post
576 1536 654 1578 hos
676 1536 923 1582 honoratior
948 1540 1264 1597 fontigenarum
1289 1542 1506 1597 virginum
1531 1539 1688 1582 chorus
1712 1540 1920 1597 Pegaseac
1943 1538 2059 1580 vocis
2085 1549 2251 1581 nectare

290 1702 484 1734 Pausaniam
501 1703 555 1746 (9,
579 1704 618 1743 5,
639 1705 663 1735 4
686 1709 719 1735 et
740 1706 797 1744 17,
822 1704 874 1746 ὅ),
898 1704 1130 1737 Philostratum
1153 1706 1248 1749 (icon.

294 1766 325 1804 1,
349 1777 381 1808 p.
397 1765 469 1796 745
485 1776 574 1807 sequ.
589 1765 745 1807 Mox-eli),
773 1766 973 1798 Clementem
990 1766 1248 1799 Alexandrinum

292 1828 416 1867 (sn-om.
436 1827 472 1866 1,
492 1827 638 1869 9525),
660 1827 874 1860 Claudianum
889 1818 986 1873 (ia'ud.
1001 1829 1074 1862 stu.
1090 1831 1124 1871 2,
1151 1829 1247 1873 170),

293 1887 348 1930 qni
371 1899 442 1918 eum
468 1899 540 1919 cum
558 1887 691 1932 Orpheo
712 1889 836 1931 junxit,
862 1891 982 1934 pariter
1003 1897 1039 1923 ut
1056 1891 1247 1936 Propertius

293 1949 345 1990 (5,
375 1950 411 1989 1,
434 1949 512 1992 45)=

350 2013 499 2055 »Orphea
524 2014 699 2047 detinuisse
722 2015 812 2059 ferus
834 2023 865 2048 et
886 2019 1012 2049 concita
1033 2018 1145 2051 dicunt

390 2074 545 2107 Flumina
575 2077 722 2109 Threicia
744 2080 936 2111 sustinuisse
960 2080 1056 2122 lyraj

342 2137 434 2170 Saxa
456 2138 658 2171 Cithaeronis
684 2141 806 2173 Thebas
828 2144 951 2186 assitam
969 2155 1027 2186 per
1044 2149 1147 2174 artem

390 2199 510 2243 Sponte
529 2212 589 2232 sua
610 2203 645 2232 in
669 2204 755 2234 muri
777 2205 916 2236 membra
937 2206 1037 2237 coisse
1056 2204 1208 2248 ferunt«,

293 2261 349 2295 ubi
371 2262 463 2306 plura
485 2263 691 2296 Burmannus
717 2267 873 2311 (pdfflo).

365 2326 550 2373 Arioniam]
577 2327 628 2359 De
649 2328 772 2361 Arione
795 2332 900 2363 omnia
921 2337 998 2364 nota
1021 2344 1062 2365 ex
1076 2332 1247 2379 Herodoto

292 2388 341 2431 (1,
352 2388 432 2432 24);
452 2389 560 2433 plures
572 2389 681 2422 laudat
692 2391 848 2424 Plehnius
863 2393 909 2438 (in
925 2394 1090 2428 Lesbiacis
1107 2408 1140 2440 p.
1152 2394 1247 2438 166).

365 2452 527 2499 vem-eret]
561 2454 612 2486 De
639 2455 735 2497 hujus
760 2457 849 2488 verbi
874 2469 935 2489 usu
965 2459 1038 2491 vide
1064 2471 1146 2502 quae
1172 2458 1246 2492 Ste-

292 2513 427 2558 phanins
450 2515 503 2558 (ad
522 2514 642 2548 Saxon.
663 2530 693 2561 p.
708 2517 770 2560 47)
794 2518 982 2551 observavit.

367 2577 536 2625 attestans]
555 2580 679 2625 Recepi
696 2580 868 2614 lectionem
888 2595 905 2614 a
925 2584 1042 2616 Grotio
1058 2585 1090 2616 in
1106 2584 1247 2627 margine

291 2639 449 2682 relictam,
477 2653 575 2686 quum
604 2642 732 2686 vulgata
754 2645 916 2679 antistans
939 2645 972 2677 id
1001 2652 1050 2678 est
1076 2657 1247 2692 superans,

1301 1706 1510 1745 antecellens,
1528 1705 1661 1737 deorum
1673 1705 1833 1748 majestati
1848 1704 2005 1738 contraria
2018 1710 2051 1736 et
2061 1704 2100 1736 ab
2111 1704 2254 1738 hocloco

1301 1766 1403 1798 aliena
1419 1779 1492 1798 esse
1507 1767 1683 1808 videl-etum
1711 1767 1811 1799 multo
1829 1767 1944 1798 melius
1960 1769 2111 1799 attestari
2123 1767 2255 1799 deornm

1299 1830 1430 1862 numina
1472 1831 1595 1863 dicetur
1629 1831 1822 1872 Harmonia,
1870 1843 1953 1875 quae
1993 1842 2103 1862 eorum
2143 1831 2254 1863 laudes

1299 1892 1479 1937 protulerit.

1373 1952 1546 1998 domitare]
1576 1953 1633 1986 Sic
1666 1953 1792 1986 codices
1825 1953 2001 1986 Grotianus
2025 1960 2057 1986 et
2078 1955 2253 1987 Darn1stat-

1299 2019 1417 2059 tensi53
1445 2018 1541 2060 vulgo
1557 2019 1703 2058 domitat,
1723 2019 1810 2062 quod
1831 2025 1932 2051 metro
1947 2019 2052 2052 minus
2072 2026 2180 2064 aptum
2195 2026 2253 2052 est.

1372 2089 1405 2115 et
1436 2081 1562 2127 potuit]
1599 2083 1708 2125 Vulgo
1737 2084 1834 2123 haec,
1871 2083 1929 2115 sed
1961 2083 2087 2116 codices
2125 2090 2253 2117 secutus

1299 2158 1370 2178 snm
1399 2147 1705 2188 Darmstattensem,
1737 2147 2051 2187 Reicfflnaueusem,
2082 2152 2115 2179 et
2141 2147 2252 2181 Mona-

1298 2223 1427 2243 eeusem
1453 2210 1519 2255 (C).

1371 2272 1627 2318 fontiqencnffcm]
1649 2273 1755 2306 Alibi:

1355 2337 1404 2368 »ιο
1425 2348 1520 2368 sacra
1541 2337 1707 2367 doctarum
1730 2335 1904 2378 prudentia
1926 2335 2195 2381 [οηὶίῃωιαινηιυ

1299 2397 1461 2430 (ἷιιοτ.--
1480 2397 1566 2431 Male
1583 2396 1762 2429 Vulcanius
1780 2398 2003 2441 Nympharum
2018 2399 2251 2444 interpretatur.

1297 2459 1364 2493 vel
1385 2471 1467 2504 quae
1493 2459 1540 2490 eis
1569 2458 1719 2490 tribuitur
1740 2459 1886 2502 Peffasea
1911 2472 1976 2492 vox
1997 2461 2098 2492 virum
2123 2461 2251 2494 doctum

1298 2525 1414 2557 docere
1432 2527 1559 2567 poterat
1573 2523 1684 2557 Musas
1704 2534 1776 2555 esse
1795 2523 2038 2566 intelligendas3
2064 2524 2137 2557 vide
2155 2536 2252 2571 supra

1298 2584 1353 2630 (ad
1375 2583 1404 2629 §.
1420 2584 1517 2628 574).

1374 2646 1517 2696 nectare]
1543 2648 1595 2682 De
1617 2647 1674 2682 tali
1700 2647 1788 2681 vocis
1811 2654 1923 2683 nectar
1952 2648 2053 2682 abusu
2077 2649 2150 2683 vide
2169 2663 2250 2697 qnae
