2310 2860
290 237 378 279 582
854 234 1053 276 Martiani
1085 233 1284 289 Capellae
1313 233 1387 275 lib.
1407 233 1503 276 VII.
1534 236 1565 286 §.
1587 234 1685 276 729.

291 343 403 383 tavit.
435 342 496 382 Ae
527 351 626 382 tunc
651 342 709 382 i-lli
734 341 899 392 radius,
932 341 1006 396 qui
1036 341 1201 396 primus
1225 349 1468 391 emerserat,
1500 341 1733 382 colliniatae
1760 341 1866 382 lucis
1888 344 2021 385 nitore
2046 354 2238 400 porrecto

287 425 417 478 ipsius
449 423 566 464 Jovis
594 424 795 465 verticem
821 423 1059 464 luminavit.
1119 421 1289 472 Quibus
1321 420 1537 462 miraculis
1568 420 1788 462 radiorum
1820 421 2046 464 innumera
2068 435 2241 480 repente

288 502 558 543 multitudine
589 512 919 558 prorumpente,
954 502 1147 543 nonnulli
1179 501 1386 542 tellustres
1417 501 1720 557 silvicolaeque
1752 501 1842 543 divi
1875 502 2105 545 Herculem
2140 521 2241 547 con—

286 583 454 638 spicati,
504 583 720 638 opinantes
760 597 854 623 eam
897 582 1062 637 hydreo
1100 583 1291 637 germine
1328 583 1554 639 pullulare.
1612 583 1675 623 Ac
1706 592 1806 624 tunc
1837 584 1984 625 oborto
2024 585 2238 639 terrigenis

286 663 574 704 mussantibus
618 678 845 705 murmure
885 678 994 719 puer
1032 664 1102 704 ille
1141 663 1285 719 piceus
1328 662 1468 716 jussus
1511 661 1741 702 admonere
1778 661 2006 703 silentium.
2072 663 2239 706 Verum

288 743 490 784 seminam
540 744 823 799 Pythagoras,
868 753 916 784 ut
954 745 1060 784 inter
1091 745 1298 800 sapientes
1330 743 1538 795 adstabat,
1585 757 1725 798 usque
1758 742 1940 784 abacum
1972 753 2241 797 consecutus,

286 825 488 879 idemque
524 826 608 879 jani
650 836 783 867 artem
816 841 1014 882 promere
1051 826 1236 881 cupienti
1280 824 1497 880 quandam
1534 824 1656 865 lactei
1686 824 1860 865 luminis
1889 824 2026 865 facem
2057 824 2242 866 officioso

287 906 512 945 consistens
554 919 732 946 munere
772 906 1052 961 praeferebat.
1111 904 1229 946 Tum
1261 904 1357 956 illa,
1394 913 1626 959 antequam
1663 904 1886 959 juberetur
1917 904 2022 960 quid
2053 913 2244 960 apportet

287 999 561 1040 expromere,
593 985 650 1025 sic
685 1000 857 1028 exorsa:

172 1066 260 1109 750
460 1067 556 1107 Non
597 1066 736 1120 ignota
779 1068 917 1118 coelo,
961 1083 1039 1108 nec
1077 1067 1206 1109 rebus
1238 1066 1466 1108 mundanis
1508 1067 1717 1122 ignorata,
1763 1080 1870 1122 quas
1899 1067 2048 1121 genui,
2087 1066 2241 1110 adveni

286 1159 416 1201 super
456 1156 644 1187 vestrum
686 1147 860 1201 quidem
904 1148 1007 1187 nihil
1047 1146 1268 1200 dedignata
1301 1146 1549 1196 concilium,
1600 1145 1799 1200 quamvis
1828 1146 2012 1200 singulos
2043 1161 2117 1187 vos
2146 1147 2242 1187 uni-

287 1240 519 1280 versosque
552 1241 794 1267 recenseam
827 1242 879 1268 ex
911 1228 1015 1267 meis
1047 1225 1282 1267 ramalibus
1314 1225 1578 1279 germinar03
1621 1234 1755 1280 tuque
1786 1226 2077 1281 potissimum,
2109 1242 2242 1282 quem

287 1305 528 1360 principalis
576 1315 669 1346 ante
709 1316 880 1347 cunetas
931 1306 1172 1362 procreavit
1216 1306 1404 1356 emissio,
1459 1315 1558 1346 tuae
1616 1306 1838 1361 singularis
1881 1307 2242 1363 primigeniaeque

361 1470 418 1515 qui
437 1467 572 1513 primnis]
601 1468 657 1501 Sic
678 1480 717 1500 cx
735 1470 844 1502 codice
864 1470 1038 1511 Gratiano,
1062 1471 1132 1515 ipso
1157 1471 1240 1503 Gro—

287 1529 373 1561 tiano
393 1531 564 1571 suadente,
588 1531 717 1575 scripsi5
744 1531 856 1574 vulgo:
869 1533 981 1564 radius
999 1535 1122 1576 primns
1143 1544 1241 1565 emer-

286 1600 372 1625 serat
397 1596 454 1640 qni
472 1599 530 1625 etc.

365 1656 544 1701 tellustres]
573 1657 712 1688 Codices
738 1657 942 1689 Monacensis
969 1658 1034 1701 (C)
1065 1664 1097 1690 et
1128 1659 1240 1690 Darin-

288 1719 452 1749 stattensis
480 1725 664 1757 terrestres,
709 1720 795 1762 quod
828 1726 933 1751 tamen
966 1721 1039 1764 quia
1071 1722 1241 1753 correctio-

288 1791 359 1809 nem
378 1780 458 1819 olet‚
478 1779 567 1810 nolui
584 1780 742 1823 recipere-3
770 1792 830 1812 nec
849 1781 924 1813 licet
942 1782 1115 1822 tellzcstris,
1141 1795 1241 1826 quan-

287 1846 354 1870 tum
381 1840 528 1882 equidem
559 1842 672 1880 sciam,
708 1842 782 1873 alibi
810 1854 875 1873 non
903 1843 1044 1885 legatur,
1078 1844 1241 1886 analogiae

288 1901 479 1933 contrarium
501 1906 557 1932 est.
584 1902 723 1933 Basilius
744 1903 847 1934 Faber
864 1903 948 1935 unde
966 1905 1127 1945 habuerit,
1154 1905 1241 1949 quod

287 1963 320 1994 in
348 1964 513 1996 Thesauro
542 1965 685 2009 scripsit,
712 1965 790 1996 alios
816 1966 922 2007 legere
948 1970 1169 2008 terrm-istros,
1195 1969 1241 2010 ig-

288 2038 387 2066 nei-03
416 2028 548 2059 Grotius
567 2028 698 2070 margini
725 2029 895 2073 adscripsit
916 2032 1124 2071 telluristres,
1155 2033 1242 2076 quod

289 2100 328 2120 ex
362 2087 619 2135 ὃιττογραφὶᾳ
643 2095 746 2120 ortum
767 2090 902 2125 videtur,

358 2150 484 2195 piceus]
512 2152 548 2182 ld
579 2157 627 2182 cst
652 2153 885 2195 Harpocrates,
915 2154 1032 2198 quippe
1060 2153 1241 2198 Aegyptius

290 2212 333 2257 (ξ.
352 2214 421 2255 99).
449 2214 567 2255 Nigrus
597 2215 693 2246 fuisse
716 2215 894 2259 Aegyptios
917 2217 1097 2261 complures
1123 2223 1242 2249 testan-

289 2284 356 2316 tur,
392 2283 425 2308 ut
447 2276 635 2308 Ammianus
660 2278 865 2310 Marcellinus
891 2280 923 2322 (l.
942 2280 990 2310 22
1013 2286 1093 2311 extr.
1117 2293 1146 2324 p.
1168 2281 1241 2312 577

290 2337 462 2380 Gronov.):
491 2338 654 2369 „homines
688 2344 791 2370 antem
817 2338 970 2383 Aegyptii
995 2341 1139 2384 plerique
1170 2341 1242 2372 sub·

287 2401 409 2442 fusculi
438 2404 512 2430 sunt
547 2405 578 2430 et
608 2401 735 2432 atram«
779 2400 864 2433 Hine
898 2407 930 2432 et
964 2402 1153 2446 Propertius
1181 2401 1242 2445 (2,

289 2463 355 2502 ΕΜ,
387 2463 459 2505 Ῑὲἰ);

341 2526 416 2557 »An
437 2526 495 2556 {ibi
514 2536 579 2556 non
598 2526 677 2556 satis
698 2530 745 2556 est
763 2525 860 2557 fuscis
881 2525 1049 2570 Aegyptus
1067 2525 1240 2559 alumnis&

291 2592 322 2616 ct
351 2585 507 2617 Martialis
533 2586 610 2629 (10,
639 2585 700 2625 12,
729 2585 801 2627 12):

351 2648 493 2680 „Niliaco
515 2649 628 2681 redeas
652 2654 687 2682 tu
714 2648 785 2681 licet
810 2660 863 2681 ore
887 2648 1002 2691 nigei-A

1291 1467 1399 1511 Quam
1421 1466 1555 1499 Grotius
1573 1466 1706 1509 margini
1728 1467 1896 1511 adscripsit
1917 1467 2088 1501 lectionem
2108 1471 2245 1513 spiceus,

1291 1531 1383 1563 nihili
1400 1537 1465 1571 est,
1492 1536 1527 1562 ut
1549 1536 1581 1561 ct
1602 1531 1635 1562 in
1659 1531 1867 1574 sequentibus
1888 1533 2036 1564 exstabat
2058 1544 2117 1577 pro
2138 1533 2245 1566 adsta·

1291 1596 1345 1627 bat
1371 1600 1404 1626 et
1430 1600 1632 1626 consectatus
1658 1605 1715 1637 pro
1742 1601 1941 1626 consecutus.

1368 1656 1462 1687 lactei
1487 1653 1636 1699 luminis]
1666 1655 1705 1685 ld
1732 1659 1780 1685 est
1808 1655 1950 1695 candidi,
1977 1655 2114 1698 indeque
2140 1655 2244 1699 splen-

1292 1717 1407 1751 dentis.
1436 1716 1543 1761 Supra
1565 1716 1607 1761 (§.
1629 1718 1687 1759 lli)
1714 1723 1824 1749 noster
1847 1717 1992 1749 similiter
2014 1718 2124 1750 »lactis
2146 1718 2246 1750 instar

1291 1778 1509 1822 candidaeque
1531 1778 1630 1809 lucis«
1653 1777 1786 1809 dixerat.

1366 1839 1523 1885 apportet]
1539 1840 1595 1873 Sic
1610 1840 1736 1872 codices
1754 1840 1940 1883 Grotianus,
1959 1841 2246 1883 Reiehenauensis‚

1291 1903 1575 1943 Darmstattensis‚
1601 1904 1814 1936 Monacenses
1842 1903 1899 1948 (A.
1922 1903 1982 1948 C),
2018 1904 2135 1949 aliique
2163 1906 2248 1949 apud

1291 1966 1512 1997 Burmannum
1535 1965 1589 2009 (ad
1615 1963 1710 1997 ovid.
1734 1964 1800 2006 ΙΙΙ,
1825 1977 1857 2010 p.
1874 1965 1961 2009 828)
1985 1965 2122 2007 laudati3
2150 1965 2246 2007 vulgo

1291 2041 1459 2074 perperam
1481 2033 1612 2072 oportet.

1367 2089 1555 2135 ramalibus]
1583 2090 1737 2123 Ovidius:

1351 2154 1514 2185 »Bamalia
1536 2154 1629 2185 arida
1650 2159 1758 2185 tectam

1291 2216 1442 2249 Persius:

1350 2292 1362 2306 ι»
1372 2278 1414 2309 Ut
1439 2276 1558 2308 ramale
1579 2282 1671 2307 velus
1690 2274 1848 2318 veyramlz‘
1868 2275 1982 2307 subere
2004 2280 2153 2309 coctum.«

1291 2337 1330 2370 ln
1357 2336 1570 2369 Grammatiea
1593 2336 1662 2379 ipse
1688 2335 1879 2368 Martianus:
1911 2335 2037 2367 »densis
2063 2337 2248 2369 obumbrata

1290 2399 1483 2431 ramalibus«
1509 2402 1541 2428 et
1572 2396 1627 2428 lib.
1650 2396 1682 2428 1:
1713 2397 1850 2428 »ramale
1885 2396 2055 2428 laureum«
2079 2397 2183 2429 Gno‘r.
2199 2415 2246 2421 —-

1291 2460 1387 2494 Adde
1411 2460 1593 2492 inferiorem
1615 2459 1720 2492 locum
1739 2459 1781 2504 (ἓ.
1796 2459 1882 2503 917)
1907 2465 1939 2492 et
1959 2460 2069 2492 confer
2085 2460 2247 2493 Saxonem

1293 2521 1543 2555 Grammaticum
1565 2521 1608 2565 (p.
1625 2522 1695 2553 126
1717 2520 1854 2565 Stepli.).
1891 2519 1930 2552 In
1957 2522 2164 2565 sequentibus
2191 2533 2248 2566 pro

1291 2586 1470 2631 qen-minari
1491 2584 1642 2616 substitui
1666 2585 1830 2616 meliorem
1852 2584 2022 2617 lectionem
2044 2598 2062 2618 e
2088 2585 2250 2619 codicibus

1293 2648 1544 2683 Monacensibus
1562 2647 1618 2693 (A.
1642 2648 1684 2691 C)
1709 2653 1741 2680 et
1760 2647 2016 2680 Darmstattensi.
