2310 2860
712 108 913 151 Martiani
944 108 1143 166 Capellae
1172 110 1245 151 lib.
1270 110 1389 153 VIII.
1419 113 1451 163 §.
1483 111 1585 153 884.
2042 115 2128 156 687

163 214 277 257 Nam
310 213 402 268 ejus
433 213 630 266 altitudo,
670 213 713 256 id
749 225 808 256 est
839 216 913 257 ubi
944 232 989 257 se
1020 218 1111 271 ejus
1142 218 1326 260 circulus
1359 233 1381 259 a
1413 228 1525 261 terra
1569 219 1690 260 altius
1726 219 1853 269 tollit,
1904 220 1984 260 sub
2023 221 2126 276 signi

163 295 316 336 Leonis
348 296 517 350 regione
558 298 792 353 consurgit3
841 298 959 339 statio
1001 313 1102 339 vero
1141 298 1331 353 specialis
1378 298 1469 351 ejus
1507 298 1667 353 prima;
1716 314 1814 339 nam
1858 309 2001 355 utpote
2040 301 2126 342 Soli

162 375 412 429 conjunctus
440 377 493 417 de
520 378 716 433 proximo
742 378 867 419 etiam
892 379 934 419 in
960 378 1226 433 quadratura
1254 380 1343 432 ejus
1371 379 1528 434 positus
1555 378 1695 420 radios
1718 380 1863 431 sentit,
1894 383 2056 436 quippe
2088 383 2125 424 in

160 458 434 513 nonagesima
455 467 573 513 parte
597 473 648 498 ex
677 468 860 513 utroque
885 459 976 512 ejus
994 459 1125 500 latere
1153 470 1412 501 remoratur.
1445 460 1647 500 Absidem
1678 462 1802 502 etiam
1829 462 1958 504 habet
1986 479 2122 505 reces-

160 553 348 595 sumque
377 539 608 580 sublimem
639 540 682 580 in
706 539 958 594 Capricorni
984 538 1188 591 confinio,
1219 540 1301 581 hoc
1325 550 1385 581 est
1408 541 1488 581 sub
1521 541 1611 595 ejus
1634 543 1837 584 vicesima
1857 559 1967 586 nona
1994 555 2123 600 parte.

870 669 944 710 DE
988 669 1213 711 STELLA
1252 669 1428 712 JOVIS.

326 775 453 816 Stella
492 791 596 817 vero
637 775 753 818 Jovis
789 775 985 817 salutaris
1030 775 1083 817 ad
1122 777 1267 819 omnia
1308 786 1453 833 utpote
1497 778 1693 833 superior
1732 778 1963 821 duodecim
2004 781 2122 822 annis

156 854 461 910 longitudinem
496 856 694 911 propriae
737 857 1075 898 circumactionis
1117 858 1327 909 excurrit,
1376 874 1452 914 per
1489 859 1756 901 latitudinem
1788 876 1894 902 vero
1927 862 2121 916 quinquo

155 934 344 990 partium
386 935 603 990 spatiatur.
662 936 852 977 Altitudo
884 939 974 992 ejus
1017 937 1165 978 circuli
1204 938 1248 978 in
1286 938 1463 994 Virgine
1506 940 1741 995 reperitur,
1791 941 1900 981 absis
1944 955 2047 981 vero
2083 942 2125 982 in

155 1012 310 1056 Cancri
356 1015 522 1056 decima
571 1017 731 1071 quinta¹
769 1019 985 1073 portione3
1035 1019 1110 1072 qui
1147 1019 1374 1061 adscensus
1412 1020 1728 1076 descensusque
1767 1022 1997 1063 'eecentron
2037 1037 2126 1063 esse

154 1107 313 1140 terram
343 1098 483 1154 ipsum
518 1112 694 1152 quoque
729 1099 942 1139 circulum
975 1108 1275 1142 contestantur.

153 1218 216 1250 situ
243 1224 276 1251 et
310 1219 413 1260 flexu,
447 1224 480 1251 et
505 1221 659 1252 abstituto
687 1219 916 1260 circulorum«;
940 1217 1114 1261 legendum

151 1287 231 1327 puto
268 1288 320 1313 »et
360 1284 523 1315 absidibus
555 1283 776 1315 circulorum«
799 1283 972 1316 Gn0T.—
1005 1283 1114 1326 Ipsius

152 1343 252 1376 Plinii
269 1344 364 1375 verba
386 1343 537 1387 apposui,
563 1344 638 1388 quia
660 1355 697 1376 ea
721 1343 771 1375 hic
789 1349 822 1374 et
843 1343 876 1375 in
903 1344 1114 1387 sequentibus

152 1412 264 1439 nostro
282 1413 355 1439 ante
376 1407 488 1439 oeulos
511 1406 612 1439 fuisse
639 1406 902 1439 verisimillimum
927 1412 993 1438 est:
1016 1407 1113 1438 „Plu-

152 1468 242 1501 ribus
269 1468 309 1500 de
344 1469 449 1501 causis
480 1470 559 1501 haec
590 1469 695 1500 omnia
720 1468 877 1500 accidunt.
924 1468 1033 1500 Prima
1054 1468 1113 1501 eir-

152 1532 316 1572 eulorum,
341 1544 424 1575 quos
449 1532 566 1565 Graeci
585 1529 735 1572 ἀψῖδας
756 1532 789 1563 in
816 1532 919 1563 stellis
937 1537 1112 1564 vocant—

153 1600 228 1626 sunt
245 1600 350 1626 autem
367 1595 400 1626 hi
414 1595 463 1626 sui
479 1596 594 1639 cuique
609 1608 716 1626 earum
731 1596 848 1639 aliique
864 1607 958 1639 quam
975 1596 1112 1636 mundo3

152 1655 302 1701 quoniam
330 1661 415 1687 terra
442 1668 460 1688 a
488 1656 662 1688 verticibus
689 1657 835 1697 duobus,
864 1668 947 1700 quos
973 1656 1113 1700 appella-

149 1725 225 1751 runt
242 1719 346 1764 polos,
373 1725 517 1752 centrum
536 1719 619 1752 coeli
635 1725 685 1751 est
699 1738 745 1743 —
763 1731 840 1762 ergo
859 1720 898 1751 ab
916 1720 978 1751 alio
996 1719 1112 1764 cuique

152 1789 263 1815 centro
297 1784 422 1816 absides
455 1795 532 1815 suae
565 1789 762 1825 exsurgunt,
787 1784 926 1828 ideoque
967 1783 1112 1815 diversos

152 1846 272 1878 hahent
292 1847 387 1878 orbes
408 1853 579 1891 motusque
599 1847 789 1886 dissimiles,
814 1848 964 1890 quoniam
981 1847 1112 1879 interio-

151 1920 203 1940 res
231 1909 360 1940 absidas
391 1920 523 1940 necesse
559 1913 608 1940 est
637 1908 802 1939 breviores
837 1920 920 1940 esse.
960 1908 1064 1950 Igitur
1093 1921 1112 1941 a

151 1979 254 2004 terrae
290 1978 400 2004 centro
432 1973 558 2004 absides
591 1971 764 2002 altissimae
797 1977 873 2003 sunt
903 1971 1045 2003 Saturno
1077 1972 1111 2003 in

150 2035 349 2079 Scorpione,
374 2034 452 2066 Jovi
474 2035 508 2066 in
530 2034 683 2076 Virgine,
715 2035 811 2067 Marti
830 2035 863 2065 in
886 2035 1015 2074 Leone,
1035 2035 1112 2067 Jovi

149 2099 184 2132 in
202 2098 360 2139 Geminis,
378 2098 502 2132 Veneri
517 2098 550 2130 in
563 2097 750 2141 Sagittario,
770 2097 932 2132 Mercurio
949 2098 983 2130 in
998 2097 1112 2143 Capri-

151 2172 267 2203 corno,
287 2160 402 2193 mediis
420 2161 561 2193 omnium
579 2160 751 2205 partibus«

225 2226 261 2256 in
284 2223 497 2272 quadratura]
524 2224 651 2256 Plinius
674 2225 727 2268 (2,
756 2224 802 2256 12
824 2236 851 2259 s.
881 2223 956 2268 15)=
979 2223 1112 2257 »Martis

153 2286 247 2319 stella
266 2292 302 2319 ut
318 2288 449 2331 propior
465 2289 559 2320 etiam
577 2301 621 2321 ex
645 2289 805 2336 quadrato
821 2288 919 2320 sentit
941 2288 1049 2320 radios
1071 2288 1112 2321 ab

153 2351 333 2394 nonaginta
353 2351 500 2393 partibus
517 2368 565 2374 -—
583 2348 694 2383 eadem
716 2350 896 2383 stationalis
914 2350 1001 2383 senis
1023 2362 1111 2383 men·

153 2413 242 2446 sibus
272 2418 487 2446 commoratur
508 2413 543 2445 in
565 2414 680 2457 signis,
709 2415 829 2459 alioqui
848 2414 1040 2448 bimestris-⁴·

225 2489 449 2526 recessumque
478 2477 662 2525 sublimem]
689 2480 815 2512 Plinius
840 2481 895 2525 (2,
924 2482 969 2514 15
988 2492 1014 2512 s-
1033 2477 1107 2523 16):

160 2539 292 2578 nAltesa
311 2543 543 2576 sublimitatum
565 2555 677 2587 causa,
703 2544 855 2590 quoniam
876 2556 895 2578 a
919 2556 978 2578 suo
997 2548 1106 2578 centro

1165 1220 1294 1252 absidas
1318 1220 1489 1253 altissimas
1521 1221 1640 1254 liabent
1666 1221 1700 1253 in
1725 1222 1795 1254 aliis
1821 1222 1937 1265 signis:
1964 1223 2126 1257 Saturnus

1163 1282 1197 1314 in
1229 1282 1346 1314 Librae
1378 1289 1468 1327 parte
1498 1283 1664 1325 vicesima,
1696 1284 1827 1328 Jupiter
1864 1286 1982 1318 Cancri
2014 1287 2125 1330 quinta

1165 1343 1298 1385 decima,
1320 1345 1408 1377 Mars
1429 1345 1619 1388 Capricorni
1636 1345 1785 1378 vicesima
1802 1353 1930 1379 octava«
1952 1354 2022 1389 eet,
2040 1349 2125 1380 unde

1164 1405 1221 1448 qui
1244 1405 1331 1436 volet
1352 1417 1503 1437 numeros
1525 1407 1609 1450 apud
1632 1414 1778 1439 nostrum
1807 1409 1954 1451 corrigat.

1237 1468 1406 1514 salutaris]
1427 1470 1543 1502 Cicero
1558 1470 1674 1513 (somn.
1691 1470 1780 1515 Scip.
1792 1473 1814 1503 4
1832 1472 1898 1504 sive
1916 1485 1965 1517 ap.
1981 1472 2123 1505 Maerob.

1167 1533 1204 1572 1,
1234 1533 1308 1575 17):
1332 1533 1475 1564 »Deinde
1498 1539 1548 1565 est
1572 1533 1736 1565 hominnm
1759 1536 1868 1576 generi
1891 1547 2066 1580 prosperus
2091 1542 2126 1569 et

1163 1597 1319 1628 salutaris
1336 1597 1391 1628 ille
1412 1598 1528 1638 fulgor,
1550 1597 1605 1640 qui
1628 1597 1744 1629 dieitur
1760 1598 1886 1633 Joxis.«
1921 1599 2035 1631 Codex
2046 1599 2124 1632 Rei·

1163 1660 1375 1691 ehenauensis
1393 1666 1468 1703 post
1486 1672 1597 1692 vocem
1614 1662 1769 1693 salutaris
1790 1663 1876 1694 addit
1890 1669 2008 1702 rector,
2036 1663 2125 1707 quod

1162 1729 1269 1756 tamen
1302 1724 1466 1767 displicet,
1499 1724 1573 1768 quia
1604 1724 1802 1768 planetarum
1834 1732 1938 1758 rector
1967 1726 2027 1759 Sol
2054 1732 2124 1767 est,

1162 1797 1229 1818 non
1257 1785 1353 1817 «Iovis
1380 1786 1482 1817 stella.
1524 1786 1591 1817 Sed
1621 1786 1660 1817 de
1682 1786 1767 1818 Jove
1795 1783 2032 1835 (ἓγαθοποιῴ
2055 1788 2126 1819 Ma-

1162 1848 1260 1880 netho
1289 1847 1398 1878 multis
1423 1847 1522 1887 loeis,
1546 1848 1579 1878 in
1597 1847 1710 1891 primis
1740 1849 1802 1880 hoe
1825 1849 1877 1892 (4,
1906 1849 2011 1892 436)=

1209 1907 1308 1950 Ζεὺς
1329 1911 1364 1945 δ’
1390 1907 1500 1945 ὁπότ’
1522 1907 1572 1945 ἄν
1588 1909 1758 1957 φαέθων
1775 1907 2006 1958 ώροσκόπον
2021 1908 2123 1956 ὄμμα

1560 1970 1731 2018 τιταὶνῃ,

1211 2031 1452 2082 Εὐμόρφους
1482 2046 1525 2070 τε
1558 2034 1695 2081 τίθησι
1731 2031 1796 2070 καὶ
1827 2031 2026 2081 εὐτυχέας
2058 2033 2124 2070 καὶ

1570 2094 1784 2141 ἐπόλβους,

1206 2159 1270 2196 Ἕν
1285 2160 1318 2195 τ’
1343 2156 1490 2206 ἀρχαῖς
1513 2157 1714 2206 πλειστῇόι
1737 2154 1891 2205 πάτρης
1910 2156 1960 2195 τὰ
1983 2158 2120 2200 βέβαια

1562 2221 1824 2271 φρονοῦντας.

1159 2286 1256 2320 Adde
1278 2287 1470 2332 interpretes
1493 2287 1600 2319 Persii
1625 2287 1697 2331 (sat.
1720 2288 1760 2326 5,
1802 2285 1874 2328 50).

1234 2357 1404 2384 eccentron
1430 2363 1498 2383 esse
1530 2348 1670 2395 tem-am]
1698 2349 1803 2390 Lege:
1833 2352 2024 2380 »eecentron
2048 2359 2121 2381 esse

1158 2421 1292 2448 tert-aen«
1311 2415 1476 2448 Gnor.-
1500 2415 1618 2454 Recte,
1656 2413 1683 2445 si
1708 2411 1873 2456 superiora
1900 2423 2121 2456 comparamus

1158 2478 1201 2524 (§.
1223 2479 1326 2523 884)=
1352 2479 1525 2512 »circulum
1552 2479 1676 2511 telluris
1703 2481 1912 2515 eccentron‹1;
1940 2475 1998 2507 scd
2020 2488 2119 2520 quum

1158 2541 1365 2577 nihilominus
1380 2541 1485 2576 variae
1500 2538 1690 2576 emendandi
1706 2537 1777 2573 viae
1795 2543 1944 2583 pateant,
1973 2537 2118 2570 codicum
