2310 2860
254 122 349 164 440
818 120 1016 166 Martiani
1054 119 1252 177 Capellae
1287 119 1359 165 lib.
1390 119 1445 162 V.
1485 121 1517 172 ᾗ.
1540 121 1637 163 512.

256 231 436 280 borum,
469 241 604 283 quum
637 242 705 270 res
736 238 808 270 aut
837 243 913 270 sua
944 243 1029 270 non
1058 228 1220 270 invenit
1248 227 1401 279 verba,
1433 237 1506 270 aut
1536 242 1675 284 quum
1705 229 1906 273 volumus
1940 231 2200 288 splendidius
2239 253 2244 255 -

259 309 418 364 aliquid
454 309 666 363 explicari.
727 310 839 364 Ergo
872 320 944 350 aut
981 310 1147 364 inopiae
1193 318 1265 350 aut
1294 308 1458 350 decoris
1505 323 1632 350 eausa
1661 309 1990 354 transferuntur:
2022 314 2201 369 inopiae,

258 405 393 444 quum
424 389 605 430 dicimus
636 405 852 444 gemmare
882 393 1010 432 vitem
1043 401 1082 432 et
1109 391 1330 432 luxuriare
1357 401 1512 446 segetes
1539 392 1757 447 laetasque
1788 392 2088 447 perhibemus3
2128 393 2204 434 de-

256 469 354 514 sunt
389 471 503 513 enim
539 473 732 528 propria,
771 482 810 513 et
843 472 1170 514 commodantur
1204 471 1380 524 adscita3
1421 471 1583 512 decoris
1615 487 1743 523 vero,
1772 481 1838 512 ut:
1871 471 2033 513 bellum
2064 473 2202 513 subito

258 553 434 604 exarsit,
475 567 613 608 quum
649 553 833 607 potuerit
868 553 949 594 diei
990 554 1152 595 exstitit.
1211 552 1265 595 Et
1303 554 1404 594 item
1437 568 1663 609 possumus
1695 553 1747 594 ab
1788 553 1987 594 omnibus
2016 553 2204 594 sensibus

255 634 468 685 mutuari,
518 643 566 674 ut
600 633 652 675 ab
688 634 820 674 oeulis
862 633 945 674 lux
978 633 1198 683 libertatis,
1247 642 1286 673 et
1323 632 1428 673 odor
1470 633 1634 688 legum,
1681 643 1739 675 et:
1771 635 1919 685 „silent
1948 635 2058 689 leges
2101 628 2206 676 inter

258 717 422 765 arma“,
462 724 502 755 et
531 729 554 754 a
585 724 729 769 gustu:
752 729 807 763 „o
831 730 987 755 nomen
1018 715 1154 757 duleis
1185 714 1426 755 libertatis.“
1459 715 1626 755 Verum
1659 730 1744 756 non
1775 715 1900 757 debet
1932 716 2039 757 haee
2072 725 2207 757 trans·-

256 797 440 837 latorum
475 795 802 850 alienorumque
832 795 1066 837 verborum
1095 796 1300 838 affectatio
1331 796 1419 836 sine
1444 795 1732 837 moderatione
1763 797 1945 853 captari,
1974 812 2052 838 nee
2086 797 2208 852 longe

1969 876 2208 921 Vitandum

260 974 435 1015 quoque
465 973 518 1000 ne
555 958 689 1013 turpis
728 958 777 999 sit
815 958 1098 1000 similitudinis
1142 959 1389 1015 usurpatio,
1432 968 1480 1001 ut
1518 960 1550 1000 si
1585 959 1698 1001 dicas
1737 969 1990 1012 „castratam
2020 958 2209 1001 Africani

257 877 382 933 petita
420 876 573 917 debent
618 890 705 915 esse
746 876 968 927 translata,
1014 886 1060 918 ut
1092 878 1126 917 si
1161 876 1274 918 dieas
1313 877 1580 918 luxuriosam
1621 878 1901 934 Charybdim.

256 1050 394 1081 morte
444 1039 786 1095 rempublicam“
832 1050 905 1081 aut
945 1039 1175 1092 „Clodium
1220 1050 1381 1082 stereus
1423 1043 1634 1081 senatus.“
1688 1041 1737 1082 In
1770 1042 1851 1082 hoe
1881 1057 2035 1097 genere
2072 1051 2209 1082 trans-

254 1119 419 1160 ferendi
455 1121 579 1160 etiam
612 1120 857 1175 allegoriam
888 1126 1035 1176 poetae
1070 1122 1299 1178 praecipue
1331 1129 1595 1170 nexuerunt,
1627 1128 1666 1160 et
1704 1118 1876 1172 Cicero,
1917 1135 2057 1175 quum
2090 1119 2206 1159 dicit:

257 1199 488 1250 „Senatum
522 1215 545 1241 a
575 1201 873 1259 gubernaculis
912 1201 1151 1258 dejecisses‚
1195 1202 1407 1261 populum
1441 1202 1689 1248 Romanum
1724 1218 1748 1244 e
1782 1203 1882 1246 navi
1921 1202 2208 1253 exturbasses,

259 1357 316 1389 sed
332 1357 572 1400 Quinctilianus
596 1359 690 1390 etiam
715 1360 793 1403 (10,
820 1361 858 1400 1,
880 1361 947 1400 663
970 1372 1002 1404 p.
1017 1360 1063 1393 34
1085 1359 1212 1404 Spald.)
1258 1362 1387 1393 tertium
1413 1374 1452 1394 ez
1480 1362 1624 1393 oratione
1657 1373 1715 1406 pro
1746 1361 1868 1420 ”¹5¹3OE
1890 1359 1969 1405 (4),
2002 1365 2035 1392 et
2063 1363 2211 1404 quartum

256 1422 316 1453 hac
340 1432 416 1453 voce
450 1421 557 1453 utitur.
591 1422 730 1454 Videtur
757 1429 862 1454 autem
896 1424 995 1467 priori
1019 1425 1122 1455 minus
1145 1425 1211 1468 pla-

257 1482 381 1523 cuisse,
404 1482 459 1526 qui
476 1484 569 1527 (orat.
588 1483 623 1526 5)
644 1496 681 1515 ca
702 1496 780 1515 usus
802 1485 922 1516 addidit
943 1492 995 1516 »ut
1017 1486 1058 1517 ita
1076 1486 1203 1518 dicam-1

331 1566 471 1614 inopiae]
498 1569 617 1601 Iisdem
637 1570 792 1616 exemplis
812 1582 908 1616 supra
932 1571 974 1616 (ἓ.
991 1572 1085 1616 579)
1103 1572 1212 1612 utitur,

257 1630 312 1662 ubi
334 1630 406 1662 vide
429 1636 546 1662 notam.

332 1718 496 1765 sensibus]
528 1720 555 1750 Ε
590 1719 765 1760 Cicerone,
792 1721 847 1765 qui
875 1721 934 1766 (de
958 1727 1036 1754 orat.
1057 1723 1098 1763 5,
1129 1722 1212 1766 40);

265 1783 469 1814 ntranslatio«
487 1782 590 1826 inquit
610 1784 665 1814 uad
684 1796 797 1815 sensus
818 1784 907 1828 ipsos
931 1785 1127 1826 admovetur,
1148 1798 1212 1817 ma·

258 1845 342 1877 xime
369 1846 553 1886 oculorum,
583 1847 636 1890 qui
660 1853 708 1878 est
733 1859 846 1879 sensus
871 1849 1050 1882 acerrimus.
1075 1849 1157 1881 Nam
1181 1854 1214 1880 et

259 1907 337 1938 odor
361 1907 565 1947 urbanitatis,
592 1914 623 1938 et
644 1909 807 1940 mollitudo
831 1911 1050 1951 humanitatis,
1077 1917 1109 1942 et
1129 1923 1214 1942 mur·

258 1982 331 2001 mm·
353 1970 463 2009 maris,
483 1975 514 2001 et
535 1971 666 2003 dulcedo
686 1972 837 2004 orationis
859 1979 933 2005 sunt
949 1974 1044 2006 dueta
1060 1986 1077 2008 a
1099 1974 1213 2007 ceteris

260 2032 434 2063 sensibus«

334 2104 429 2150 odor]
457 2106 563 2138 Credo
594 2107 644 2139 hie
678 2119 772 2140 voces
801 2109 922 2152 aliquot
950 2109 1080 2151 deesse,
1112 2115 1143 2141 et
1168 2109 1213 2142 le-

260 2170 416 2212 gendum:
441 2175 494 2200 nut
523 2170 561 2200 ab
590 2171 706 2211 oculis,
734 2172 789 2203 lux
819 2173 990 2212 libertatis,
1019 2173 1058 2204 ab
1083 2173 1212 2214 olfactu,

260 2233 340 2263 odor
369 2232 493 2272 legum,
531 2243 548 2262 a
579 2231 723 2274 loquela,
762 2234 857 2265 silent
877 2235 965 2276 leges
988 2235 1072 2266 inter
1094 2247 1205 2267 armam

260 2296 419 2327 Gnor.-
445 2295 621 2327 Martianus
640 2296 775 2327 sortasse
799 2298 882 2329 haud
902 2298 1112 2330 neeessariam
1132 2299 1214 2329 hanc

261 2356 454 2388 additionem
475 2356 613 2400 putavit,
649 2357 816 2388 arbitratus
844 2358 986 2400 legentes
1011 2359 1100 2403 ipsos
1121 2359 1213 2390 facile

260 2425 485 2464 perspecturus
514 2432 604 2460 esse,
636 2420 759 2451 cuinam
792 2422 899 2453 sensui
930 2423 1080 2467 quodque
1109 2435 1214 2455 exem-

261 2484 347 2527 plum
365 2489 450 2516 esset
469 2483 721 2516 adscribendum.
744 2484 894 2517 Ceterum
913 2487 1131 2530 exemplorum
1150 2486 1213 2531 pri-

262 2556 315 2576 ora
337 2545 400 2577 duo
423 2557 462 2577 ex
486 2557 549 2579 uno
567 2545 734 2578 Ciceronis
755 2545 828 2579 loco
851 2547 897 2591 (iu
915 2547 1052 2581 Verrem
1074 2551 1114 2591 5,
1139 2548 1212 2594 (51),

1260 1425 1376 1456 iterum
1401 1437 1418 1455 e
1440 1424 1575 1456 Verrina
1601 1425 1652 1467 (5,
1680 1424 1741 1467 85)
1770 1417 1914 1471 desiimta
1941 1427 2023 1454 sunt.

1336 1485 1527 1531 castratam]
1564 1486 1704 1517 Restitui
1734 1480 1885 1517 loeum'c
1911 1485 2074 1518 codicibus
2097 1483 2211 1515 narm-

1263 1549 1410 1581 stattensi
1429 1554 1461 1580 et
1477 1549 1663 1580 monacensi
1682 1548 1754 1591 (C),
1782 1549 1877 1589 vulgo
1905 1548 1989 1579 enim
2011 1545 2144 1578 ridicule
2166 1543 2211 1576 le·

1263 1612 1395 1652 gebatur
1414 1627 1424 1639 »ι
1433 1616 1598 1642 castratam
1615 1610 1757 1641 Africam
1777 1616 1931 1641 mortuam
1951 1608 2204 1652 rempublicama

1261 1673 1386 1706 Eodem
1406 1673 1520 1705 Cicero
1537 1672 1590 1715 (de
1613 1678 1691 1706 orat.
1709 1674 1747 1712 5,
1766 1672 1827 1715 41)
1853 1671 2000 1715 exemplo
2025 1682 2104 1702 usus
2133 1674 2212 1710 erat,

1263 1742 1295 1767 et
1311 1742 1386 1781 post
1404 1748 1475 1767 cum
1490 1734 1727 1778 Quinctilianus
1742 1734 1790 1778 (8,
1809 1735 1843 1774 6,
1867 1736 1929 1775 153
1947 1735 2062 1778 p.509
2078 1731 2212 1777 Spald.).

1337 1798 1478 1844 stereus]
1503 1799 1606 1830 Paulo
1634 1799 1724 1830 aliter
1749 1798 1865 1831 Cicero
1894 1798 1951 1842 (de
1973 1803 2050 1830 orat.
2070 1799 2109 1837 5,
2135 1796 2213 1839 41)=

1271 1862 1363 1894 molo
1391 1867 1513 1893 stercus
1541 1861 1646 1893 curiae
1678 1860 1740 1892 dici
1772 1860 1971 1894 Glauciam..
2013 1859 2124 1903 Atque
2152 1859 2214 1890 hoc

1263 1936 1379 1957 nomen
1407 1924 1467 1964 sic,
1497 1935 1563 1956 non
1594 1923 1740 1956 Clodium
1748 1947 1760 1963 ,
1785 1923 1870 1968 apud
1903 1929 2048 1955 nostrum
2085 1931 2212 1966 quoque

1264 1987 1416 2030 scriptum
1439 1986 1554 2025 fuisse,
1587 1998 1626 2017 ex
1649 1998 1687 2017 eo
1707 1986 1838 2028 colligo,
1865 1986 1953 2030 quod
1976 1985 2010 2017 in
2025 1983 2213 2018 monacensi

1263 2060 1321 2094 pro
1354 2060 1392 2080 eo
1424 2048 1542 2089 legitur
1575 2048 1800 2089 »Claudium«,
1845 2054 1950 2080 tamen
1979 2047 2057 2080 nihil
2090 2050 2211 2079 mutare

1264 2122 1360 2143 ausus
1385 2122 1464 2141 suni.

1338 2171 1534 2218 alleqoriam]
1560 2173 1652 2206 naec
1669 2173 1752 2205 enim
1768 2178 1835 2204 tota
1858 2171 2118 2203 translationibus
2138 2183 2211 2204 con·

1263 2241 1326 2268 stat
1352 2236 1435 2279 (Cic.
1460 2241 1537 2267 orat,
1554 2235 1625 2278 2⁷).
1650 2235 1751 2266 Recte
1778 2234 1873 2275 igitur
1895 2233 2133 2276 Quinctilianus
2157 2235 2212 2278 (8,

1263 2299 1302 2338 6,
1327 2297 1368 2336 43
1394 2310 1424 2340 p.
1439 2298 1522 2329 505.
1550 2297 1584 2335 9,
1609 2297 1643 2335 2,
1666 2296 1731 2334 433
1759 2308 1788 2338 p.
1806 2295 1908 2338 409):
1931 2296 2130 2326 »continuata
2155 2306 2212 2338 με·

1263 2355 1419 2406 ταφορά
1460 2358 1535 2389 facit
1569 2353 1848 2403 ἀλληγορίανας
1897 2357 2012 2401 quibus
2047 2357 2212 2389 immodice

1263 2419 1425 2464 usurpatis
1458 2424 1560 2450 totum
1599 2418 1642 2449 ait
1666 2418 1724 2462 (8,
1751 2419 1793 2459 5,
1824 2418 1889 2460 263
1930 2431 1962 2464 p.
1988 2419 2060 2450 228
2089 2417 2212 2463 Spald.)

1263 2493 1363 2528 prope
1388 2480 1502 2512 mutari
1526 2492 1714 2514 sermonem.

1340 2555 1410 2576 cum
1430 2540 1539 2589 grem]
1566 2542 1688 2588 Recepi
1710 2541 1880 2576 lectionem
1904 2552 1921 2575 a
1945 2540 2059 2575 Grotio
2079 2541 2113 2574 in
2132 2550 2210 2573 mar-
