<?xml version="1.0" encoding="UTF-8"?>
<!DOCTYPE html PUBLIC "-//W3C//DTD XHTML 1.0 Transitional//EN"
    "http://www.w3.org/TR/xhtml1/DTD/xhtml1-transitional.dtd">
<html xmlns="http://www.w3.org/1999/xhtml" xml:lang="en" lang="en">
 <head>
  <title>
</title>
<meta http-equiv="Content-Type" content="text/html;charset=utf-8" />
  <meta name='ocr-system' content='tesseract 3.04.00' />
  <meta name='ocr-capabilities' content='ocr_page ocr_carea ocr_par ocr_line ocrx_word'/>
</head>
<body>
  <div class='ocr_page' id='page_1' title='image "./denuptiisphilolo00martuoft/denuptiisphilolo00martuoft_0160.png"; bbox 0 0 2310 2860; ppageno 0'>
   <div class='ocr_carea' id='block_1_1' title="bbox 171 2370 189 2377">
    <p class='ocr_par' dir='ltr' id='par_1_1' title="bbox 171 2370 189 2377">
     <span class='ocr_line' id='line_1_1' title="bbox 171 2370 189 2377; baseline 0 0"><span class='ocrx_word' id='word_1_1' title='bbox 171 2370 189 2377; x_wconf 46' lang='lat' dir='ltr'><strong>m</strong></span> 
     </span>
    </p>
   </div>
   <div class='ocr_carea' id='block_1_2' title="bbox 214 217 301 260">
    <p class='ocr_par' dir='ltr' id='par_1_2' title="bbox 214 217 301 260">
     <span class='ocr_line' id='line_1_2' title="bbox 214 217 301 260; baseline -0.011 0"><span class='ocrx_word' id='word_1_2' title='bbox 214 217 301 260; x_wconf 76' lang='lat'><strong>130</strong></span> 
     </span>
    </p>
   </div>
   <div class='ocr_carea' id='block_1_3' title="bbox 816 210 1589 270">
    <p class='ocr_par' dir='ltr' id='par_1_3' title="bbox 816 210 1589 270">
     <span class='ocr_line' id='line_1_3' title="bbox 816 210 1589 270; baseline -0.004 -12"><span class='ocrx_word' id='word_1_3' title='bbox 816 213 1015 258; x_wconf 85' lang='lat' dir='ltr'><strong>Martiani</strong></span> <span class='ocrx_word' id='word_1_4' title='bbox 1053 210 1255 270; x_wconf 79' lang='lat' dir='ltr'><strong>Capellae</strong></span> <span class='ocrx_word' id='word_1_5' title='bbox 1289 212 1361 254; x_wconf 88' lang='lat' dir='ltr'><strong>lib.</strong></span> <span class='ocrx_word' id='word_1_6' title='bbox 1389 212 1422 254; x_wconf 88' lang='grc' dir='ltr'><strong>Ι.</strong></span> <span class='ocrx_word' id='word_1_7' title='bbox 1459 214 1493 265; x_wconf 86' lang='lat'><strong>§.</strong></span> <span class='ocrx_word' id='word_1_8' title='bbox 1517 213 1589 255; x_wconf 82' lang='lat'><strong>91.</strong></span> 
     </span>
    </p>
   </div>
   <div class='ocr_carea' id='block_1_4' title="bbox 607 319 1507 377">
    <p class='ocr_par' dir='ltr' id='par_1_4' title="bbox 607 319 1507 377">
     <span class='ocr_line' id='line_1_4' title="bbox 607 319 1507 377; baseline -0.006 -12"><span class='ocrx_word' id='word_1_9' title='bbox 607 323 664 366; x_wconf 89' lang='lat' dir='ltr'><strong>Ni</strong></span> <span class='ocrx_word' id='word_1_10' title='bbox 694 333 857 375; x_wconf 84' lang='lat' dir='ltr'><strong>nostra,</strong></span> <span class='ocrx_word' id='word_1_11' title='bbox 898 319 1108 377; x_wconf 80' lang='lat' dir='ltr'><strong>astrigeri,</strong></span> <span class='ocrx_word' id='word_1_12' title='bbox 1144 329 1244 361; x_wconf 82' lang='lat' dir='ltr'><strong>nota</strong></span> <span class='ocrx_word' id='word_1_13' title='bbox 1274 319 1507 376; x_wconf 82' lang='lat' dir='ltr'><strong>benignitas</strong></span> 
     </span>
    </p>
   </div>
   <div class='ocr_carea' id='block_1_5' title="bbox 611 402 1533 458">
    <p class='ocr_par' dir='ltr' id='par_1_5' title="bbox 611 402 1533 458">
     <span class='ocr_line' id='line_1_5' title="bbox 611 402 1533 458; baseline -0.003 -11"><span class='ocrx_word' id='word_1_14' title='bbox 611 404 817 447; x_wconf 79' lang='lat' dir='ltr'><strong>Conferre</strong></span> <span class='ocrx_word' id='word_1_15' title='bbox 849 404 1074 446; x_wconf 80' lang='lat' dir='ltr'><strong>arbitrium</strong></span> <span class='ocrx_word' id='word_1_16' title='bbox 1112 411 1277 458; x_wconf 82' lang='lat' dir='ltr'><strong>cogeret</strong></span> <span class='ocrx_word' id='word_1_17' title='bbox 1308 402 1533 454; x_wconf 85' lang='lat' dir='ltr'><strong>intimum,</strong></span> 
     </span>
    </p>
   </div>
   <div class='ocr_carea' id='block_1_6' title="bbox 610 483 1440 541">
    <p class='ocr_par' dir='ltr' id='par_1_6' title="bbox 610 483 1440 541">
     <span class='ocr_line' id='line_1_6' title="bbox 610 483 1440 541; baseline -0.002 -15"><span class='ocrx_word' id='word_1_18' title='bbox 610 485 665 527; x_wconf 83' lang='lat' dir='ltr'><strong>Et</strong></span> <span class='ocrx_word' id='word_1_19' title='bbox 696 484 909 541; x_wconf 82' lang='lat' dir='ltr'><strong>quidquid</strong></span> <span class='ocrx_word' id='word_1_20' title='bbox 941 485 1062 526; x_wconf 83' lang='lat' dir='ltr'><strong>tacito</strong></span> <span class='ocrx_word' id='word_1_21' title='bbox 1093 483 1204 526; x_wconf 85' lang='lat' dir='ltr'><strong>velle</strong></span> <span class='ocrx_word' id='word_1_22' title='bbox 1234 484 1315 526; x_wconf 81' lang='lat' dir='ltr'><strong>fuit</strong></span> <span class='ocrx_word' id='word_1_23' title='bbox 1344 485 1440 526; x_wconf 83' lang='lat' dir='ltr'><strong>satis</strong></span> 
     </span>
    </p>
   </div>
   <div class='ocr_carea' id='block_1_7' title="bbox 611 565 1532 608">
    <p class='ocr_par' dir='ltr' id='par_1_7' title="bbox 611 565 1532 608">
     <span class='ocr_line' id='line_1_7' title="bbox 611 565 1532 608; baseline 0.001 -1"><span class='ocrx_word' id='word_1_24' title='bbox 611 566 662 608; x_wconf 91' lang='lat' dir='ltr'><strong>Id</strong></span> <span class='ocrx_word' id='word_1_25' title='bbox 692 566 804 608; x_wconf 76' lang='lat' dir='ltr'><strong>ferre</strong></span> <span class='ocrx_word' id='word_1_26' title='bbox 834 567 876 608; x_wconf 91' lang='lat' dir='ltr'><strong>in</strong></span> <span class='ocrx_word' id='word_1_27' title='bbox 907 566 1102 607; x_wconf 85' lang='lat' dir='ltr'><strong>medium</strong></span> <span class='ocrx_word' id='word_1_28' title='bbox 1135 565 1371 607; x_wconf 85' lang='lat' dir='ltr'><strong>collibitum</strong></span> <span class='ocrx_word' id='word_1_29' title='bbox 1402 566 1532 608; x_wconf 81' lang='lat' dir='ltr'><strong>foret:</strong></span> 
     </span>
    </p>
   </div>
   <div class='ocr_carea' id='block_1_8' title="bbox 608 645 1537 702">
    <p class='ocr_par' dir='ltr' id='par_1_8' title="bbox 608 645 1537 702">
     <span class='ocr_line' id='line_1_8' title="bbox 608 645 1537 702; baseline 0 -15"><span class='ocrx_word' id='word_1_30' title='bbox 608 647 781 688; x_wconf 83' lang='lat' dir='ltr'>Possem</span> <span class='ocrx_word' id='word_1_31' title='bbox 813 657 925 689; x_wconf 80' lang='lat' dir='ltr'><strong>certa</strong></span> <span class='ocrx_word' id='word_1_32' title='bbox 956 647 1062 688; x_wconf 87' lang='lat' dir='ltr'><strong>meis</strong></span> <span class='ocrx_word' id='word_1_33' title='bbox 1092 661 1293 702; x_wconf 84' lang='lat' dir='ltr'>promere</span> <span class='ocrx_word' id='word_1_34' title='bbox 1322 645 1537 698; x_wconf 87' lang='lat' dir='ltr'><strong>ductibus,</strong></span> 
     </span>
    </p>
   </div>
   <div class='ocr_carea' id='block_1_9' title="bbox 609 729 1514 786">
    <p class='ocr_par' dir='ltr' id='par_1_9' title="bbox 609 729 1514 786">
     <span class='ocr_line' id='line_1_9' title="bbox 609 729 1514 786; baseline -0.001 -15"><span class='ocrx_word' id='word_1_35' title='bbox 609 729 701 771; x_wconf 84' lang='lat' dir='ltr'><strong>Nec</strong></span> <span class='ocrx_word' id='word_1_36' title='bbox 731 730 963 786; x_wconf 84' lang='lat' dir='ltr'><strong>quisquam</strong></span> <span class='ocrx_word' id='word_1_37' title='bbox 994 729 1146 770; x_wconf 70' lang='lat' dir='ltr'><strong>illicitis</strong></span> <span class='ocrx_word' id='word_1_38' title='bbox 1175 729 1324 770; x_wconf 77' lang='lat' dir='ltr'><strong>tollere</strong></span> <span class='ocrx_word' id='word_1_39' title='bbox 1352 729 1514 770; x_wconf 83' lang='lat' dir='ltr'><strong>nisibus</strong></span> 
     </span>
    </p>
   </div>
   <div class='ocr_carea' id='block_1_10' title="bbox 613 810 1555 869">
    <p class='ocr_par' dir='ltr' id='par_1_10' title="bbox 613 810 1555 869">
     <span class='ocr_line' id='line_1_10' title="bbox 613 810 1555 869; baseline -0.002 -16"><span class='ocrx_word' id='word_1_40' title='bbox 613 810 870 854; x_wconf 84' lang='lat' dir='ltr'><strong>Concertans</strong></span> <span class='ocrx_word' id='word_1_41' title='bbox 900 822 1075 869; x_wconf 82' lang='lat' dir='ltr'><strong>cuperet</strong></span> <span class='ocrx_word' id='word_1_42' title='bbox 1103 813 1218 868; x_wconf 82' lang='lat' dir='ltr'><strong>jussa</strong></span> <span class='ocrx_word' id='word_1_43' title='bbox 1247 812 1379 853; x_wconf 60' lang='lat' dir='ltr'><strong>defun</strong></span> <span class='ocrx_word' id='word_1_44' title='bbox 1412 811 1555 868; x_wconf 82' lang='lat' dir='ltr'><strong>patris.</strong></span> 
     </span>
    </p>
   </div>
   <div class='ocr_carea' id='block_1_11' title="bbox 208 956 1175 2388">
    <p class='ocr_par' dir='ltr' id='par_1_11' title="bbox 211 956 1167 1130">
     <span class='ocr_line' id='line_1_11' title="bbox 212 956 1167 999; baseline -0.002 -10"><span class='ocrx_word' id='word_1_45' title='bbox 212 971 350 990; x_wconf 73' lang='lat' dir='ltr'><strong>errorem</strong></span> <span class='ocrx_word' id='word_1_46' title='bbox 374 958 568 999; x_wconf 80' lang='lat' dir='ltr'><strong>glossatores</strong></span> <span class='ocrx_word' id='word_1_47' title='bbox 596 957 761 989; x_wconf 81' lang='lat' dir='ltr'><strong>induxisse</strong></span> <span class='ocrx_word' id='word_1_48' title='bbox 782 957 917 989; x_wconf 68' lang='lat' dir='ltr'><strong>videtur.</strong></span> <span class='ocrx_word' id='word_1_49' title='bbox 953 957 1108 990; x_wconf 84' lang='lat' dir='ltr'><strong>Ceterum</strong></span> <span class='ocrx_word' id='word_1_50' title='bbox 1131 956 1167 988; x_wconf 84' lang='lat' dir='ltr'><strong>in</strong></span> 
     </span>
     <span class='ocr_line' id='line_1_12' title="bbox 213 1021 1165 1067; baseline -0.001 -14"><span class='ocrx_word' id='word_1_51' title='bbox 213 1030 278 1054; x_wconf 85' lang='lat' dir='ltr'><strong>tota</strong></span> <span class='ocrx_word' id='word_1_52' title='bbox 295 1025 353 1055; x_wconf 71' lang='lat' dir='ltr'><strong>liae</strong></span> <span class='ocrx_word' id='word_1_53' title='bbox 377 1023 519 1054; x_wconf 83' lang='lat' dir='ltr'><strong>oratione</strong></span> <span class='ocrx_word' id='word_1_54' title='bbox 545 1021 655 1054; x_wconf 73' lang='lat' dir='ltr'><strong>Ovidii</strong></span> <span class='ocrx_word' id='word_1_55' title='bbox 672 1022 758 1067; x_wconf 86' lang='lat' dir='ltr'><strong>(met.</strong></span> <span class='ocrx_word' id='word_1_56' title='bbox 777 1023 812 1062; x_wconf 77' lang='grc'><strong>9,</strong></span> <span class='ocrx_word' id='word_1_57' title='bbox 841 1022 928 1065; x_wconf 76' lang='grc'>245)</span> <span class='ocrx_word' id='word_1_58' title='bbox 946 1021 1165 1060; x_wconf 81' lang='lat' dir='ltr'><strong>imitationem,</strong></span> 
     </span>
     <span class='ocr_line' id='line_1_13' title="bbox 211 1084 854 1130; baseline -0.002 -14"><span class='ocrx_word' id='word_1_59' title='bbox 211 1085 298 1130; x_wconf 85' lang='lat' dir='ltr'><strong>quod</strong></span> <span class='ocrx_word' id='word_1_60' title='bbox 320 1097 416 1129; x_wconf 80' lang='lat' dir='ltr'><strong>supra</strong></span> <span class='ocrx_word' id='word_1_61' title='bbox 437 1085 505 1127; x_wconf 87' lang='lat' dir='ltr'><strong>jam</strong></span> <span class='ocrx_word' id='word_1_62' title='bbox 532 1084 657 1125; x_wconf 83' lang='lat' dir='ltr'><strong>monui,</strong></span> <span class='ocrx_word' id='word_1_63' title='bbox 689 1095 854 1126; x_wconf 81' lang='lat' dir='ltr'><strong>agnosces.</strong></span> 
     </span>
    </p>

    <p class='ocr_par' dir='ltr' id='par_1_12' title="bbox 208 1144 1172 1698">
     <span class='ocr_line' id='line_1_14' title="bbox 285 1144 1167 1193; baseline -0.005 -13"><span class='ocrx_word' id='word_1_64' title='bbox 285 1146 447 1193; x_wconf 50' lang='lat' dir='ltr'><strong>astrffleri]</strong></span> <span class='ocrx_word' id='word_1_65' title='bbox 464 1147 569 1180; x_wconf 83' lang='lat' dir='ltr'><strong>Simili</strong></span> <span class='ocrx_word' id='word_1_66' title='bbox 588 1147 710 1179; x_wconf 90' lang='lat' dir='ltr'><strong>ratione</strong></span> <span class='ocrx_word' id='word_1_67' title='bbox 724 1147 902 1178; x_wconf 74' lang='lat' dir='ltr'><strong>Martianus</strong></span> <span class='ocrx_word' id='word_1_68' title='bbox 919 1146 999 1177; x_wconf 66' lang='lat' dir='ltr'><strong>infra</strong></span> <span class='ocrx_word' id='word_1_69' title='bbox 1020 1145 1064 1190; x_wconf 62' lang='grc' dir='ltr'><strong>(ἓ.</strong></span> <span class='ocrx_word' id='word_1_70' title='bbox 1079 1144 1167 1188; x_wconf 79' lang='grc'>889)</span> 
     </span>
     <span class='ocr_line' id='line_1_15' title="bbox 211 1209 1169 1255; baseline -0.004 -11"><span class='ocrx_word' id='word_1_71' title='bbox 211 1213 289 1244; x_wconf 84' lang='lat' dir='ltr'><strong>deos</strong></span> <span class='ocrx_word' id='word_1_72' title='bbox 303 1213 471 1244; x_wconf 71' lang='lat' dir='ltr'><strong>asin-{lucos</strong></span> <span class='ocrx_word' id='word_1_73' title='bbox 489 1211 639 1255; x_wconf 79' lang='lat' dir='ltr'><strong>appellat,</strong></span> <span class='ocrx_word' id='word_1_74' title='bbox 658 1211 863 1242; x_wconf 78' lang='lat' dir='ltr'><strong>terrestribus</strong></span> <span class='ocrx_word' id='word_1_75' title='bbox 878 1210 1054 1253; x_wconf 80' lang='lat' dir='ltr'><strong>oppositos.</strong></span> <span class='ocrx_word' id='word_1_76' title='bbox 1068 1209 1169 1252; x_wconf 75' lang='lat' dir='ltr'><strong>Quod</strong></span> 
     </span>
     <span class='ocr_line' id='line_1_16' title="bbox 210 1271 1166 1317; baseline -0.004 -11"><span class='ocrx_word' id='word_1_77' title='bbox 210 1274 362 1306; x_wconf 76' lang='lat' dir='ltr'><strong>Bai-thius</strong></span> <span class='ocrx_word' id='word_1_78' title='bbox 390 1273 443 1317; x_wconf 83' lang='lat' dir='ltr'><strong>(ad</strong></span> <span class='ocrx_word' id='word_1_79' title='bbox 468 1271 552 1305; x_wconf 84' lang='lat' dir='ltr'><strong>Stat.</strong></span> <span class='ocrx_word' id='word_1_80' title='bbox 583 1273 684 1304; x_wconf 85' lang='lat' dir='ltr'><strong>Theb.</strong></span> <span class='ocrx_word' id='word_1_81' title='bbox 715 1272 753 1303; x_wconf 86' lang='lat' dir='ltr'><strong>T.</strong></span> <span class='ocrx_word' id='word_1_82' title='bbox 780 1272 840 1303; x_wconf 89' lang='grc' dir='ltr'><strong>ΠΙ.</strong></span> <span class='ocrx_word' id='word_1_83' title='bbox 866 1284 896 1315; x_wconf 85' lang='lat' dir='ltr'><strong>p.</strong></span> <span class='ocrx_word' id='word_1_84' title='bbox 925 1271 1011 1314; x_wconf 78' lang='lat'>860)</span> <span class='ocrx_word' id='word_1_85' title='bbox 1035 1283 1076 1302; x_wconf 80' lang='lat' dir='ltr'><strong>ex</strong></span> <span class='ocrx_word' id='word_1_86' title='bbox 1102 1282 1166 1302; x_wconf 89' lang='lat' dir='ltr'><strong>uno</strong></span> 
     </span>
     <span class='ocr_line' id='line_1_17' title="bbox 211 1334 1169 1378; baseline -0.006 -8"><span class='ocrx_word' id='word_1_87' title='bbox 211 1338 321 1370; x_wconf 87' lang='lat' dir='ltr'><strong>codiee</strong></span> <span class='ocrx_word' id='word_1_88' title='bbox 348 1336 541 1368; x_wconf 77' lang='lat' dir='ltr'><strong>substituere</strong></span> <span class='ocrx_word' id='word_1_89' title='bbox 557 1336 651 1377; x_wconf 87' lang='lat' dir='ltr'><strong>jubet</strong></span> <span class='ocrx_word' id='word_1_90' title='bbox 680 1337 868 1378; x_wconf 58' lang='lat' dir='ltr'><strong>‹astris-egis,</strong></span> <span class='ocrx_word' id='word_1_91' title='bbox 899 1346 958 1366; x_wconf 86' lang='lat' dir='ltr'><strong>nee</strong></span> <span class='ocrx_word' id='word_1_92' title='bbox 983 1347 1056 1365; x_wconf 86' lang='lat' dir='ltr'><strong>cum</strong></span> <span class='ocrx_word' id='word_1_93' title='bbox 1079 1334 1169 1365; x_wconf 77' lang='lat' dir='ltr'><strong>Lati-</strong></span> 
     </span>
     <span class='ocr_line' id='line_1_18' title="bbox 210 1395 1168 1440; baseline -0.007 -8"><span class='ocrx_word' id='word_1_94' title='bbox 210 1400 327 1440; x_wconf 82' lang='lat' dir='ltr'><strong>nitate,</strong></span> <span class='ocrx_word' id='word_1_95' title='bbox 361 1411 421 1431; x_wconf 90' lang='lat' dir='ltr'><strong>nee</strong></span> <span class='ocrx_word' id='word_1_96' title='bbox 455 1410 527 1429; x_wconf 87' lang='lat' dir='ltr'><strong>eum</strong></span> <span class='ocrx_word' id='word_1_97' title='bbox 558 1402 660 1427; x_wconf 87' lang='lat' dir='ltr'><strong>metro</strong></span> <span class='ocrx_word' id='word_1_98' title='bbox 689 1395 859 1428; x_wconf 71' lang='lat' dir='ltr'><strong>convenire</strong></span> <span class='ocrx_word' id='word_1_99' title='bbox 887 1395 1029 1435; x_wconf 72' lang='lat' dir='ltr'><strong>videtur,</strong></span> <span class='ocrx_word' id='word_1_100' title='bbox 1064 1407 1168 1438; x_wconf 87' lang='lat' dir='ltr'><strong>eoque</strong></span> 
     </span>
     <span class='ocr_line' id='line_1_19' title="bbox 210 1446 1168 1504; baseline -0.007 -10"><span class='ocrx_word' id='word_1_101' title='bbox 210 1462 310 1504; x_wconf 78' lang='lat' dir='ltr'><strong>magis</strong></span> <span class='ocrx_word' id='word_1_102' title='bbox 335 1460 396 1491; x_wconf 81' lang='lat' dir='ltr'><strong>ista</strong></span> <span class='ocrx_word' id='word_1_103' title='bbox 419 1446 567 1503; x_wconf 69' lang='lat' dir='ltr'><strong>displicet</strong></span> <span class='ocrx_word' id='word_1_104' title='bbox 594 1457 769 1497; x_wconf 77' lang='lat' dir='ltr'><strong>correctio,</strong></span> <span class='ocrx_word' id='word_1_105' title='bbox 806 1468 870 1501; x_wconf 83' lang='lat' dir='ltr'><strong>quo</strong></span> <span class='ocrx_word' id='word_1_106' title='bbox 901 1457 1028 1499; x_wconf 85' lang='lat' dir='ltr'><strong>saepius</strong></span> <span class='ocrx_word' id='word_1_107' title='bbox 1057 1461 1168 1487; x_wconf 91' lang='lat' dir='ltr'><strong>noster</strong></span> 
     </span>
     <span class='ocr_line' id='line_1_20' title="bbox 210 1519 1167 1570; baseline -0.007 -13"><span class='ocrx_word' id='word_1_108' title='bbox 210 1525 349 1570; x_wconf 76' lang='lat'><strong>(§.195</strong></span> <span class='ocrx_word' id='word_1_109' title='bbox 374 1524 396 1555; x_wconf 79' lang='lat' dir='ltr'><strong>f.</strong></span> <span class='ocrx_word' id='word_1_110' title='bbox 420 1523 504 1555; x_wconf 80' lang='lat'><strong>802.</strong></span> <span class='ocrx_word' id='word_1_111' title='bbox 532 1522 619 1565; x_wconf 84' lang='lat'>808)</span> <span class='ocrx_word' id='word_1_112' title='bbox 643 1532 722 1552; x_wconf 79' lang='lat' dir='ltr'><strong>voee</strong></span> <span class='ocrx_word' id='word_1_113' title='bbox 747 1522 886 1564; x_wconf 71' lang='lat' dir='ltr'><strong>astrn&#39;yer</strong></span> <span class='ocrx_word' id='word_1_114' title='bbox 913 1532 990 1551; x_wconf 89' lang='lat' dir='ltr'><strong>usus</strong></span> <span class='ocrx_word' id='word_1_115' title='bbox 1021 1525 1086 1559; x_wconf 80' lang='lat' dir='ltr'><strong>est,</strong></span> <span class='ocrx_word' id='word_1_116' title='bbox 1121 1519 1167 1551; x_wconf 88' lang='lat' dir='ltr'><strong>in-</strong></span> 
     </span>
     <span class='ocr_line' id='line_1_21' title="bbox 208 1583 1172 1633; baseline -0.007 -12"><span class='ocrx_word' id='word_1_117' title='bbox 208 1589 379 1633; x_wconf 85' lang='lat' dir='ltr'><strong>timamque</strong></span> <span class='ocrx_word' id='word_1_118' title='bbox 401 1600 473 1620; x_wconf 89' lang='lat' dir='ltr'><strong>eum</strong></span> <span class='ocrx_word' id='word_1_119' title='bbox 496 1585 590 1617; x_wconf 83' lang='lat' dir='ltr'><strong>astris</strong></span> <span class='ocrx_word' id='word_1_120' title='bbox 610 1585 758 1616; x_wconf 78' lang='lat' dir='ltr'><strong>divorum</strong></span> <span class='ocrx_word' id='word_1_121' title='bbox 778 1584 889 1616; x_wconf 82' lang='lat' dir='ltr'><strong>statuit</strong></span> <span class='ocrx_word' id='word_1_122' title='bbox 910 1583 1172 1626; x_wconf 83' lang='lat' dir='ltr'><strong>conjunctionem</strong></span> 
     </span>
     <span class='ocr_line' id='line_1_22' title="bbox 210 1648 573 1698; baseline -0.011 -13"><span class='ocrx_word' id='word_1_123' title='bbox 210 1652 253 1698; x_wconf 67' lang='grc' dir='ltr'><strong>(ἓ.</strong></span> <span class='ocrx_word' id='word_1_124' title='bbox 272 1653 320 1684; x_wconf 72' lang='grc'><strong>95</strong></span> <span class='ocrx_word' id='word_1_125' title='bbox 344 1651 364 1682; x_wconf 80' lang='lat' dir='ltr'><strong>f.</strong></span> <span class='ocrx_word' id='word_1_126' title='bbox 387 1651 445 1682; x_wconf 81' lang='lat'><strong>97.</strong></span> <span class='ocrx_word' id='word_1_127' title='bbox 469 1648 573 1692; x_wconf 76' lang='lat'><strong>512).</strong></span> 
     </span>
    </p>

    <p class='ocr_par' dir='ltr' id='par_1_13' title="bbox 209 1709 1171 2137">
     <span class='ocr_line' id='line_1_23' title="bbox 284 1709 1171 1758; baseline -0.007 -11"><span class='ocrx_word' id='word_1_128' title='bbox 284 1714 430 1758; x_wconf 68' lang='lat' dir='ltr'><strong>consen-e</strong></span> <span class='ocrx_word' id='word_1_129' title='bbox 452 1709 643 1756; x_wconf 71' lang='lat' dir='ltr'><strong>arbitrium]</strong></span> <span class='ocrx_word' id='word_1_130' title='bbox 675 1709 840 1743; x_wconf 70' lang='lat' dir='ltr'><strong>»Consilia</strong></span> <span class='ocrx_word' id='word_1_131' title='bbox 861 1709 1024 1741; x_wconf 83' lang='lat' dir='ltr'><strong>conferre«</strong></span> <span class='ocrx_word' id='word_1_132' title='bbox 1048 1710 1171 1742; x_wconf 86' lang='lat' dir='ltr'><strong>Teren-</strong></span> 
     </span>
     <span class='ocr_line' id='line_1_24' title="bbox 211 1773 1168 1822; baseline -0.006 -11"><span class='ocrx_word' id='word_1_133' title='bbox 211 1779 272 1811; x_wconf 84' lang='lat' dir='ltr'><strong>tius</strong></span> <span class='ocrx_word' id='word_1_134' title='bbox 302 1779 479 1822; x_wconf 77' lang='lat' dir='ltr'><strong>(heautont.</strong></span> <span class='ocrx_word' id='word_1_135' title='bbox 501 1777 544 1815; x_wconf 84' lang='lat'><strong>5,</strong></span> <span class='ocrx_word' id='word_1_136' title='bbox 577 1776 609 1815; x_wconf 84' lang='grc'><strong>1,</strong></span> <span class='ocrx_word' id='word_1_137' title='bbox 633 1774 711 1818; x_wconf 79' lang='grc'><strong>64),</strong></span> <span class='ocrx_word' id='word_1_138' title='bbox 750 1773 1017 1806; x_wconf 70' lang='lat' dir='ltr'><strong>»sollicitudines«</strong></span> <span class='ocrx_word' id='word_1_139' title='bbox 1053 1773 1168 1806; x_wconf 89' lang='lat' dir='ltr'><strong>Cicero</strong></span> 
     </span>
     <span class='ocr_line' id='line_1_25' title="bbox 210 1837 1171 1887; baseline -0.006 -13"><span class='ocrx_word' id='word_1_140' title='bbox 210 1842 264 1887; x_wconf 85' lang='lat' dir='ltr'><strong>(ad</strong></span> <span class='ocrx_word' id='word_1_141' title='bbox 287 1840 432 1873; x_wconf 77' lang='lat' dir='ltr'><strong>familiar.</strong></span> <span class='ocrx_word' id='word_1_142' title='bbox 449 1841 490 1879; x_wconf 73' lang='lat'><strong>6,</strong></span> <span class='ocrx_word' id='word_1_143' title='bbox 514 1837 596 1882; x_wconf 79' lang='lat'>21),</span> <span class='ocrx_word' id='word_1_144' title='bbox 625 1849 810 1869; x_wconf 69' lang='lat' dir='ltr'><strong>»sermones</strong></span> <span class='ocrx_word' id='word_1_145' title='bbox 836 1842 889 1868; x_wconf 81' lang='lat' dir='ltr'><strong>aut</strong></span> <span class='ocrx_word' id='word_1_146' title='bbox 911 1837 1062 1868; x_wconf 76' lang='lat' dir='ltr'><strong>consilia«</strong></span> <span class='ocrx_word' id='word_1_147' title='bbox 1083 1837 1171 1868; x_wconf 74' lang='lat' dir='ltr'><strong>idem</strong></span> 
     </span>
     <span class='ocr_line' id='line_1_26' title="bbox 209 1898 1171 1948; baseline -0.007 -12"><span class='ocrx_word' id='word_1_148' title='bbox 209 1904 363 1948; x_wconf 75' lang='lat' dir='ltr'><strong>(Philipp.</strong></span> <span class='ocrx_word' id='word_1_149' title='bbox 384 1903 424 1942; x_wconf 78' lang='lat'><strong>2,</strong></span> <span class='ocrx_word' id='word_1_150' title='bbox 456 1901 532 1944; x_wconf 80' lang='lat'>15),</span> <span class='ocrx_word' id='word_1_151' title='bbox 568 1906 600 1932; x_wconf 89' lang='lat' dir='ltr'><strong>et</strong></span> <span class='ocrx_word' id='word_1_152' title='bbox 622 1911 754 1944; x_wconf 85' lang='lat' dir='ltr'><strong>prorsus</strong></span> <span class='ocrx_word' id='word_1_153' title='bbox 780 1905 815 1930; x_wconf 92' lang='lat' dir='ltr'><strong>ut</strong></span> <span class='ocrx_word' id='word_1_154' title='bbox 839 1898 1011 1938; x_wconf 71' lang='lat' dir='ltr'><strong>hocloco,</strong></span> <span class='ocrx_word' id='word_1_155' title='bbox 1035 1898 1171 1930; x_wconf 78' lang='lat' dir='ltr'><strong>Coelius</strong></span> 
     </span>
     <span class='ocr_line' id='line_1_27' title="bbox 210 1960 1171 2008; baseline -0.006 -10"><span class='ocrx_word' id='word_1_156' title='bbox 210 1963 264 2005; x_wconf 85' lang='lat' dir='ltr'><strong>(ad</strong></span> <span class='ocrx_word' id='word_1_157' title='bbox 290 1965 359 1997; x_wconf 88' lang='lat' dir='ltr'><strong>Cic.</strong></span> <span class='ocrx_word' id='word_1_158' title='bbox 384 1963 476 2008; x_wconf 82' lang='lat' dir='ltr'><strong>epist.</strong></span> <span class='ocrx_word' id='word_1_159' title='bbox 496 1964 539 2003; x_wconf 77' lang='lat'><strong>8,</strong></span> <span class='ocrx_word' id='word_1_160' title='bbox 567 1961 626 2006; x_wconf 82' lang='lat'><strong>15)</strong></span> <span class='ocrx_word' id='word_1_161' title='bbox 650 1960 777 1993; x_wconf 70' lang='lat' dir='ltr'><strong>„omnia</strong></span> <span class='ocrx_word' id='word_1_162' title='bbox 800 1962 915 1992; x_wconf 77' lang='lat' dir='ltr'><strong>intima</strong></span> <span class='ocrx_word' id='word_1_163' title='bbox 935 1961 1099 1992; x_wconf 76' lang='lat' dir='ltr'><strong>conferre«</strong></span> <span class='ocrx_word' id='word_1_164' title='bbox 1126 1961 1171 1992; x_wconf 73' lang='lat' dir='ltr'><strong>vi-</strong></span> 
     </span>
     <span class='ocr_line' id='line_1_28' title="bbox 210 2022 1171 2067; baseline -0.005 -7"><span class='ocrx_word' id='word_1_165' title='bbox 210 2028 328 2060; x_wconf 77' lang='lat' dir='ltr'><strong>delieet</strong></span> <span class='ocrx_word' id='word_1_166' title='bbox 354 2026 598 2059; x_wconf 76' lang='lat' dir='ltr'><strong>communicare.</strong></span> <span class='ocrx_word' id='word_1_167' title='bbox 631 2022 814 2056; x_wconf 82' lang='lat' dir='ltr'><strong>Arbitrium</strong></span> <span class='ocrx_word' id='word_1_168' title='bbox 836 2027 941 2054; x_wconf 87' lang='lat' dir='ltr'><strong>autem</strong></span> <span class='ocrx_word' id='word_1_169' title='bbox 958 2034 1017 2067; x_wconf 84' lang='lat' dir='ltr'><strong>pro</strong></span> <span class='ocrx_word' id='word_1_170' title='bbox 1043 2023 1171 2055; x_wconf 75' lang='lat' dir='ltr'><strong>decreto</strong></span> 
     </span>
     <span class='ocr_line' id='line_1_29' title="bbox 211 2088 740 2137; baseline -0.017 -12"><span class='ocrx_word' id='word_1_171' title='bbox 211 2092 318 2137; x_wconf 83' lang='lat' dir='ltr'><strong>posuit</strong></span> <span class='ocrx_word' id='word_1_172' title='bbox 339 2096 464 2123; x_wconf 84' lang='lat' dir='ltr'><strong>noster.</strong></span> <span class='ocrx_word' id='word_1_173' title='bbox 737 2088 740 2090; x_wconf 74' lang='grc'>’</span> 
     </span>
    </p>

    <p class='ocr_par' dir='ltr' id='par_1_14' title="bbox 214 2150 1175 2323">
     <span class='ocr_line' id='line_1_30' title="bbox 283 2150 1170 2198; baseline -0.003 -12"><span class='ocrx_word' id='word_1_174' title='bbox 283 2150 440 2198; x_wconf 76' lang='lat' dir='ltr'><strong>promere]</strong></span> <span class='ocrx_word' id='word_1_175' title='bbox 464 2151 541 2184; x_wconf 82' lang='lat' dir='ltr'><strong>Non</strong></span> <span class='ocrx_word' id='word_1_176' title='bbox 563 2155 613 2183; x_wconf 88' lang='lat' dir='ltr'><strong>est</strong></span> <span class='ocrx_word' id='word_1_177' title='bbox 637 2151 747 2198; x_wconf 72' lang='lat' dir='ltr'><strong>eloqui</strong></span> <span class='ocrx_word' id='word_1_178' title='bbox 750 2173 759 2191; x_wconf 83' lang='grc'>,</span> <span class='ocrx_word' id='word_1_179' title='bbox 782 2155 819 2181; x_wconf 88' lang='lat' dir='ltr'><strong>ut</strong></span> <span class='ocrx_word' id='word_1_180' title='bbox 842 2150 911 2181; x_wconf 88' lang='lat' dir='ltr'><strong>aliis</strong></span> <span class='ocrx_word' id='word_1_181' title='bbox 935 2150 968 2182; x_wconf 87' lang='lat' dir='ltr'><strong>in</strong></span> <span class='ocrx_word' id='word_1_182' title='bbox 984 2150 1080 2191; x_wconf 86' lang='lat' dir='ltr'><strong>locis,</strong></span> <span class='ocrx_word' id='word_1_183' title='bbox 1110 2151 1170 2183; x_wconf 78' lang='lat' dir='ltr'><strong>sed</strong></span> 
     </span>
     <span class='ocr_line' id='line_1_31' title="bbox 214 2213 1175 2261; baseline 0.001 -13"><span class='ocrx_word' id='word_1_184' title='bbox 214 2217 306 2261; x_wconf 80' lang='lat' dir='ltr'><strong>quasi</strong></span> <span class='ocrx_word' id='word_1_185' title='bbox 329 2228 345 2249; x_wconf 88' lang='lat' dir='ltr'><strong>e</strong></span> <span class='ocrx_word' id='word_1_186' title='bbox 363 2229 449 2260; x_wconf 73' lang='lat' dir='ltr'><strong>penu</strong></span> <span class='ocrx_word' id='word_1_187' title='bbox 467 2216 500 2247; x_wconf 86' lang='lat' dir='ltr'><strong>in</strong></span> <span class='ocrx_word' id='word_1_188' title='bbox 516 2215 622 2247; x_wconf 90' lang='lat' dir='ltr'><strong>lucem</strong></span> <span class='ocrx_word' id='word_1_189' title='bbox 640 2214 798 2259; x_wconf 79' lang='lat' dir='ltr'><strong>proferre.</strong></span> <span class='ocrx_word' id='word_1_190' title='bbox 822 2214 905 2246; x_wconf 81' lang='lat' dir='ltr'><strong>Nam</strong></span> <span class='ocrx_word' id='word_1_191' title='bbox 926 2213 1089 2248; x_wconf 71' lang='grc' dir='ltr'><em>πολλῶν</em></span> <span class='ocrx_word' id='word_1_192' title='bbox 1108 2226 1175 2249; x_wconf 79' lang='grc' dir='ltr'><strong>τα·</strong></span> 
     </span>
     <span class='ocr_line' id='line_1_32' title="bbox 215 2271 1054 2323; baseline -0.008 -9"><span class='ocrx_word' id='word_1_193' title='bbox 215 2277 305 2322; x_wconf 69' lang='grc' dir='ltr'><strong>μίας</strong></span> <span class='ocrx_word' id='word_1_194' title='bbox 323 2275 420 2316; x_wconf 73' lang='grc' dir='ltr'><strong>Ζεύς</strong></span> <span class='ocrx_word' id='word_1_195' title='bbox 442 2279 482 2311; x_wconf 71' lang='grc' dir='ltr'><strong>ἐν</strong></span> <span class='ocrx_word' id='word_1_196' title='bbox 499 2271 678 2323; x_wconf 70' lang='grc' dir='ltr'><em>Ὀλύμπῳ</em></span> <span class='ocrx_word' id='word_1_197' title='bbox 702 2276 795 2320; x_wconf 68' lang='lat' dir='ltr'><strong>(Eur.</strong></span> <span class='ocrx_word' id='word_1_198' title='bbox 820 2276 911 2309; x_wconf 78' lang='lat' dir='ltr'><strong>Med.</strong></span> <span class='ocrx_word' id='word_1_199' title='bbox 934 2276 1054 2319; x_wconf 75' lang='lat'><strong>1415).</strong></span> 
     </span>
    </p>

    <p class='ocr_par' dir='ltr' id='par_1_15' title="bbox 289 2338 1175 2388">
     <span class='ocr_line' id='line_1_33' title="bbox 289 2338 1175 2388; baseline -0.002 -15"><span class='ocrx_word' id='word_1_200' title='bbox 289 2353 347 2373; x_wconf 81' lang='lat' dir='ltr'><strong>nec</strong></span> <span class='ocrx_word' id='word_1_201' title='bbox 365 2338 548 2388; x_wconf 80' lang='lat' dir='ltr'><strong>quisquam]</strong></span> <span class='ocrx_word' id='word_1_202' title='bbox 563 2339 638 2373; x_wconf 76' lang='lat' dir='ltr'><strong>MS.</strong></span> <span class='ocrx_word' id='word_1_203' title='bbox 658 2351 698 2371; x_wconf 85' lang='lat' dir='ltr'><strong>ne</strong></span> <span class='ocrx_word' id='word_1_204' title='bbox 713 2341 894 2387; x_wconf 77' lang='lat' dir='ltr'><strong>quicquam.</strong></span> <span class='ocrx_word' id='word_1_205' title='bbox 910 2340 1010 2371; x_wconf 82' lang='lat' dir='ltr'><strong>Forte</strong></span> <span class='ocrx_word' id='word_1_206' title='bbox 1027 2353 1067 2372; x_wconf 84' lang='lat' dir='ltr'><strong>ne</strong></span> <span class='ocrx_word' id='word_1_207' title='bbox 1086 2341 1175 2388; x_wconf 79' lang='lat' dir='ltr'><strong>quis—</strong></span> 
     </span>
    </p>
   </div>
   <div class='ocr_carea' id='block_1_12' title="bbox 167 2395 1172 2451">
    <p class='ocr_par' dir='ltr' id='par_1_16' title="bbox 167 2395 1172 2451">
     <span class='ocr_line' id='line_1_34' title="bbox 167 2395 1172 2451; baseline -0.001 -16"><span class='ocrx_word' id='word_1_208' title='bbox 167 2395 173 2407; x_wconf 52' lang='lat'><em>*</em></span> <span class='ocrx_word' id='word_1_209' title='bbox 217 2415 322 2451; x_wconf 81' lang='lat' dir='ltr'><strong>quam.</strong></span> <span class='ocrx_word' id='word_1_210' title='bbox 348 2401 474 2434; x_wconf 80' lang='lat' dir='ltr'><strong>Sensus</strong></span> <span class='ocrx_word' id='word_1_211' title='bbox 498 2400 565 2432; x_wconf 82' lang='lat' dir='ltr'><strong>hie:</strong></span> <span class='ocrx_word' id='word_1_212' title='bbox 585 2401 741 2433; x_wconf 70' lang='lat' dir='ltr'><strong>»Possem</strong></span> <span class='ocrx_word' id='word_1_213' title='bbox 765 2401 916 2445; x_wconf 84' lang='lat' dir='ltr'><strong>equidem</strong></span> <span class='ocrx_word' id='word_1_214' title='bbox 932 2401 1028 2433; x_wconf 84' lang='lat' dir='ltr'><strong>talem</strong></span> <span class='ocrx_word' id='word_1_215' title='bbox 1050 2402 1088 2433; x_wconf 75' lang='lat' dir='ltr'><strong>(le</strong></span> <span class='ocrx_word' id='word_1_216' title='bbox 1110 2403 1172 2434; x_wconf 81' lang='lat' dir='ltr'><strong>hac</strong></span> 
     </span>
    </p>
   </div>
   <div class='ocr_carea' id='block_1_13' title="bbox 217 2462 1173 2623">
    <p class='ocr_par' dir='ltr' id='par_1_17' title="bbox 217 2462 1173 2623">
     <span class='ocr_line' id='line_1_35' title="bbox 217 2462 1173 2508; baseline -0.001 -11"><span class='ocrx_word' id='word_1_217' title='bbox 217 2465 333 2497; x_wconf 79' lang='lat' dir='ltr'><strong>semina</strong></span> <span class='ocrx_word' id='word_1_218' title='bbox 359 2462 533 2495; x_wconf 76' lang='lat' dir='ltr'><strong>vindictam</strong></span> <span class='ocrx_word' id='word_1_219' title='bbox 558 2473 701 2503; x_wconf 85' lang='lat' dir='ltr'><strong>sumere,</strong></span> <span class='ocrx_word' id='word_1_220' title='bbox 735 2468 771 2494; x_wconf 84' lang='lat' dir='ltr'><strong>ut</strong></span> <span class='ocrx_word' id='word_1_221' title='bbox 809 2475 906 2496; x_wconf 83' lang='lat' dir='ltr'><strong>nemo</strong></span> <span class='ocrx_word' id='word_1_222' title='bbox 936 2465 1071 2508; x_wconf 85' lang='lat' dir='ltr'><strong>posthac</strong></span> <span class='ocrx_word' id='word_1_223' title='bbox 1102 2470 1173 2496; x_wconf 85' lang='lat' dir='ltr'><strong>ten-</strong></span> 
     </span>
     <span class='ocr_line' id='line_1_36' title="bbox 218 2525 1172 2572; baseline -0.002 -12"><span class='ocrx_word' id='word_1_224' title='bbox 218 2534 287 2561; x_wconf 83' lang='lat' dir='ltr'><strong>tare</strong></span> <span class='ocrx_word' id='word_1_225' title='bbox 316 2528 448 2559; x_wconf 81' lang='lat' dir='ltr'><strong>auderet</strong></span> <span class='ocrx_word' id='word_1_226' title='bbox 476 2525 610 2556; x_wconf 82' lang='lat' dir='ltr'><strong>deornm</strong></span> <span class='ocrx_word' id='word_1_227' title='bbox 634 2525 735 2569; x_wconf 84' lang='lat' dir='ltr'><strong>patris</strong></span> <span class='ocrx_word' id='word_1_228' title='bbox 766 2526 811 2569; x_wconf 86' lang='lat' dir='ltr'><strong>(id</strong></span> <span class='ocrx_word' id='word_1_229' title='bbox 836 2533 900 2559; x_wconf 79' lang='lat' dir='ltr'><strong>est:</strong></span> <span class='ocrx_word' id='word_1_230' title='bbox 924 2527 1007 2572; x_wconf 85' lang='lat' dir='ltr'><strong>mea)</strong></span> <span class='ocrx_word' id='word_1_231' title='bbox 1037 2527 1172 2559; x_wconf 76' lang='lat' dir='ltr'><strong>serinia:</strong></span> 
     </span>
     <span class='ocr_line' id='line_1_37' title="bbox 221 2589 1172 2623; baseline 0 0"><span class='ocrx_word' id='word_1_232' title='bbox 221 2591 279 2623; x_wconf 76' lang='lat' dir='ltr'><strong>sed</strong></span> <span class='ocrx_word' id='word_1_233' title='bbox 301 2590 431 2622; x_wconf 79' lang='lat' dir='ltr'><strong>semotis</strong></span> <span class='ocrx_word' id='word_1_234' title='bbox 454 2589 598 2621; x_wconf 83' lang='lat' dir='ltr'><strong>tristibus</strong></span> <span class='ocrx_word' id='word_1_235' title='bbox 621 2601 680 2620; x_wconf 87' lang='lat' dir='ltr'><strong>nos</strong></span> <span class='ocrx_word' id='word_1_236' title='bbox 708 2589 748 2620; x_wconf 82' lang='lat' dir='ltr'><strong>ad</strong></span> <span class='ocrx_word' id='word_1_237' title='bbox 776 2589 909 2622; x_wconf 80' lang='lat' dir='ltr'><strong>laetiora</strong></span> <span class='ocrx_word' id='word_1_238' title='bbox 938 2597 1172 2623; x_wconf 83' lang='lat' dir='ltr'><strong>convertamus.</strong></span> 
     </span>
    </p>
   </div>
   <div class='ocr_carea' id='block_1_14' title="bbox 221 2650 1171 2695">
    <p class='ocr_par' dir='ltr' id='par_1_18' title="bbox 221 2650 1171 2695">
     <span class='ocr_line' id='line_1_38' title="bbox 221 2650 1171 2695; baseline 0 -10"><span class='ocrx_word' id='word_1_239' title='bbox 221 2652 382 2686; x_wconf 72' lang='lat' dir='ltr'><strong>Gnor.—</strong></span> <span class='ocrx_word' id='word_1_240' title='bbox 403 2650 554 2683; x_wconf 69' lang='lat' dir='ltr'><strong>Profecto</strong></span> <span class='ocrx_word' id='word_1_241' title='bbox 578 2662 643 2683; x_wconf 87' lang='lat' dir='ltr'><strong>non</strong></span> <span class='ocrx_word' id='word_1_242' title='bbox 660 2656 743 2692; x_wconf 78' lang='lat' dir='ltr'><strong>erat,</strong></span> <span class='ocrx_word' id='word_1_243' title='bbox 771 2651 859 2695; x_wconf 86' lang='lat' dir='ltr'><strong>quod</strong></span> <span class='ocrx_word' id='word_1_244' title='bbox 878 2653 955 2686; x_wconf 83' lang='lat' dir='ltr'><strong>haee</strong></span> <span class='ocrx_word' id='word_1_245' title='bbox 978 2664 1036 2685; x_wconf 87' lang='lat' dir='ltr'><strong>sua</strong></span> <span class='ocrx_word' id='word_1_246' title='bbox 1051 2653 1171 2686; x_wconf 76' lang='lat' dir='ltr'><strong>faceret</strong></span> 
     </span>
    </p>
   </div>
   <div class='ocr_carea' id='block_1_15' title="bbox 1217 955 2178 2631">
    <p class='ocr_par' dir='ltr' id='par_1_19' title="bbox 1218 955 2177 1754">
     <span class='ocr_line' id='line_1_39' title="bbox 1218 955 2174 1002; baseline 0.001 -14"><span class='ocrx_word' id='word_1_247' title='bbox 1218 955 1381 988; x_wconf 82' lang='lat' dir='ltr'><strong>Goezius:</strong></span> <span class='ocrx_word' id='word_1_248' title='bbox 1408 969 1482 989; x_wconf 86' lang='lat' dir='ltr'><strong>nam</strong></span> <span class='ocrx_word' id='word_1_249' title='bbox 1517 956 1545 988; x_wconf 88' lang='lat' dir='ltr'><strong>si</strong></span> <span class='ocrx_word' id='word_1_250' title='bbox 1578 969 1739 1002; x_wconf 82' lang='lat' dir='ltr'><strong>unquam,</strong></span> <span class='ocrx_word' id='word_1_251' title='bbox 1768 969 1845 990; x_wconf 89' lang='lat' dir='ltr'><strong>sane</strong></span> <span class='ocrx_word' id='word_1_252' title='bbox 1877 963 1952 990; x_wconf 89' lang='lat' dir='ltr'><strong>tunc</strong></span> <span class='ocrx_word' id='word_1_253' title='bbox 1984 957 2174 989; x_wconf 80' lang='lat' dir='ltr'><strong>dormitabat</strong></span> 
     </span>
     <span class='ocr_line' id='line_1_40' title="bbox 1220 1020 2174 1065; baseline -0.001 -12"><span class='ocrx_word' id='word_1_254' title='bbox 1220 1020 1373 1061; x_wconf 78' lang='lat' dir='ltr'><strong>Grotius,</strong></span> <span class='ocrx_word' id='word_1_255' title='bbox 1401 1034 1500 1065; x_wconf 87' lang='lat' dir='ltr'><strong>quum</strong></span> <span class='ocrx_word' id='word_1_256' title='bbox 1521 1021 1582 1052; x_wconf 82' lang='lat' dir='ltr'><strong>ista</strong></span> <span class='ocrx_word' id='word_1_257' title='bbox 1599 1021 1761 1053; x_wconf 82' lang='lat' dir='ltr'><strong>scriberet.</strong></span> <span class='ocrx_word' id='word_1_258' title='bbox 1787 1022 1867 1062; x_wconf 66' lang='lat' dir='ltr'><strong>Ubi,</strong></span> <span class='ocrx_word' id='word_1_259' title='bbox 1893 1034 2031 1065; x_wconf 77' lang='lat' dir='ltr'><strong>quaeso,</strong></span> <span class='ocrx_word' id='word_1_260' title='bbox 2056 1022 2089 1053; x_wconf 89' lang='lat' dir='ltr'><strong>in</strong></span> <span class='ocrx_word' id='word_1_261' title='bbox 2109 1021 2174 1053; x_wconf 87' lang='lat' dir='ltr'><strong>illis</strong></span> 
     </span>
     <span class='ocr_line' id='line_1_41' title="bbox 1218 1084 2176 1128; baseline -0.002 -12"><span class='ocrx_word' id='word_1_262' title='bbox 1218 1084 1364 1116; x_wconf 64' lang='lat' dir='ltr'><strong>versibus</strong></span> <span class='ocrx_word' id='word_1_263' title='bbox 1388 1084 1562 1128; x_wconf 85' lang='lat' dir='ltr'><strong>quidquam</strong></span> <span class='ocrx_word' id='word_1_264' title='bbox 1585 1084 1703 1126; x_wconf 78' lang='lat' dir='ltr'><strong>legitur</strong></span> <span class='ocrx_word' id='word_1_265' title='bbox 1729 1085 1769 1116; x_wconf 90' lang='lat' dir='ltr'><strong>de</strong></span> <span class='ocrx_word' id='word_1_266' title='bbox 1795 1085 1954 1124; x_wconf 75' lang='lat' dir='ltr'><strong>vindicta,</strong></span> <span class='ocrx_word' id='word_1_267' title='bbox 1986 1084 2026 1115; x_wconf 80' lang='lat' dir='ltr'><strong>(le</strong></span> <span class='ocrx_word' id='word_1_268' title='bbox 2051 1084 2176 1127; x_wconf 72' lang='lat' dir='ltr'><strong>semina</strong></span> 
     </span>
     <span class='ocr_line' id='line_1_42' title="bbox 1219 1147 2174 1192; baseline -0.001 -13"><span class='ocrx_word' id='word_1_269' title='bbox 1219 1149 1372 1192; x_wconf 81' lang='lat' dir='ltr'><strong>quadam,</strong></span> <span class='ocrx_word' id='word_1_270' title='bbox 1410 1147 1449 1178; x_wconf 88' lang='lat' dir='ltr'><strong>de</strong></span> <span class='ocrx_word' id='word_1_271' title='bbox 1476 1149 1604 1179; x_wconf 76' lang='lat' dir='ltr'><strong>seriniis</strong></span> <span class='ocrx_word' id='word_1_272' title='bbox 1636 1147 1753 1178; x_wconf 69' lang='lat' dir='ltr'><strong>Jovis‘!</strong></span> <span class='ocrx_word' id='word_1_273' title='bbox 1790 1147 1898 1190; x_wconf 76' lang='lat' dir='ltr'><strong>Quam</strong></span> <span class='ocrx_word' id='word_1_274' title='bbox 1930 1147 2059 1190; x_wconf 81' lang='lat' dir='ltr'><strong>quidem</strong></span> <span class='ocrx_word' id='word_1_275' title='bbox 2086 1147 2174 1179; x_wconf 84' lang='lat' dir='ltr'><strong>femi-</strong></span> 
     </span>
     <span class='ocr_line' id='line_1_43' title="bbox 1219 1208 2176 1252; baseline 0.001 -13"><span class='ocrx_word' id='word_1_276' title='bbox 1219 1222 1292 1240; x_wconf 82' lang='lat' dir='ltr'><strong>nam</strong></span> <span class='ocrx_word' id='word_1_277' title='bbox 1320 1209 1347 1239; x_wconf 83' lang='lat' dir='ltr'><strong>si</strong></span> <span class='ocrx_word' id='word_1_278' title='bbox 1379 1209 1460 1240; x_wconf 78' lang='lat' dir='ltr'><strong>sorte</strong></span> <span class='ocrx_word' id='word_1_279' title='bbox 1480 1208 1696 1250; x_wconf 82' lang='lat' dir='ltr'><strong>Philologiam</strong></span> <span class='ocrx_word' id='word_1_280' title='bbox 1722 1208 1934 1249; x_wconf 67' lang='lat' dir='ltr'><strong>intellexerit,</strong></span> <span class='ocrx_word' id='word_1_281' title='bbox 1970 1221 2051 1252; x_wconf 82' lang='lat' dir='ltr'><strong>quae</strong></span> <span class='ocrx_word' id='word_1_282' title='bbox 2080 1208 2176 1240; x_wconf 83' lang='lat' dir='ltr'><strong>Jovis</strong></span> 
     </span>
     <span class='ocr_line' id='line_1_44' title="bbox 1220 1270 2174 1314; baseline 0 -13"><span class='ocrx_word' id='word_1_283' title='bbox 1220 1270 1336 1302; x_wconf 79' lang='lat' dir='ltr'><strong>scrinia</strong></span> <span class='ocrx_word' id='word_1_284' title='bbox 1359 1271 1548 1314; x_wconf 73' lang='lat' dir='ltr'><strong>expilasset,</strong></span> <span class='ocrx_word' id='word_1_285' title='bbox 1576 1270 1695 1302; x_wconf 77' lang='lat' dir='ltr'><strong>Jovem</strong></span> <span class='ocrx_word' id='word_1_286' title='bbox 1714 1270 1788 1301; x_wconf 85' lang='lat' dir='ltr'><strong>huic</strong></span> <span class='ocrx_word' id='word_1_287' title='bbox 1808 1271 1914 1301; x_wconf 79' lang='lat' dir='ltr'><strong>favere</strong></span> <span class='ocrx_word' id='word_1_288' title='bbox 1935 1270 2054 1314; x_wconf 74' lang='lat' dir='ltr'><strong>potius,</strong></span> <span class='ocrx_word' id='word_1_289' title='bbox 2078 1283 2174 1314; x_wconf 82' lang='lat' dir='ltr'><strong>quam</strong></span> 
     </span>
     <span class='ocr_line' id='line_1_45' title="bbox 1219 1334 2174 1373; baseline 0 -8"><span class='ocrx_word' id='word_1_290' title='bbox 1219 1335 1372 1365; x_wconf 76' lang='lat' dir='ltr'><strong>inst-stum</strong></span> <span class='ocrx_word' id='word_1_291' title='bbox 1394 1346 1481 1373; x_wconf 71' lang='lat' dir='ltr'><strong>esse,</strong></span> <span class='ocrx_word' id='word_1_292' title='bbox 1512 1334 1618 1365; x_wconf 86' lang='lat' dir='ltr'><strong>omnia</strong></span> <span class='ocrx_word' id='word_1_293' title='bbox 1640 1334 1767 1365; x_wconf 79' lang='lat' dir='ltr'><strong>docent.</strong></span> <span class='ocrx_word' id='word_1_294' title='bbox 1791 1334 1878 1365; x_wconf 62' lang='lat' dir='ltr'><strong>Vide</strong></span> <span class='ocrx_word' id='word_1_295' title='bbox 1895 1346 1935 1365; x_wconf 86' lang='lat' dir='ltr'><strong>nc</strong></span> <span class='ocrx_word' id='word_1_296' title='bbox 1962 1345 2029 1365; x_wconf 86' lang='lat' dir='ltr'><strong>nou</strong></span> <span class='ocrx_word' id='word_1_297' title='bbox 2052 1334 2093 1365; x_wconf 86' lang='lat' dir='ltr'><strong>sit</strong></span> <span class='ocrx_word' id='word_1_298' title='bbox 2119 1346 2174 1366; x_wconf 87' lang='lat' dir='ltr'><strong>ne-</strong></span> 
     </span>
     <span class='ocr_line' id='line_1_46' title="bbox 1220 1397 2176 1438; baseline -0.001 -9"><span class='ocrx_word' id='word_1_299' title='bbox 1220 1409 1311 1429; x_wconf 85' lang='lat' dir='ltr'><strong>cesse</strong></span> <span class='ocrx_word' id='word_1_300' title='bbox 1331 1397 1489 1438; x_wconf 80' lang='lat' dir='ltr'><strong>corrigere</strong></span> <span class='ocrx_word' id='word_1_301' title='bbox 1509 1409 1710 1428; x_wconf 87' lang='lat' dir='ltr'><strong>communem</strong></span> <span class='ocrx_word' id='word_1_302' title='bbox 1733 1397 1875 1428; x_wconf 85' lang='lat' dir='ltr'><strong>omnium</strong></span> <span class='ocrx_word' id='word_1_303' title='bbox 1894 1397 2050 1428; x_wconf 85' lang='lat' dir='ltr'><strong>librorum</strong></span> <span class='ocrx_word' id='word_1_304' title='bbox 2065 1397 2176 1429; x_wconf 88' lang='lat' dir='ltr'><strong>lectio-</strong></span> 
     </span>
     <span class='ocr_line' id='line_1_47' title="bbox 1220 1460 2169 1509; baseline 0.002 -18"><span class='ocrx_word' id='word_1_305' title='bbox 1220 1462 1311 1492; x_wconf 77' lang='lat' dir='ltr'><strong>nem!</strong></span> <span class='ocrx_word' id='word_1_306' title='bbox 1350 1461 1453 1492; x_wconf 89' lang='lat' dir='ltr'><strong>Immo</strong></span> <span class='ocrx_word' id='word_1_307' title='bbox 1474 1460 1556 1492; x_wconf 87' lang='lat' dir='ltr'><strong>bene</strong></span> <span class='ocrx_word' id='word_1_308' title='bbox 1583 1472 1617 1492; x_wconf 90' lang='lat' dir='ltr'><strong>se</strong></span> <span class='ocrx_word' id='word_1_309' title='bbox 1641 1460 1737 1492; x_wconf 85' lang='lat' dir='ltr'><strong>habet</strong></span> <span class='ocrx_word' id='word_1_310' title='bbox 1764 1460 1845 1492; x_wconf 82' lang='lat' dir='ltr'><strong>illud</strong></span> <span class='ocrx_word' id='word_1_311' title='bbox 1868 1473 1946 1493; x_wconf 84' lang='lat' dir='ltr'><strong>»nec</strong></span> <span class='ocrx_word' id='word_1_312' title='bbox 1970 1463 2169 1509; x_wconf 45' lang='lat' dir='ltr'><strong>quisquamst«</strong></span> 
     </span>
     <span class='ocr_line' id='line_1_48' title="bbox 1221 1521 2176 1568; baseline 0.004 -15"><span class='ocrx_word' id='word_1_313' title='bbox 1221 1521 1344 1554; x_wconf 85' lang='lat' dir='ltr'><strong>Similis</strong></span> <span class='ocrx_word' id='word_1_314' title='bbox 1368 1522 1407 1554; x_wconf 83' lang='lat' dir='ltr'><strong>de</strong></span> <span class='ocrx_word' id='word_1_315' title='bbox 1425 1522 1510 1554; x_wconf 74' lang='lat' dir='ltr'><strong>Jove</strong></span> <span class='ocrx_word' id='word_1_316' title='bbox 1532 1522 1626 1554; x_wconf 84' lang='lat' dir='ltr'><strong>locus</strong></span> <span class='ocrx_word' id='word_1_317' title='bbox 1649 1523 1734 1565; x_wconf 77' lang='lat' dir='ltr'><strong>apud</strong></span> <span class='ocrx_word' id='word_1_318' title='bbox 1753 1522 1906 1553; x_wconf 83' lang='lat' dir='ltr'><strong>Ovidium</strong></span> <span class='ocrx_word' id='word_1_319' title='bbox 1931 1523 2017 1566; x_wconf 77' lang='lat' dir='ltr'><strong>(ruet.</strong></span> <span class='ocrx_word' id='word_1_320' title='bbox 2031 1525 2065 1559; x_wconf 68' lang='lat'><strong>9.</strong></span> <span class='ocrx_word' id='word_1_321' title='bbox 2089 1524 2176 1568; x_wconf 73' lang='lat'><strong>233)</strong></span> 
     </span>
     <span class='ocr_line' id='line_1_49' title="bbox 1221 1585 2177 1630; baseline 0.002 -13"><span class='ocrx_word' id='word_1_322' title='bbox 1221 1591 1285 1625; x_wconf 74' lang='lat' dir='ltr'><strong>est,</strong></span> <span class='ocrx_word' id='word_1_323' title='bbox 1316 1586 1370 1616; x_wconf 91' lang='lat' dir='ltr'><strong>ubi</strong></span> <span class='ocrx_word' id='word_1_324' title='bbox 1392 1586 1465 1626; x_wconf 72' lang='lat' dir='ltr'><strong>ille,</strong></span> <span class='ocrx_word' id='word_1_325' title='bbox 1491 1591 1665 1628; x_wconf 78' lang='lat' dir='ltr'><strong>postquam</strong></span> <span class='ocrx_word' id='word_1_326' title='bbox 1682 1585 1836 1617; x_wconf 83' lang='lat' dir='ltr'><strong>Herculis</strong></span> <span class='ocrx_word' id='word_1_327' title='bbox 1860 1587 2050 1630; x_wconf 82' lang='lat' dir='ltr'><strong>apotheosin</strong></span> <span class='ocrx_word' id='word_1_328' title='bbox 2069 1587 2177 1620; x_wconf 83' lang='lat' dir='ltr'><strong>(lecre-</strong></span> 
     </span>
     <span class='ocr_line' id='line_1_50' title="bbox 1220 1645 2176 1690; baseline 0.004 -12"><span class='ocrx_word' id='word_1_329' title='bbox 1220 1652 1327 1686; x_wconf 65' lang='lat' dir='ltr'><strong>verat7</strong></span> <span class='ocrx_word' id='word_1_330' title='bbox 1362 1647 1461 1690; x_wconf 88' lang='lat' dir='ltr'><strong>idque</strong></span> <span class='ocrx_word' id='word_1_331' title='bbox 1494 1646 1628 1689; x_wconf 84' lang='lat' dir='ltr'><strong>reliquis</strong></span> <span class='ocrx_word' id='word_1_332' title='bbox 1654 1645 1716 1677; x_wconf 83' lang='lat' dir='ltr'><strong>(liis</strong></span> <span class='ocrx_word' id='word_1_333' title='bbox 1741 1647 1998 1688; x_wconf 61' lang='lat' dir='ltr'><strong>annuntiaverat.</strong></span> <span class='ocrx_word' id='word_1_334' title='bbox 2027 1649 2176 1682; x_wconf 84' lang='lat' dir='ltr'><strong>laetabile</strong></span> 
     </span>
     <span class='ocr_line' id='line_1_51' title="bbox 1221 1710 2132 1754; baseline 0.002 -11"><span class='ocrx_word' id='word_1_335' title='bbox 1221 1711 1267 1743; x_wconf 87' lang='lat' dir='ltr'><strong>eis</strong></span> <span class='ocrx_word' id='word_1_336' title='bbox 1292 1711 1359 1742; x_wconf 78' lang='lat' dir='ltr'><strong>fore</strong></span> <span class='ocrx_word' id='word_1_337' title='bbox 1389 1711 1450 1741; x_wconf 81' lang='lat' dir='ltr'><strong>hoe</strong></span> <span class='ocrx_word' id='word_1_338' title='bbox 1474 1710 1594 1742; x_wconf 81' lang='lat' dir='ltr'><strong>sactum</strong></span> <span class='ocrx_word' id='word_1_339' title='bbox 1618 1710 1748 1754; x_wconf 88' lang='lat' dir='ltr'><strong>quidem</strong></span> <span class='ocrx_word' id='word_1_340' title='bbox 1770 1711 1916 1751; x_wconf 75' lang='lat' dir='ltr'><strong>conlidit,</strong></span> <span class='ocrx_word' id='word_1_341' title='bbox 1941 1712 1998 1743; x_wconf 77' lang='lat' dir='ltr'><strong>sed</strong></span> <span class='ocrx_word' id='word_1_342' title='bbox 2024 1713 2132 1745; x_wconf 72' lang='lat' dir='ltr'><strong>addit:</strong></span> 
     </span>
    </p>

    <p class='ocr_par' dir='ltr' id='par_1_20' title="bbox 1270 1773 2024 1821">
     <span class='ocr_line' id='line_1_52' title="bbox 1270 1773 2024 1821; baseline 0.004 -19"><span class='ocrx_word' id='word_1_343' title='bbox 1270 1791 1319 1796; x_wconf 82' lang='lat'><strong>-—</strong></span> <span class='ocrx_word' id='word_1_344' title='bbox 1341 1791 1389 1795; x_wconf 95' lang='lat'><strong>—</strong></span> <span class='ocrx_word' id='word_1_345' title='bbox 1416 1774 1462 1803; x_wconf 78' lang='lat' dir='ltr'><strong>»si</strong></span> <span class='ocrx_word' id='word_1_346' title='bbox 1486 1775 1559 1819; x_wconf 70' lang='lat' dir='ltr'><strong>quis</strong></span> <span class='ocrx_word' id='word_1_347' title='bbox 1583 1777 1691 1803; x_wconf 80' lang='lat' dir='ltr'><strong>lamen.</strong></span> <span class='ocrx_word' id='word_1_348' title='bbox 1708 1773 1872 1812; x_wconf 70' lang='lat' dir='ltr'><strong>Hercule,</strong></span> <span class='ocrx_word' id='word_1_349' title='bbox 1894 1775 1926 1805; x_wconf 75' lang='lat' dir='ltr'><strong>si</strong></span> <span class='ocrx_word' id='word_1_350' title='bbox 1949 1776 2024 1821; x_wconf 77' lang='lat' dir='ltr'><strong>quis</strong></span> 
     </span>
    </p>

    <p class='ocr_par' dir='ltr' id='par_1_21' title="bbox 1269 1834 2153 1879">
     <span class='ocr_line' id='line_1_53' title="bbox 1269 1834 2153 1879; baseline 0 -13"><span class='ocrx_word' id='word_1_351' title='bbox 1269 1835 1368 1866; x_wconf 73' lang='lat' dir='ltr'><strong>Forte</strong></span> <span class='ocrx_word' id='word_1_352' title='bbox 1397 1835 1454 1865; x_wconf 82' lang='lat' dir='ltr'><strong>deo</strong></span> <span class='ocrx_word' id='word_1_353' title='bbox 1482 1834 1639 1865; x_wconf 84' lang='lat' dir='ltr'><strong>doliturus</strong></span> <span class='ocrx_word' id='word_1_354' title='bbox 1673 1836 1754 1874; x_wconf 70' lang='lat' dir='ltr'><strong>erit,</strong></span> <span class='ocrx_word' id='word_1_355' title='bbox 1788 1836 1862 1866; x_wconf 75' lang='lat' dir='ltr'><strong>data</strong></span> <span class='ocrx_word' id='word_1_356' title='bbox 1883 1838 2028 1879; x_wconf 77' lang='lat' dir='ltr'><strong>praemia</strong></span> <span class='ocrx_word' id='word_1_357' title='bbox 2051 1837 2153 1869; x_wconf 70' lang='lat' dir='ltr'><strong>nolet:</strong></span> 
     </span>
    </p>

    <p class='ocr_par' dir='ltr' id='par_1_22' title="bbox 1220 1896 2145 2005">
     <span class='ocr_line' id='line_1_54' title="bbox 1271 1896 2145 1941; baseline 0.002 -13"><span class='ocrx_word' id='word_1_358' title='bbox 1271 1896 1336 1928; x_wconf 71' lang='lat' dir='ltr'><strong>Sed</strong></span> <span class='ocrx_word' id='word_1_359' title='bbox 1359 1898 1511 1927; x_wconf 75' lang='lat' dir='ltr'><strong>memisse</strong></span> <span class='ocrx_word' id='word_1_360' title='bbox 1535 1897 1608 1927; x_wconf 79' lang='lat' dir='ltr'><strong>dari</strong></span> <span class='ocrx_word' id='word_1_361' title='bbox 1631 1898 1709 1928; x_wconf 80' lang='lat' dir='ltr'><strong>sciet</strong></span> <span class='ocrx_word' id='word_1_362' title='bbox 1717 1911 1730 1937; x_wconf 81' lang='lat'><strong>,-</strong></span> <span class='ocrx_word' id='word_1_363' title='bbox 1757 1897 1940 1941; x_wconf 70' lang='lat' dir='ltr'><strong>invitusque</strong></span> <span class='ocrx_word' id='word_1_364' title='bbox 1963 1899 2145 1941; x_wconf 76' lang='lat' dir='ltr'><strong>probab1&#39;t‚·‹=</strong></span> 
     </span>
     <span class='ocr_line' id='line_1_55' title="bbox 1220 1960 1964 2005; baseline 0.003 -14"><span class='ocrx_word' id='word_1_365' title='bbox 1220 1960 1384 1992; x_wconf 80' lang='lat' dir='ltr'><strong>Jnnouem</strong></span> <span class='ocrx_word' id='word_1_366' title='bbox 1410 1960 1533 1992; x_wconf 87' lang='lat' dir='ltr'><strong>scilieet</strong></span> <span class='ocrx_word' id='word_1_367' title='bbox 1555 1961 1711 1992; x_wconf 86' lang='lat' dir='ltr'><strong>denotans</strong></span> <span class='ocrx_word' id='word_1_368' title='bbox 1734 1960 1778 2005; x_wconf 67' lang='lat' dir='ltr'><strong>(v,</strong></span> <span class='ocrx_word' id='word_1_369' title='bbox 1797 1960 1824 2005; x_wconf 64' lang='grc' dir='ltr'><strong>ξ.</strong></span> <span class='ocrx_word' id='word_1_370' title='bbox 1847 1962 1895 1993; x_wconf 79' lang='grc'><strong>84</strong></span> <span class='ocrx_word' id='word_1_371' title='bbox 1920 1961 1964 2005; x_wconf 70' lang='lat' dir='ltr'><strong>fi).</strong></span> 
     </span>
    </p>

    <p class='ocr_par' dir='ltr' id='par_1_23' title="bbox 1217 2021 2178 2631">
     <span class='ocr_line' id='line_1_56' title="bbox 1294 2021 2172 2067; baseline 0 -13"><span class='ocrx_word' id='word_1_372' title='bbox 1294 2024 1387 2054; x_wconf 74' lang='grc' dir='ltr'><strong>(ἶειῖηι</strong></span> <span class='ocrx_word' id='word_1_373' title='bbox 1412 2021 1528 2067; x_wconf 76' lang='lat' dir='ltr'><strong>patris]</strong></span> <span class='ocrx_word' id='word_1_374' title='bbox 1558 2023 1626 2066; x_wconf 81' lang='lat' dir='ltr'><strong>Qui</strong></span> <span class='ocrx_word' id='word_1_375' title='bbox 1650 2023 1736 2067; x_wconf 81' lang='lat' dir='ltr'><strong>apud</strong></span> <span class='ocrx_word' id='word_1_376' title='bbox 1760 2023 1931 2054; x_wconf 80' lang='lat' dir='ltr'><strong>Platonem</strong></span> <span class='ocrx_word' id='word_1_377' title='bbox 1953 2024 2050 2063; x_wconf 87' lang='lat' dir='ltr'><strong>(Tim.</strong></span> <span class='ocrx_word' id='word_1_378' title='bbox 2072 2036 2107 2067; x_wconf 80' lang='lat' dir='ltr'><strong>p.</strong></span> <span class='ocrx_word' id='word_1_379' title='bbox 2127 2023 2172 2054; x_wconf 64' lang='grc'><strong>41</strong></span> 
     </span>
     <span class='ocr_line' id='line_1_57' title="bbox 1219 2086 2176 2131; baseline 0 -13"><span class='ocrx_word' id='word_1_380' title='bbox 1219 2086 1345 2130; x_wconf 81' lang='lat' dir='ltr'><strong>Steph.)</strong></span> <span class='ocrx_word' id='word_1_381' title='bbox 1371 2087 1504 2118; x_wconf 89' lang='lat' dir='ltr'><strong>deorum</strong></span> <span class='ocrx_word' id='word_1_382' title='bbox 1525 2086 1624 2131; x_wconf 81' lang='lat' dir='ltr'><strong>patris</strong></span> <span class='ocrx_word' id='word_1_383' title='bbox 1647 2087 1687 2118; x_wconf 76' lang='lat' dir='ltr'><strong>ad</strong></span> <span class='ocrx_word' id='word_1_384' title='bbox 1716 2087 1794 2119; x_wconf 87' lang='lat' dir='ltr'><strong>deos</strong></span> <span class='ocrx_word' id='word_1_385' title='bbox 1817 2087 1915 2119; x_wconf 69' lang='lat' dir='ltr'><strong>verba</strong></span> <span class='ocrx_word' id='word_1_386' title='bbox 1934 2087 2062 2129; x_wconf 80' lang='lat' dir='ltr'><strong>legerit,</strong></span> <span class='ocrx_word' id='word_1_387' title='bbox 2090 2086 2176 2118; x_wconf 66' lang='lat' dir='ltr'><strong>vide—</strong></span> 
     </span>
     <span class='ocr_line' id='line_1_58' title="bbox 1217 2148 2175 2182; baseline -0.002 -2"><span class='ocrx_word' id='word_1_388' title='bbox 1217 2149 1264 2180; x_wconf 85' lang='lat' dir='ltr'><strong>bit</strong></span> <span class='ocrx_word' id='word_1_389' title='bbox 1287 2154 1364 2180; x_wconf 88' lang='lat' dir='ltr'><strong>nota</strong></span> <span class='ocrx_word' id='word_1_390' title='bbox 1389 2151 1469 2181; x_wconf 83' lang='lat' dir='ltr'><strong>haee</strong></span> <span class='ocrx_word' id='word_1_391' title='bbox 1488 2149 1589 2181; x_wconf 82' lang='lat' dir='ltr'><strong>fuisse</strong></span> <span class='ocrx_word' id='word_1_392' title='bbox 1609 2149 1780 2182; x_wconf 81' lang='lat' dir='ltr'><strong>Martiano.</strong></span> <span class='ocrx_word' id='word_1_393' title='bbox 1805 2149 1930 2182; x_wconf 86' lang='lat' dir='ltr'><strong>Sensus</strong></span> <span class='ocrx_word' id='word_1_394' title='bbox 1951 2148 2017 2180; x_wconf 89' lang='lat' dir='ltr'><strong>loci</strong></span> <span class='ocrx_word' id='word_1_395' title='bbox 2037 2148 2090 2181; x_wconf 74' lang='lat' dir='ltr'><strong>hie</strong></span> <span class='ocrx_word' id='word_1_396' title='bbox 2110 2154 2175 2180; x_wconf 86' lang='lat' dir='ltr'><strong>est:</strong></span> 
     </span>
     <span class='ocr_line' id='line_1_59' title="bbox 1230 2210 2178 2255; baseline 0 -13"><span class='ocrx_word' id='word_1_397' title='bbox 1230 2211 1321 2243; x_wconf 83' lang='lat' dir='ltr'><strong>»Nisi</strong></span> <span class='ocrx_word' id='word_1_398' title='bbox 1339 2212 1519 2253; x_wconf 84' lang='lat' dir='ltr'><strong>benignitas</strong></span> <span class='ocrx_word' id='word_1_399' title='bbox 1544 2224 1631 2254; x_wconf 74' lang='lat' dir='ltr'><strong>mea,</strong></span> <span class='ocrx_word' id='word_1_400' title='bbox 1655 2212 1802 2243; x_wconf 85' lang='lat' dir='ltr'><strong>omnibus</strong></span> <span class='ocrx_word' id='word_1_401' title='bbox 1820 2216 1906 2251; x_wconf 79' lang='lat' dir='ltr'><strong>nota,</strong></span> <span class='ocrx_word' id='word_1_402' title='bbox 1929 2222 1979 2242; x_wconf 85' lang='lat' dir='ltr'><strong>me</strong></span> <span class='ocrx_word' id='word_1_403' title='bbox 1998 2210 2178 2255; x_wconf 79' lang='lat' dir='ltr'><strong>impelleret</strong></span> 
     </span>
     <span class='ocr_line' id='line_1_60' title="bbox 1223 2273 2176 2313; baseline -0.001 -7"><span class='ocrx_word' id='word_1_404' title='bbox 1223 2274 1264 2306; x_wconf 85' lang='lat' dir='ltr'><strong>ad</strong></span> <span class='ocrx_word' id='word_1_405' title='bbox 1284 2275 1579 2307; x_wconf 82' lang='lat' dir='ltr'><strong>communicandam</strong></span> <span class='ocrx_word' id='word_1_406' title='bbox 1594 2275 1760 2307; x_wconf 72' lang='lat' dir='ltr'><strong>vobiscum</strong></span> <span class='ocrx_word' id='word_1_407' title='bbox 1777 2274 1873 2306; x_wconf 80' lang='lat' dir='ltr'><strong>animi</strong></span> <span class='ocrx_word' id='word_1_408' title='bbox 1893 2273 1956 2305; x_wconf 90' lang='lat' dir='ltr'><strong>mei</strong></span> <span class='ocrx_word' id='word_1_409' title='bbox 1977 2274 2176 2313; x_wconf 69' lang='lat' dir='ltr'><strong>sententiam,</strong></span> 
     </span>
     <span class='ocr_line' id='line_1_61' title="bbox 1222 2336 2177 2380; baseline 0 -12"><span class='ocrx_word' id='word_1_410' title='bbox 1222 2342 1255 2369; x_wconf 89' lang='lat' dir='ltr'><strong>et</strong></span> <span class='ocrx_word' id='word_1_411' title='bbox 1275 2336 1339 2368; x_wconf 84' lang='lat' dir='ltr'><strong>nisi</strong></span> <span class='ocrx_word' id='word_1_412' title='bbox 1355 2336 1483 2368; x_wconf 85' lang='lat' dir='ltr'><strong>lihitum</strong></span> <span class='ocrx_word' id='word_1_413' title='bbox 1505 2342 1592 2369; x_wconf 85' lang='lat' dir='ltr'><strong>esset</strong></span> <span class='ocrx_word' id='word_1_414' title='bbox 1608 2337 1685 2368; x_wconf 86' lang='lat' dir='ltr'><strong>mihi</strong></span> <span class='ocrx_word' id='word_1_415' title='bbox 1708 2337 1747 2368; x_wconf 85' lang='lat' dir='ltr'><strong>de</strong></span> <span class='ocrx_word' id='word_1_416' title='bbox 1770 2336 1826 2377; x_wconf 70' lang='lat' dir='ltr'><strong>iis,</strong></span> <span class='ocrx_word' id='word_1_417' title='bbox 1853 2348 1934 2380; x_wconf 87' lang='lat' dir='ltr'><strong>quae</strong></span> <span class='ocrx_word' id='word_1_418' title='bbox 1959 2336 2022 2367; x_wconf 87' lang='lat' dir='ltr'><strong>etsi</strong></span> <span class='ocrx_word' id='word_1_419' title='bbox 2049 2336 2177 2368; x_wconf 87' lang='lat' dir='ltr'><strong>silentio</strong></span> 
     </span>
     <span class='ocr_line' id='line_1_62' title="bbox 1220 2400 2174 2446; baseline -0.002 -13"><span class='ocrx_word' id='word_1_420' title='bbox 1220 2413 1413 2446; x_wconf 83' lang='lat' dir='ltr'><strong>premerem,</strong></span> <span class='ocrx_word' id='word_1_421' title='bbox 1448 2407 1519 2433; x_wconf 83' lang='lat' dir='ltr'><strong>rata</strong></span> <span class='ocrx_word' id='word_1_422' title='bbox 1548 2407 1654 2433; x_wconf 87' lang='lat' dir='ltr'><strong>tamen</strong></span> <span class='ocrx_word' id='word_1_423' title='bbox 1686 2413 1746 2445; x_wconf 87' lang='lat' dir='ltr'><strong>per</strong></span> <span class='ocrx_word' id='word_1_424' title='bbox 1778 2401 1881 2444; x_wconf 85' lang='lat' dir='ltr'><strong>ipsam</strong></span> <span class='ocrx_word' id='word_1_425' title='bbox 1905 2412 2010 2432; x_wconf 84' lang='lat' dir='ltr'><strong>meam</strong></span> <span class='ocrx_word' id='word_1_426' title='bbox 2028 2400 2174 2433; x_wconf 81' lang='lat' dir='ltr'><strong>volunta-</strong></span> 
     </span>
     <span class='ocr_line' id='line_1_63' title="bbox 1221 2461 2176 2507; baseline -0.004 -11"><span class='ocrx_word' id='word_1_427' title='bbox 1221 2470 1287 2496; x_wconf 90' lang='lat' dir='ltr'><strong>tem</strong></span> <span class='ocrx_word' id='word_1_428' title='bbox 1308 2464 1434 2503; x_wconf 72' lang='lat' dir='ltr'><strong>forent,</strong></span> <span class='ocrx_word' id='word_1_429' title='bbox 1467 2463 1509 2494; x_wconf 82' lang='lat' dir='ltr'><strong>ad</strong></span> <span class='ocrx_word' id='word_1_430' title='bbox 1529 2474 1587 2495; x_wconf 85' lang='lat' dir='ltr'><strong>vos</strong></span> <span class='ocrx_word' id='word_1_431' title='bbox 1614 2463 1751 2502; x_wconf 72' lang='lat' dir='ltr'><strong>reserre3</strong></span> <span class='ocrx_word' id='word_1_432' title='bbox 1777 2474 1908 2506; x_wconf 86' lang='lat' dir='ltr'><strong>possem</strong></span> <span class='ocrx_word' id='word_1_433' title='bbox 1933 2463 2077 2507; x_wconf 77' lang='lat' dir='ltr'><strong>profecto</strong></span> <span class='ocrx_word' id='word_1_434' title='bbox 2097 2461 2176 2494; x_wconf 85' lang='lat' dir='ltr'><strong>meis</strong></span> 
     </span>
     <span class='ocr_line' id='line_1_64' title="bbox 1222 2523 2176 2569; baseline -0.003 -11"><span class='ocrx_word' id='word_1_435' title='bbox 1222 2526 1317 2559; x_wconf 89' lang='lat' dir='ltr'><strong>unius</strong></span> <span class='ocrx_word' id='word_1_436' title='bbox 1333 2525 1482 2569; x_wconf 80' lang='lat' dir='ltr'><strong>auspiciis</strong></span> <span class='ocrx_word' id='word_1_437' title='bbox 1499 2536 1639 2569; x_wconf 77' lang='lat' dir='ltr'><strong>meoque</strong></span> <span class='ocrx_word' id='word_1_438' title='bbox 1653 2525 1789 2568; x_wconf 85' lang='lat' dir='ltr'><strong>imperio</strong></span> <span class='ocrx_word' id='word_1_439' title='bbox 1806 2525 1871 2556; x_wconf 81' lang='lat' dir='ltr'><strong>fixa</strong></span> <span class='ocrx_word' id='word_1_440' title='bbox 1887 2529 1982 2569; x_wconf 86' lang='lat' dir='ltr'><strong>atque</strong></span> <span class='ocrx_word' id='word_1_441' title='bbox 1998 2523 2176 2556; x_wconf 79' lang='lat' dir='ltr'><strong>immutabi-</strong></span> 
     </span>
     <span class='ocr_line' id='line_1_65' title="bbox 1220 2586 2174 2631; baseline -0.005 -11"><span class='ocrx_word' id='word_1_442' title='bbox 1220 2589 1265 2620; x_wconf 88' lang='lat' dir='ltr'><strong>lia</strong></span> <span class='ocrx_word' id='word_1_443' title='bbox 1279 2589 1401 2620; x_wconf 87' lang='lat' dir='ltr'><strong>efficere</strong></span> <span class='ocrx_word' id='word_1_444' title='bbox 1411 2601 1419 2617; x_wconf 87' lang='lat'>:</span> <span class='ocrx_word' id='word_1_445' title='bbox 1431 2599 1493 2619; x_wconf 87' lang='lat' dir='ltr'><strong>nee</strong></span> <span class='ocrx_word' id='word_1_446' title='bbox 1515 2587 1686 2631; x_wconf 83' lang='lat' dir='ltr'><strong>quisquam</strong></span> <span class='ocrx_word' id='word_1_447' title='bbox 1701 2586 1833 2619; x_wconf 81' lang='lat' dir='ltr'><strong>auderet</strong></span> <span class='ocrx_word' id='word_1_448' title='bbox 1850 2586 1971 2618; x_wconf 76' lang='lat' dir='ltr'><strong>nefario</strong></span> <span class='ocrx_word' id='word_1_449' title='bbox 1987 2590 2102 2620; x_wconf 82' lang='lat' dir='ltr'><strong>conatu</strong></span> <span class='ocrx_word' id='word_1_450' title='bbox 2119 2595 2174 2628; x_wconf 85' lang='lat' dir='ltr'><strong>pa-</strong></span> 
     </span>
    </p>
   </div>
   <div class='ocr_carea' id='block_1_16' title="bbox 1220 2647 2172 2696">
    <p class='ocr_par' dir='ltr' id='par_1_24' title="bbox 1220 2647 2172 2696">
     <span class='ocr_line' id='line_1_66' title="bbox 1220 2647 2172 2696; baseline -0.006 -11"><span class='ocrx_word' id='word_1_451' title='bbox 1220 2653 1278 2685; x_wconf 87' lang='lat' dir='ltr'><strong>tris</strong></span> <span class='ocrx_word' id='word_1_452' title='bbox 1300 2653 1430 2685; x_wconf 86' lang='lat' dir='ltr'><strong>deorum</strong></span> <span class='ocrx_word' id='word_1_453' title='bbox 1447 2651 1540 2695; x_wconf 81' lang='lat' dir='ltr'><strong>jussa</strong></span> <span class='ocrx_word' id='word_1_454' title='bbox 1557 2657 1707 2696; x_wconf 81' lang='lat' dir='ltr'><strong>suscepto</strong></span> <span class='ocrx_word' id='word_1_455' title='bbox 1726 2650 1896 2684; x_wconf 85' lang='lat' dir='ltr'><strong>certamine</strong></span> <span class='ocrx_word' id='word_1_456' title='bbox 1912 2649 1999 2681; x_wconf 81' lang='lat' dir='ltr'><strong>irrita</strong></span> <span class='ocrx_word' id='word_1_457' title='bbox 2014 2647 2172 2680; x_wconf 59' lang='lat' dir='ltr'><strong>reddere«</strong></span> 
     </span>
    </p>
   </div>
  </div>
 </body>
</html>
