2310 2860
93 248 138 288 '57
148 249 178 290 5

205 140 297 183 486

787 137 986 179 Martiani
1025 136 1225 194 Capellae
1254 137 1327 180 lib.
1350 138 1426 181 VI.
1456 142 1487 192 §.
1510 140 1610 183 575.

406 245 589 288 Arcibus
619 244 794 287 urbanis
828 253 991 286 veteres
1021 244 1096 285 tibi
1126 244 1285 300 templa
1314 244 1530 298 dicarunt,

405 324 536 375 Quod
566 325 671 367 ratio
703 325 931 381 amplificet
961 325 1166 381 quodque
1196 325 1269 367 illa
1300 326 1446 368 elatior
1475 327 1585 368 urbe
1615 336 1686 370 est.

403 407 516 448 Hinc
548 406 600 447 de
630 416 748 462 patre
777 407 921 449 ferunt
948 407 1037 448 sine
1066 407 1211 448 matris
1243 407 1413 449 foedere
1442 417 1609 460 natam,

404 488 588 529 Provida
620 489 840 529 consilium
874 489 991 544 quod
1025 490 1155 531 nescit
1184 490 1302 530 curia
1333 499 1545 540 matrum,

406 568 704 624 Consultisque
733 569 878 610 viram
910 571 1091 625 praesis,
1131 570 1230 611 hinc
1264 570 1373 612 dicta
1404 571 1564 627 virago.

405 650 443 690 O
474 664 593 691 sacra
624 649 846 692 doctarum
878 652 1104 707 prudentia
1135 652 1468 707 fontigenarum,

204 754 334 785 Bima.
353 752 411 796 (ad
430 752 512 785 Stat.
533 753 581 793 11,
603 766 634 797 p.
651 754 724 785 404
732 754 803 797 ).—
818 754 995 787 Notissima
1013 755 1157 798 enallage

203 815 455 847 emendationem
486 827 550 846 non
574 815 716 859 suscipit.

276 877 425 924 vulqum]
453 878 518 919 Ita,
543 890 608 911 nou
636 881 771 923 vulqus,
795 879 922 913 codices
942 880 1157 913 Monacenses

203 941 262 984 (Α.
288 942 335 985 C)
359 949 392 974 et
415 943 704 983 Reiehenauensis,
732 943 924 988 plurimique
954 945 994 976 ab
1024 943 1157 977 Ouden-

208 1003 320 1048 dorpio
340 1003 392 1047 (ad
418 1003 538 1047 Appul.
556 1005 587 1044 I,
619 1018 650 1049 p.
665 1004 750 1048 118)
774 1005 918 1049 inspecti.

276 1063 417 1111 arcibus]
442 1062 682 1112 Ἀκροπόλεις
708 1067 792 1099 enim
817 1067 982 1100 Minervae
1008 1073 1158 1101 sacratae.

205 1129 376 1170 Virgilius:

256 1191 442 1222 —»Pallas
472 1202 554 1238 quas
579 1191 720 1223 condidit
745 1202 837 1223 arces

257 1255 335 1297 Ipsa
357 1255 468 1286 eolat«

205 1316 291 1348 Iliae
311 1322 385 1347 nata
420 1311 557 1362 ιὲκρὶας
591 1320 623 1346 et
652 1312 928 1360 ἐπιπυργιὸιάς
957 1316 1157 1357 cognomina.

205 1377 381 1419 Eleganter
403 1377 477 1408 facit
502 1388 573 1408 eum
597 1376 755 1408 Martiano
778 1375 957 1416 Homerus,
986 1377 1042 1419 qui
1059 1376 1158 1407 canit:

263 1436 398 1484 »35770'22
428 1434 637 1483 Ἀθηναίης
667 1433 946 1481 γλαυκώπιδος
975 1437 1016 1472 ἑν
1048 1434 1160 1473 πόλει

604 1497 732 1547 ἱέκρῃ.«

205 1566 249 1597 Et
274 1565 421 1596 Catullus
446 1564 485 1595 de
510 1563 621 1595 eadem
644 1563 730 1595 diva:

257 1647 305 1651 ——
323 1645 371 1652 ·—-
394 1629 555 1659 »retinens
580 1629 615 1657 in
635 1627 768 1657 summis
789 1626 921 1657 urbibus
944 1637 1064 1658 arces.-

207 1691 312 1723 GnoT.
325 1709 372 1714 —
393 1689 447 1721 Ab
465 1691 610 1720 Homero
632 1688 700 1730 jam
724 1688 777 1732 (11.
793 1690 825 1719 6.
847 1688 935 1732 505)
961 1687 1162 1734 ἐρυσίπτο·

208 1754 268 1791 jug
292 1752 470 1796 appellata,
499 1753 537 1783 ab
555 1752 723 1783 Herodoto
747 1752 795 1796 (1,
819 1751 919 1795 160),
943 1751 1162 1796 Aristophane

208 1814 298 1858 (nul).
319 1815 390 1845 583
409 1825 497 1856 sequ.
521 1812 623 1856 598),
645 1818 677 1844 ct
703 1813 862 1844 Pausania
881 1815 934 1857 (5,
964 1816 1021 1855 17,
1042 1814 1079 1857 5)
1095 1823 1163 1849 πο-

209 1874 388 1921 λιοῦχος.
414 1875 508 1907 Adde
517 1876 688 1917 Virgilium
701 1876 796 1920 (Aen.
808 1878 841 1918 2,
859 1877 957 1922 615),
974 1878 1164 1910 Petronium

208 1939 249 1982 (c.
270 1939 304 1978 ὅ,
325 1951 355 1981 p.
366 1938 414 1968 ‘22
430 1937 565 1981 Burnu),
585 1938 797 1970 Claudianum
813 1939 905 1983 (rapt.
926 1940 1018 1971 Pros.
1033 1941 1072 1980 2,
1094 1939 1163 1982 19),

207 1998 363 2043 ipsosque
394 1999 607 2030 historiarum*
621 1999 792 2043 scriptores
817 2001 900 2044 (Liv.
918 2002 983 2040 5fl,
1020 2003 1081 2034 50.
1103 2001 1163 2040 57,

208 2062 268 2093 57.
291 2061 356 2100 45,
387 2060 445 2091 28.
472 2060 580 2092 Valer.
606 2061 736 2092 Maxim.
756 2062 795 2101 5,
820 2063 842 2093 5
869 2062 902 2104 s.)
925 2068 958 2093 et
981 2062 1165 2095 Vitruxium

210 2124 263 2167 (l,
294 2123 344 2166 7),
378 2123 520 2167 inprimis
545 2129 650 2155 autem
673 2123 825 2155 Aristidis
853 2125 1029 2156 orationem
1052 2125 1084 2157 in
1104 2125 1165 2157 Mi-

211 2197 339 2217 nervam
365 2185 420 2228 (T.
443 2184 475 2225 I,
505 2197 535 2229 p.
555 2185 598 2215 21
626 2185 742 2229 Cant).
777 2185 894 2217 Exstat
914 2193 1077 2230 praeterea
1103 2187 1165 2217 sin-

212 2246 331 2288 gularis
362 2245 584 2278 commentatio
609 2244 653 2278 A.
668 2246 704 2278 F.
730 2246 856 2279 Ocselci
876 2248 1020 2292 praeside
1043 2249 1081 2280 L.
1101 2248 1166 2282 ἲν.

212 2310 356 2341 Balhorn
375 2309 414 2340 dc
433 2309 576 2342 Minerva
596 2309 681 2340 urbis
705 2311 860 2354 praeside.
875 2312 996 2343 Lovan.
1015 2312 1120 2343 1734.
1135 2312 1167 2343 8.

214 2373 367 2406 Ceterum
389 2385 447 2418 pro
476 2373 624 2406 dicarunt
647 2373 679 2404 in
704 2373 773 2405 aliis
798 2380 877 2406 teste
902 2375 1016 2407 Grotio
1046 2381 1095 2407 est
1115 2387 1166 2407 sa-

214 2440 357 2467 erm-unt.

289 2500 366 2530 urbe
389 2496 449 2544 est]
477 2498 564 2541 Lege
587 2499 682 2539 urbe,
708 2497 759 2530 vel
784 2498 956 2531 secundnm
983 2499 1043 2531 alia
1063 2511 1167 2533 exem-

218 2558 333 2601 pluria:

1266 755 1442 801 »Quodque
1463 755 1518 787 illa
1539 755 1654 788 elatior
1672 757 1750 789 urbe
1769 761 1846 791 esst«

1206 818 1250 850 Et
1280 819 1468 850 Phurnutus
1500 819 1540 852 de
1564 819 1718 853 Pallade:
1747 819 1901 867 ἵδρυται
1924 816 1966 855 δὲ
2003 817 2046 855 ἒν
2076 822 2162 859 ταῖς

1207 876 1444 926 ἀκροπολὲὄι
1462 877 1639 925 μάλιότα,
1659 886 1691 914 et
1710 882 1866 913 rationem
1879 881 1980 913 addit:
2001 876 2080 915 ἀπὸ
2092 879 2162 915 τοῦ

1206 938 1524 989 μετεωροτάτους
1549 943 1753 991 maim-9222.
1780 943 1885 975 Gnor.
1909 946 1959 967 -—'
2004 942 2163 986 Stupidis-

1207 1005 1287 1037 simc
1310 1005 1344 1036 in
1367 1005 1560 1037 membranis
1586 1006 1739 1050 seriptum
1765 1007 1933 1051 »quodque
1954 1006 2029 1038 villa
2052 1005 2165 1037 elatior

1208 1067 1287 1099 urbe
1304 1072 1383 1100 est.«
1418 1067 1494 1109 Qua
1515 1068 1699 1111 prodigiosa
1718 1068 1856 1099 lectione
1875 1068 1953 1111 quid
1970 1067 2082 1099 faciam
2099 1078 2164 1098 non

1208 1128 1312 1160 video.
1343 1127 1381 1159 In
1408 1128 1477 1158 aliis
1502 1128 1564 1159 fuit
1594 1129 1649 1160 illa
1675 1129 1797 1163 elatior.
1833 1128 1901 1160 Sed
1928 1128 2007 1159 aliae
2035 1133 2163 1159 nostrae

1208 1191 1369 1232 vulgatam
1393 1191 1580 1234 scripturam
1602 1197 1741 1223 tuentur.
1767 1190 1897 1224 Scribe:

1264 1269 1276 1283 n
1285 1253 1379 1297 Quod
1412 1256 1496 1286 ratio
1532 1254 1718 1298 amplificet,
1757 1266 1822 1301 qua
1857 1254 1934 1286 villa
1969 1260 2018 1286 est
2051 1254 2164 1292 altior,

1606 1316 1743 1347 urbem«

1211 1375 1286 1419 Qua
1311 1374 1387 1406 villa
1414 1374 1516 1417 major
1543 1380 1593 1407 est
1619 1376 1713 1417 urbs,
1734 1374 1850 1408 rationi
1873 1375 1978 1408 debet.
2005 1374 2085 1408 Sine
2118 1386 2166 1407 ra-

1210 1436 1307 1468 tionis
1333 1448 1394 1468 usu
1416 1436 1509 1480 primi
1531 1437 1676 1470 homiues
1701 1437 1884 1470 habitabant
1908 1437 2017 1479 villas,
2043 1437 2168 1469 stabula

1211 1513 1282 1533 eum
1305 1500 1481 1544 pecudibus
1502 1513 1617 1545 nempe
1637 1501 1824 1534 communia.
1851 1500 1898 1533 At
1914 1501 1995 1533 ratio
2017 1501 2170 1533 urbanam

1212 1563 1446 1605 humanamque
1474 1561 1569 1593 vitam
1599 1561 1744 1593 instituit.
1770 1562 1898 1593 ΒΑΜ-ιι.
1926 1562 1985 1605 (ad
2012 1561 2095 1594 Stat.
2119 1554 2169 1601 Hi,

1212 1638 1244 1669 p.
1267 1625 1369 1668 404).
1388 1643 1436 1648 ——
1468 1624 1654 1657 Absurdam
1686 1625 1810 1657 Barthii
1844 1625 2089 1669 explicationem
2115 1624 2169 1656 vel

1213 1688 1363 1720 retulisse
1378 1688 1494 1721 taedet.
1521 1688 1589 1721 Sed
1612 1701 1671 1721 nec
1693 1689 1821 1730 vulgata
1838 1688 1968 1732 placuit,
1988 1700 2069 1731 quae
2090 1688 2170 1720 haec

1214 1757 1298 1784 erat:
1323 1751 1491 1795 „quodque
1511 1757 1561 1784 cst
1583 1752 1697 1785 elatior
1716 1752 1850 1793 urbes«,
1877 1763 1975 1796 quare
1990 1751 2098 1785 Grotii
2118 1762 2169 1784 co-

1214 1816 1302 1849 dices
1327 1820 1457 1848 secutus
1485 1827 1565 1848 sum.
2111 1855 2122 1868 ὀ
2142 1856 2160 1873 ο

1289 1878 1470 1924 consilium]
1498 1879 1572 1911 Iloe
1592 1885 1659 1920 est,
1691 1880 1778 1923 quod
1797 1879 1932 1911 feminae
1959 1878 2172 1911 excluduntur

1216 1943 1341 1983 ecuria,
1360 1943 1414 1974 uhi
1434 1942 1592 1984 agitantur
1610 1943 1752 1976 consilia.
1762 1944 1910 1976 Vama.
1927 1961 1975 1967 ——
1993 1943 2170 1976 Consilium

1215 2005 1287 2047 lege
1310 2016 1327 2035 e
1348 2003 1447 2037 MSS.
1462 2004 1586 2036 eunetis
1607 2010 1639 2036 et
1656 2010 1821 2037 construez
1844 2004 1949 2049 »quod
1968 2003 2101 2048 provida
2118 2013 2170 2034 eu-

1215 2067 1262 2098 ria
1293 2066 1395 2098 nescit
1428 2065 1597 2097 consilium
1621 2072 1786 2098 matrum«
1801 2066 1946 2098 Ouum».
1971 2065 2024 2108 (ad
2049 2063 2170 2107 Appul.

1217 2133 1342 2159 metam.
1367 2140 1397 2170 p.
1418 2128 1573 2171 572).—-
1591 2127 1725 2161 Grotius
1751 2127 1896 2159 nimirum
1915 2125 2058 2157 ediderat
2072 2126 2172 2157 consi·

1217 2192 1265 2229 lii,
1288 2189 1341 2220 alii
1360 2191 1506 2229 consilia,
1528 2190 1585 2221 sed
1598 2195 1738 2221 nostram
1753 2187 1923 2219 lectionem
1940 2186 2007 2228 jam
2020 2186 2172 2218 Bar-thius

1218 2251 1251 2283 in
1272 2250 1345 2283 MS.
1362 2251 1480 2294 reperit
1503 2251 1753 2292 confirmantque
1774 2253 1806 2280 et
1828 2248 1890 2279 mei
1913 2248 2041 2280 codices
2058 2248 2171 2279 Darm-

1218 2311 1399 2352 stattensis,
1430 2310 1724 2350 Reichenaucnsis,
1756 2315 1788 2341 et
1813 2309 2019 2342 Monacensis
2042 2314 2175 2352 uterque

1215 2375 1272 2422 (Α.
1302 2374 1353 2417 C).

1294 2451 1312 2470 ο
1331 2435 1436 2481 sacra]
1461 2436 1586 2469 Versus
1607 2442 1657 2468 est
1678 2436 1887 2481 Rliopalicus,
1911 2447 1928 2468 a
1950 2433 2173 2478 monosyllaba

1220 2498 1437 2532 crescentibus
1463 2510 1589 2542 semper
1605 2498 1736 2531 vocibus
1754 2498 1787 2530 in
1805 2497 2172 2543 plurisyllabaS.BAn‘m.

1216 2562 1268 2605 (ad
1294 2561 1377 2593 Stat.
1405 2560 1454 2599 H,
1485 2572 1515 2604 p.
1535 2560 1628 2602 405).
