2310 2860
143 174 233 214 590
701 169 897 210 Martiam
932 168 1131 223 Capellae
1162 168 1235 208 lib.
1264 167 1360 208 VII.
1397 169 1430 219 ᾗ.
1451 167 1550 208 757.

147 277 427 333 rmnponitur.
488 275 550 315 Ea
581 275 692 315 enim
726 284 900 330 possunt
933 289 1008 329 per
1040 273 1305 314 collationem
1341 271 1504 324 media,
1549 271 1591 313 id
1624 280 1684 313 est
1706 280 1799 313 octo
1827 287 1903 328 per
1932 288 2104 327 novem,

148 374 258 414 quae
281 366 491 406 extrema,
525 355 567 396 id
591 365 650 396 est
679 370 751 396 sex
783 370 859 411 per
889 354 1139 407 duodecim3
1180 369 1279 395 nam
1316 363 1500 409 utraque
1532 348 1692 394 faciunt
1719 355 1979 409 septuaginta
2003 356 2103 399 duo.

149 441 252 481 Item
293 438 333 478 in
376 437 611 492 majoribus
650 437 841 478 numeris
882 435 1022 478 media
1062 446 1353 478 extremorum
1400 436 1634 477 rationibus
1669 445 1987 491 componuntur
2025 439 2104 481 sub

148 519 359 576 praedicta
403 518 568 559 senaria
605 518 779 559 ratione.
848 518 961 558 Nam
1002 518 1140 558 sexies
1179 516 1461 572 septuagesies
1498 514 1725 570 dipondius
1762 515 1861 555 facit
1899 515 2106 569 quadrin-

148 609 290 654 gentos
328 599 466 653 trigies
506 598 754 654 dipondius3
801 598 992 638 similiter
1035 600 1160 640 octies
1190 597 1471 652 septuagesies
1502 595 1729 652 dipondius
1762 596 2011 651 quingentos
2043 612 2110 638 se-

151 680 362 733 piuaginta
391 694 492 731 sex3
531 679 628 719 item
662 678 808 719 novies
842 677 1102 732 septuaginta
1134 675 1221 717 duo
1254 677 1414 718 faciunt
1444 686 1660 718 sexcentos
1683 677 1963 732 quadraginta
1995 687 2110 731 oet03

149 761 337 802 similiter
370 760 594 801 duodecies
634 761 794 800 faciunt
825 760 1058 815 octingenta
1105 760 1321 814 sexaginta
1361 768 1569 814 quatuor;
1617 773 1728 814 quae
1760 758 1900 800 media
1931 759 2037 800 inter
2067 774 2112 801 se

151 840 426 896 multiplicata
454 840 639 882 reddunt
668 855 872 882 numeros
903 851 1198 882 extremorum
1233 841 1339 880 inter
1363 854 1407 879 se
1439 839 1797 880 convenientium.
1844 840 1923 880 Hie
1946 840 2111 896 primus

150 933 379 970 numerus,
410 921 451 961 id
484 930 542 961 ost
573 922 784 972 senarius,
815 921 1061 963 harmonias
1094 920 1331 962 ostenditur
1361 921 1576 976 genuisse3
1620 921 1781 975 quippe
1811 935 1883 961 sex
1916 920 1968 961 ad
2000 921 2110 961 duo-

151 999 287 1040 decim
320 1009 380 1040 est
409 1001 665 1056 symphonia
688 1001 915 1056 diapason;
946 1019 1019 1044 sex
1053 1001 1107 1043 ad
1137 1016 1294 1043 novem
1326 1001 1571 1052 hemiolios;
1610 1015 1683 1040 sex
1707 999 1758 1041 ad
1791 1009 1882 1040 octo
1914 1000 2112 1055 epitritos,

152 1080 194 1121 id
225 1091 285 1121 est
314 1082 571 1136 symphonia
600 1081 881 1136 diatessaron3
920 1083 1036 1124 unde
1063 1084 1212 1124 Venus
1245 1083 1504 1124 Harmoniae
1537 1091 1671 1122 mater
1704 1081 1967 1136 perhibetur.
2005 1081 2110 1122 Item

154 1161 222 1201 hic
255 1163 445 1203 senarius
477 1163 683 1216 quadrato
709 1174 748 1205 et
770 1165 903 1206 solido
935 1164 1211 1220 quaternario
1242 1162 1423 1203 sociatus
1455 1161 1581 1201 horas
1611 1160 1694 1202 diei
1724 1162 1944 1216 noctisque
1972 1161 2112 1202 dime-

153 1241 277 1293 titur,
320 1256 418 1282 nam
451 1252 600 1296 quater
631 1244 720 1284 seni
753 1244 899 1285 viessis
932 1245 1189 1300 quadrussis
1221 1242 1394 1284 faciunt.

226 1352 284 1384 per
300 1340 509 1386 collationem]
530 1342 661 1374 Grotius
682 1343 813 1384 margini
835 1343 1002 1386 adscripsit
1017 1351 1108 1386 post,-

155 1401 247 1433 male.
272 1402 406 1434 collatio
431 1403 481 1433 hie
506 1403 802 1446 multiplicationem
836 1404 902 1434 sive
933 1405 1108 1447 potentiam

156 1464 310 1505 fignificat
332 1465 445 1496 eodem
473 1477 534 1497 usu
560 1477 623 1508 quo
652 1466 768 1498 Festus
793 1468 831 1510 (s.
849 1479 878 1498 v.
899 1467 1001 1510 ocius)
1024 1480 1108 1499 eom-

156 1527 328 1572 parationis
351 1528 467 1570 gradus
489 1530 693 1561 collationum
718 1530 873 1562 vocabulo
899 1531 1048 1574 appellat.

229 1601 386 1650 utraque]
427 1603 483 1635 Sic
509 1604 639 1635 eodices
672 1604 884 1635 Monacenscs
914 1604 969 1647 (A.
996 1604 1038 1647 C)
1076 1609 1109 1635 et

158 1665 437 1706 Darmstattensis3
472 1667 567 1708 vulgo
594 1673 749 1713 utraeque
776 1667 844 1698 sine
872 1679 978 1698 sensu.

235 1740 416 1785 dipondius]
443 1740 575 1772 Grotius
590 1753 646 1784 per
661 1753 801 1772 errorem
821 1747 857 1772 ut
874 1741 999 1773 videtur
1011 1741 1109 1773 edidit

161 1802 366 1843 dispondius,
397 1802 482 1844 quod
514 1803 653 1841 correxi,
680 1803 736 1834 sed
769 1803 830 1846 ipsi
853 1803 926 1835 hnic
953 1804 1109 1835 vocabulo

162 1862 252 1893 locus
275 1862 326 1894 hic
349 1862 455 1894 nullus
481 1869 544 1902 est,
571 1870 605 1894 ut
632 1876 648 1894 e
670 1870 744 1895 nota
769 1870 890 1896 tantum
915 1865 997 1896 male
1019 1865 1110 1896 intel-

161 1928 243 1958 lecta
273 1932 376 1957 ortum
402 1938 474 1958 esse
503 1927 661 1963 videntum
689 1941 867 1971 quanquam
893 1928 1000 1960 invitis
1025 1929 1110 1960 codi-

163 1990 252 2022 cibus
283 1990 361 2021 nihil
396 1996 492 2021 muto.
536 1991 687 2023 Ceterum
717 2004 830 2023 sensns
864 1993 915 2024 hic
942 1998 1007 2032 est,
1039 2005 1110 2036 pro-

164 2051 340 2095 portionem
366 2052 603 2093 geometricam,
635 2065 728 2096 quam
754 2054 848 2084 niodo
879 2054 1062 2098 proposuit:

493 2127 515 2158 6
533 2140 539 2156 :
558 2129 580 2158 8
607 2136 647 2152 =
672 2129 694 2158 ἐξ
712 2142 719 2157 :
739 2128 783 2158 12

165 2201 254 2242 eujus
273 2206 412 2232 extrema
439 2213 539 2244 aeque
560 2214 594 2232 ac
616 2202 718 2233 media
735 2214 841 2235 secum
860 2203 977 2235 collata
994 2202 1113 2235 faciunt

165 2266 228 2305 72,
257 2265 350 2296 etiam
378 2264 405 2295 si
436 2265 540 2296 omnia
563 2266 780 2309 septuagesies
804 2267 853 2298 bis
878 2279 1011 2309 augeas,
1039 2279 1111 2298 ean-

164 2328 235 2361 dem
259 2340 402 2360 manere:

409 2390 483 2422 452
498 2404 505 2420 =
520 2391 591 2422 576
609 2402 650 2417 =
664 2391 738 2421 848
755 2403 762 2419 :
781 2391 863 2422 864.

235 2466 270 2497 iel
293 2472 339 2497 est
361 2463 522 2510 senarius]
555 2465 646 2497 Haec
672 2477 729 2508 pro
758 2465 947 2506 glossemate
973 2466 1114 2498 tollenda

164 2533 271 2558 censet
290 2526 441 2567 Grotius;
469 2527 525 2558 scd
551 2527 577 2558 si
596 2527 766 2566 demseris,
791 2539 871 2557 nnus
900 2540 916 2558 e
938 2528 1111 2569 majoribus

163 2588 267 2631 potius
287 2589 440 2629 numeris,
469 2589 524 2632 qui
543 2587 747 2629 antecedunt,
766 2587 991 2631 intelligendus
1008 2589 1113 2621 fuerit.

1233 1341 1406 1386 hemiolios]
1436 1342 1571 1373 Grotius
1594 1343 1762 1381 hemiolos,
1789 1342 1875 1386 quod
1903 1355 1920 1374 e
1949 1343 2113 1376 codicibus

1159 1405 1292 1438 correxi.

1231 1467 1450 1512 Harmoniae]
1494 1468 1659 1511 Hyginus:
1688 1469 1756 1500 »Ex
1793 1469 1920 1501 Venere
1951 1476 1983 1501 et
2011 1469 2114 1502 Illarte

1158 1529 1333 1560 Harmonia
1368 1535 1399 1561 et
1427 1529 1608 1561 Formido.«
1651 1530 1825 1562 Harmonia
1861 1537 1981 1571 autem,
2014 1543 2114 1575 quan-

1160 1605 1253 1636 quam
1288 1594 1421 1636 Capella
1452 1606 1510 1624 suo
1542 1593 1636 1625 modo
1670 1595 1760 1626 aliter
1793 1595 2034 1638 interpretatur,
2064 1601 2115 1626 est

1158 1654 1346 1685 Hermione.
1359 1654 1519 1685 Gn0T.—
1539 1655 1657 1686 Nescio
1683 1656 1758 1698 quid
1782 1662 1893 1687 contra
1914 1668 2114 1688 communem

1158 1717 1298 1748 fabulam
1329 1716 1539 1760 (Apollodor.
1570 1719 1609 1756 5,
1640 1719 1682 1758 4,
1711 1719 1745 1749 2.
1784 1719 1917 1750 Diodor.
1945 1720 1982 1758 ὅ,
2014 1720 2062 1750 48
2081 1719 2114 1761 f.)

1161 1780 1295 1812 Grotius
1317 1780 1442 1811 sentiat.
1473 1781 1538 1811 Pro
1556 1787 1660 1812 mater
1679 1781 1759 1813 alios
1785 1782 1891 1823 legere
1910 1783 2011 1826 nmjor
2031 1783 2114 1814 idem

1160 1841 1293 1883 margini
1321 1841 1506 1885 adscripsit3
1534 1842 1649 1885 inepte.

1236 1907 1348 1937 viessis
1376 1906 1564 1952 quadrussz's
1593 1904 1742 1950 faciunt]
1769 1906 1866 1937 Forte
1902 1908 2033 1939 vicessis
2064 1907 2116 1939 vel

1161 1969 1315 2010 viqessis,
1341 1972 1375 1997 ut
1403 1969 1508 2005 sexis,
1534 1969 1746 2011 scptuayessis
1770 1973 1802 1998 et
1827 1968 1939 1999 similia
1962 1969 2036 2001 huie
2062 1981 2114 2000 au-

1162 2029 1241 2059 ctori
1271 2034 1430 2071 usurpata.
1449 2028 1552 2060 Gnor.
1572 2047 1619 2051 —
1657 2028 1753 2060 Sexis
1781 2041 1876 2073 supra
1903 2029 2058 2073 (§.505)
2085 2036 2115 2060 et

1162 2090 1241 2121 infra
1265 2089 1305 2133 (ξ.
1329 2090 1413 2132 767)
1437 2090 1562 2131 legitur.
1598 2090 1736 2122 Codices
1759 2091 1971 2122 Monaecnses
1989 2090 2043 2133 (Α.
2062 2090 2114 2133 C),

1162 2153 1442 2192 Darmstattensis,
1494 2159 1526 2184 et
1566 2154 1838 2184 Reiclienauensis
1884 2154 2002 2185 liabent
2048 2155 2114 2185 vics

1163 2217 1305 2261 qum-lis,
1333 2214 1418 2257 quod
1441 2215 1508 2256 jam
1537 2214 1672 2246 Grotius
1700 2215 1832 2255 margini
1863 2214 2047 2258 adscripsit,
2081 2221 2115 2246 ut

1163 2290 1258 2321 supra
1288 2280 1364 2309 tries
1387 2290 1443 2320 pro
1469 2280 1599 2321 irfqies3
1630 2282 1857 2320 praetereaque
1876 2278 2115 2310 Reiclienauen-

1164 2340 1207 2370 sis
1233 2339 1363 2382 praebet
1381 2339 1461 2381 s'arit
1491 2350 1548 2381 pro
1564 2338 1702 2380 sin-lunt.
1738 2338 1854 2369 Procul
1878 2339 1973 2370 ‹lnhio
1994 2340 2116 2370 numeri

1163 2401 1361 2433 librariorum
1385 2400 1507 2431 inscitia
1531 2399 1579 2429 vel
1607 2399 1764 2430 scribendi
1787 2401 2045 2443 compendiorum
2071 2401 2114 2442 ig-

1165 2462 1308 2494 norantia
1344 2467 1419 2492 sunt
1455 2460 1611 2503 corrupti,
1642 2460 1875 2504 legendumque
1905 2461 1956 2493 hie
1988 2461 2114 2503 »viginti

1164 2529 1335 2567 (piatum-u,
1362 2528 1393 2553 et
1423 2534 1517 2564 supra
1543 2522 1666 2552 »sexies
1689 2523 1889 2566 septuaginta
1911 2523 1973 2554 dno
1997 2523 2116 2555 faciunt

1165 2587 1395 2631 quadringenta
1420 2585 1547 2626 triginta
1571 2585 1651 2616 duo«
1681 2591 1741 2618 cet.
