2310 2860
243 137 330 180 752
815 134 1013 175 Martiani
1045 133 1243 188 Capellae
1273 133 1346 174 lib.
1366 133 1444 174 IX.
1474 135 1506 185 ᾗ.
1528 135 1628 175 965.

245 245 462 286 consucvit
493 243 655 293 vocari,
704 256 815 296 quae
854 241 997 296 plures
1037 255 1159 281 sonos
1200 255 1253 280 ex
1284 239 1442 280 ultimis
1473 240 1630 295 recipit.
1692 241 1799 281 Sunt
1829 244 1952 284 etiam
1991 244 2095 285 aliae
2125 243 2193 284 di-

243 327 437 374 stantiae,
492 338 604 379 quae
642 333 681 363 et
717 323 876 378 tropica
914 322 1025 362 mela
1063 321 1285 373 dicuntur,
1338 321 1442 362 aliae
1485 322 1750 372 ἑμοιολογικὰι
1796 321 1868 362 sed
1906 322 2012 363 haec
2055 325 2191 380 aptius

243 421 320 461 pro
350 406 478 446 rebus
508 405 814 459 subrogantur,
844 419 922 444 nee
951 418 1047 444 suas
1081 402 1210 457 magis
1238 410 1434 457 poterunt
1463 400 1687 441 divisiones
1716 399 1881 442 afferre.
1930 402 2021 443 Hae
2045 412 2188 444 autem

124 488 212 529 966
240 486 397 541 species
423 486 546 526 etiam
572 486 681 541 tropi
704 485 915 525 dicuntur.
955 483 1215 524 Dissentiunt
1245 490 1386 521 autem
1412 480 1675 535 melopoeiae
1698 481 1812 535 ipsae
1838 480 1973 522 modis
2000 481 2194 537 pluribus

126 1237 212 1279 967

127 1646 213 1687 1368
243 1655 383 1686 tamen
430 1646 538 1687 inter
588 1646 847 1700 rhythmum
900 1655 939 1686 et
983 1646 1400 1700 rhythmizomenon.

242 567 350 608 inter
375 582 418 607 se
446 576 484 607 et
513 581 686 622 genere,
718 575 764 606 ut
791 565 871 606 alia
895 565 944 605 sit
968 564 1258 613 enarmonios,
1292 563 1371 604 alia
1402 563 1674 615 chromatice,
1706 564 1786 604 alia
1816 564 2027 617 diatonos;
2058 566 2196 622 speeie

243 662 439 703 quoque,
471 648 571 702 quia
598 647 676 687 alia
698 656 757 687 est
779 645 1052 701 hypatoides,
1085 644 1164 684 alia
1189 642 1421 694 mesoides,
1453 644 1532 684 alia
1560 644 1766 697 neto'ide53
1797 646 1948 701 tropis,
1978 656 2025 687 ut
2048 648 2195 703 Dorio,

244 727 398 781 Lydio,
435 726 503 768 vel
524 727 680 767 ceteris.
714 726 865 767 Omnis
891 735 1054 777 tamen,
1089 725 1163 780 qui
1189 725 1320 765 melos
1344 723 1532 775 inchoat,
1567 740 1668 780 prae
1691 727 1849 767 eunctis
1867 737 2049 781 systema
2074 728 2198 770 debet

247 806 487 857 advertere,
531 806 683 846 dehinc
719 821 842 846 sonos
882 806 1059 846 miscere
1102 815 1229 859 atque
1261 819 1527 860 componere.
1585 805 1701 846 Haec
1732 805 1785 846 de
1814 815 1973 862 septem
2006 807 2195 863 partibus

247 888 343 927 artis
365 895 530 927 nostrae
560 886 712 926 dixisse
735 886 926 927 sufficiat.
978 887 1104 927 Nune
1135 886 1384 940 rhythinOS,
1415 885 1496 926 hoc
1527 895 1586 926 est
1615 901 1817 928 numeros
1846 888 2192 944 perstringamus,

247 966 450 1021 quoniam
485 967 621 1022 ipsam
656 981 832 1022 quoque
862 967 992 1009 nostri
1024 967 1263 1023 portionem
1295 981 1382 1007 esse
1420 982 1505 1009 non
1535 966 1716 1009 dubium
1749 977 1818 1009 est.

897 1138 1045 1188 QUID
1077 1137 1168 1178 SIT
1198 1136 1544 1178 RHYTHMUS.

409 1242 657 1297 Rhythmus
696 1243 822 1297 igitur
860 1252 920 1283 est
958 1243 1203 1298 compositio
1239 1241 1451 1296 quaedam
1494 1256 1546 1281 ex
1584 1240 1851 1282 sensibilibus
1895 1242 2045 1282 collata
2085 1251 2195 1281 tem-

247 1321 420 1376 poribus
464 1321 517 1363 ad
563 1322 750 1376 aliquem
794 1322 988 1363 habitum
1036 1322 1318 1375 ordinemque
1362 1336 1564 1362 connexa.
1637 1321 1830 1362 Rursum
1875 1322 1933 1361 sic
1971 1320 2195 1362 definitur:

246 1416 452 1442 uumerus
494 1411 552 1442 est
589 1402 860 1444 diversorum
907 1403 1138 1444 modorum
1179 1401 1370 1442 ordinata
1411 1402 1640 1453 connexio,
1690 1403 1872 1458 tempori
1915 1418 1994 1459 pro
2038 1403 2197 1444 ratione

247 1481 547 1523 modulationis
587 1483 840 1534 inserviens,
883 1482 1029 1538 perid
1058 1482 1175 1537 quod
1210 1491 1284 1523 aut
1318 1481 1531 1523 efferenda
1562 1497 1646 1523 vox
1680 1481 1807 1524 fuerit
1845 1492 1918 1523 aut
1952 1481 2198 1538 premenda,

249 1573 288 1604 et
313 1565 387 1619 qui
412 1579 488 1605 nos
517 1579 541 1605 a
565 1564 730 1605 lieentia
758 1564 1054 1605 modulationis
1084 1566 1134 1606 ad
1162 1575 1295 1607 artem
1321 1566 1676 1622 disciplinamque
1702 1566 1967 1620 constringat.
2024 1566 2201 1606 Interest

249 1726 427 1766 materia
464 1740 771 1778 numerorum,
814 1740 1021 1767 numerus
1069 1736 1209 1767 autem

249 1866 430 1906 comoedia,
454 1871 486 1897 et
505 1865 899 1910 dithyramhus.Gno”r.—-
921 1865 1039 1898 Melius
1057 1865 1199 1909 profecto

249 1931 356 1971 glossa
392 1929 425 1960 in
454 1930 701 1961 Darmstattensi
725 1929 834 1961 codiee
867 1930 997 1973 lequlis,
1023 1929 1050 1960 si
1072 1929 1199 1972 quidem

250 2003 287 2022 ea
313 1992 380 2034 ipsa
405 1991 443 2022 ‹le
476 2003 570 2023 eausa
597 1987 744 2034 νόμους
769 1991 944 2034 appellatos
974 2002 1045 2021 esse
1075 1996 1200 2021 veteres

252 2052 365 2084 medos
407 2052 543 2084 musicos
587 2058 727 2092 constat,
772 2052 846 2095 quia
870 2052 965 2084 certis
992 2052 1116 2093 legibus
1145 2051 1197 2083 ad-

250 2115 359 2147 stricta
399 2120 523 2154 essent,
562 2127 641 2158 quas
669 2126 733 2146 non
761 2115 870 2146 liceret
896 2127 953 2158 pro
984 2115 1112 2146 arbitrio
1142 2114 1198 2145 mi-

250 2190 359 2220 grarc3
387 2179 495 2209 confer
522 2178 691 2208 Platonem
714 2178 773 2221 (de
803 2178 926 2219 legibus
949 2180 983 2219 5,
1012 2192 1044 2222 p.
1063 2178 1148 2222 700)
1167 2183 1200 2209 et

251 2241 402 2273 Photium
425 2241 470 2284 (in
485 2240 559 2271 bibl.
579 2240 670 2280 259,
698 2253 729 2283 p.
747 2241 817 2272 525
834 2240 1004 2283 lloesch.),
1029 2241 1083 2273 ubi
1104 2241 1199 2273 etiam

251 2303 426 2336 differentia
462 2315 572 2334 eorum
595 2315 613 2334 a
642 2303 845 2345 dithyrambis
878 2304 1055 2348 exponitur.
1099 2305 1199 2336 Plura

252 2368 338 2399 dabit
358 2366 571 2410 Spanhemins
594 2366 646 2410 (ad
670 2365 795 2398 Gallim.
821 2368 925 2410 hymn.
949 2368 983 2399 in
1008 2368 1080 2399 Del.
1095 2367 1199 2413 504),

252 2431 335 2461 unde
372 2442 503 2473 prorsus
546 2429 714 2461 absurdam
749 2441 819 2462 esse
851 2430 956 2463 Grotii
985 2431 1200 2472 conjecturam

252 2493 422 2534 intelliges.

328 2550 593 2600 ὀμοιολογικὰ]
621 2552 766 2587 Alteram
786 2554 955 2588 lectionem
980 2556 1200 2600 conzoloqicam

1474 1647 1646 1701 Quippe
1691 1646 2094 1701 rhythmizomenon
2140 1654 2200 1686 est

1252 1727 1371 1769 velut
1407 1726 1584 1781 quidam
1616 1727 1766 1767 artifex
1807 1736 1880 1768 aut
1911 1727 2069 1782 species
2101 1742 2196 1768 mo-

1251 1863 1385 1896 Grotius
1409 1863 1448 1895 ad
1473 1863 1644 1905 marginem
1667 1863 1787 1905 rejecit.
1813 1863 1931 1896 Plures
1952 1863 2110 1896 variantes
2127 1862 2199 1895 vide

1251 1927 1334 1971 apud
1360 1927 1568 1959 Meibomium
1595 1928 1638 1972 (p.
1656 1929 1729 1959 559
1753 1939 1781 1959 v.
1803 1927 1871 1970 17).

1324 1991 1492 2033 rhythmus
1507 1992 1606 2034 iyitur
1625 1989 1685 2035 est]
1707 1990 1821 2023 Varias
1844 1990 1982 2034 rhythmi
1998 1988 2198 2021 definitiones

1249 2065 1290 2085 ex
1308 2059 1450 2085 veterum
1479 2053 1604 2098 scriptis
1636 2053 1766 2095 collegit
1786 2053 1989 2086 doctissimus
2016 2051 2198 2084 Boeclzhius

1249 2115 1301 2159 (de
1318 2121 1406 2147 metr.
1425 2115 1518 2147 Pind.
1540 2128 1571 2159 p.
1591 2117 1614 2147 6
1632 2114 1750 2158 sequ),
1771 2126 1850 2158 quas
1869 2120 2013 2158 repetere
2038 2113 2198 2152 nolumus,

1250 2176 1324 2220 quia
1355 2177 1475 2208 nullam
1502 2188 1612 2208 eorum
1640 2176 1816 2209 Martianus
1843 2174 2039 2218 expressisse
2062 2173 2197 2207 videtur.

1248 2240 1350 2280 llnic,
1383 2240 1415 2271 ni
1444 2239 1597 2280 fallimur,
1636 2239 1852 2271 Aristoxenus
1880 2243 1952 2268 ante
1978 2237 2089 2269 oeulos
2121 2241 2198 2276 erat,

1249 2302 1340 2343 eujus
1364 2303 1612 2346 rhythmicorum
1637 2303 1865 2333 elementorum
1892 2301 2051 2332 secundus
2075 2305 2197 2332 tantum

1249 2365 1330 2396 liber
1364 2370 1469 2396 exstat
1503 2376 1521 2395 a
1551 2363 1700 2397 Mol-ellit»
1728 2363 1832 2394 editus
1864 2363 1960 2406 (pone
1989 2361 2143 2393 Aristidis
2167 2367 2198 2392 et

1248 2427 1375 2460 Libanii
1399 2427 1559 2458 orationes
1576 2425 1722 2458 Venetiis
1744 2424 1869 2470 1783),
1896 2425 2027 2469 primus,
2055 2436 2119 2468 quo
2140 2425 2197 2456 has

1249 2491 1335 2535 ipsas
1357 2489 1556 2524 definitiones
1579 2489 1736 2523 contineri
1760 2493 2008 2521 consentaneum
2030 2492 2113 2529 erat,
2143 2486 2195 2520 ad-

1250 2555 1312 2587 hue
1340 2553 1426 2586 latet.
