2310 2860
725 113 926 155 Martiani
957 113 1158 170 Capellae
1187 115 1260 156 lib.
1281 115 1398 157 VIII.
1431 118 1462 168 ᾗ.
1483 117 1585 158 854.
2035 123 2122 164 667

164 230 325 278 septem
355 220 564 263 sideribus
595 235 708 262 unus
741 230 801 262 est
831 223 1071 262 communis
1101 231 1264 274 motus,
1300 223 1417 278 quod
1449 238 1597 265 omnes
1627 234 1767 266 ortum
1799 235 1968 281 petunt3
2015 228 2120 269 alius

162 304 279 360 quod
302 315 547 360 temporum
572 320 719 346 omnes
747 303 1060 347 diversitatibus
1091 312 1219 358 atque
1238 303 1523 344 accidentibus
1548 305 1780 346 variantur.
1835 307 1948 348 Nam
1975 323 2027 349 ex
2052 307 2118 350 his

161 386 356 440 quinque
399 386 536 427 sidera
578 386 772 426 stationes
816 399 1104 439 recursusque
1151 385 1392 439 patiuntur,
1455 384 1526 424 Sol
1579 400 1682 426 vero
1729 386 1941 441 Lunaque.
1987 402 2116 429 cursu

162 466 360 507 continuo
413 466 665 521 rapiuntur3
726 465 827 505 item
880 465 985 506 hacc
1030 465 1194 506 lumina
1240 465 1403 506 vicibus
1453 465 1772 507 obscurantium
1828 467 2117 519 occultantur,

162 547 356 602 quinque
387 562 490 588 vero
519 547 658 587 sidera
689 546 882 587 nesciunt
912 546 1188 597 obumbrari3
1229 546 1305 586 tria
1337 546 1436 586 item
1470 562 1521 587 ex
1553 547 1617 587 his
1648 562 1747 588 cum
1780 548 1875 588 Sole
1909 550 2117 604 Lunaque

160 627 308 668 orbem
340 637 478 669 terrae
510 628 801 677 circumeunt,
849 626 994 667 Venus
1030 641 1130 667 vero
1162 641 1210 666 ac
1239 626 1482 667 Mercurius
1511 642 1595 667 non
1629 628 1822 669 ambiunt
1851 639 2023 674 terram.

300 785 472 834 QUOD
505 784 735 825 TELLUS
770 783 896 824 NON
928 782 1019 822 SIT
1052 781 1345 822 CENTRUM
1377 784 1638 825 OMNIBUS
1671 786 1966 826 PLANE'I'IS.

328 891 446 931 Licet
476 891 726 945 generaliter
757 888 1002 939 sciendum,
1049 888 1207 927 cunetis
1239 888 1415 929 orbibus
1458 890 1728 945 planetarum
1771 901 1991 933 ecccntron
2028 906 2115 932 esse

159 971 377 1024 tellurem,
408 973 489 1013 hoc
521 983 580 1014 est
610 988 694 1013 non
718 982 860 1012 tenere
885 970 1075 1011 medium
1101 969 1385 1022 circulorum3
1418 972 1622 1025 quoniam
1655 974 1803 1014 mundi
1830 983 1999 1014 centron
2027 989 2114 1013 esse

158 1067 241 1093 non
273 1053 479 1105 dubium3
522 1063 560 1093 ct
595 1053 700 1093 illud
739 1051 936 1106 generale
975 1059 1136 1105 septem
1178 1050 1378 1090 omnibus
1426 1051 1758 1104 advertendum,
1813 1053 1930 1107 quod
1976 1067 2115 1108 quum

159 1134 346 1174 mundus
378 1133 568 1188 ejusdem
605 1132 758 1173 ductus
793 1131 997 1172 rotatione
1029 1130 1234 1171 unimoda
1266 1141 1536 1184 torqueatur,
1587 1132 1779 1187 planetae
1811 1133 1998 1186 quotidie
2028 1142 2114 1174 tam

158 1214 249 1254 loca
279 1229 410 1268 quam
445 1213 706 1254 diversitates
738 1212 942 1267 arripiant
971 1209 1247 1253 circulorum.
1306 1211 1420 1251 Nam
1454 1227 1505 1252 ex
1537 1212 1601 1252 his
1633 1213 1802 1253 nullum
1835 1213 1950 1254 sidus
1986 1229 2036 1255 cx
2067 1229 2115 1254 eo

158 1293 251 1334 loeo
283 1294 398 1334 unde
429 1294 564 1349 pridie
603 1303 745 1334 ortum
778 1302 838 1333 est
878 1292 1083 1332 elevatur.
1142 1292 1271 1341 Quod
1301 1292 1334 1332 si
1360 1301 1441 1342 cst,
1486 1293 1667 1334 dubium
1701 1309 1785 1334 non
1821 1303 1902 1345 est,
1948 1304 2118 1335 centum

159 1373 364 1428 octoginta
409 1382 491 1413 tres
531 1373 711 1413 circulos
755 1372 915 1412 habere
961 1372 1124 1422 Solem,
1172 1387 1249 1427 per
1289 1387 1395 1425 quos
1437 1382 1508 1413 aut
1548 1374 1601 1413 ab
1632 1375 1802 1414 solstitio
1837 1376 1879 1414 in
1911 1375 2115 1416 brumam

157 1455 286 1506 redit,
330 1465 403 1496 aut
440 1455 492 1496 ab
535 1454 685 1496 eadem
719 1455 760 1495 in
807 1454 1064 1495 solstitialem
1110 1453 1264 1493 lineam
1309 1453 1581 1504 sublevatur3
1636 1469 1711 1508 per
1746 1454 1915 1494 easdem
1955 1455 2116 1510 quippe

160 1536 410 1579 mutationes
443 1546 654 1577 commeat
686 1535 959 1576 circulorum.
1005 1535 1087 1576 Sed
1120 1549 1259 1590 quum
1291 1534 1362 1575 Sol
1394 1534 1656 1589 praedictum
1682 1550 1917 1576 numerum
1949 1537 2117 1588 habeat,

158 1617 273 1657 Mars
298 1616 450 1672 duplos
475 1617 652 1658 circulos
678 1616 796 1668 facit,
825 1617 940 1658 Jovis
969 1616 1088 1657 stella
1113 1615 1338 1656 duodecies
1363 1624 1542 1666 exercet,
1568 1616 1692 1656 octies
1718 1616 1844 1656 vicies
1869 1617 2115 1658 cumulatur

229 1737 272 1757 ex
292 1726 342 1756 his
360 1723 516 1772 quinque]
545 1725 660 1757 Codex
681 1722 1112 1756 Ettenheimmfinsteriensis
1164 1723 1203 1755 ab
1232 1723 1420 1767 Hipparcho
1447 1723 1611 1754 inventum
1640 1723 1824 1765 diligentius
1860 1725 2016 1765 excoluit5
2059 1726 2114 1756 cfr.

156 1798 198 1819 ex
214 1788 278 1826 eis-5
304 1799 369 1819 non
390 1799 535 1821 necesse.

232 1852 386 1882 stationes
412 1849 648 1896 recursusque]
677 1850 793 1881 Cicero
818 1849 871 1892 (N.
895 1849 936 1880 Ι).
961 1849 1000 1888 2,
1034 1848 1112 1890 20):

166 1912 283 1955 ”Quod
306 1923 344 1942 eo
370 1918 419 1942 est
442 1911 658 1942 admirabilius
686 1911 718 1942 in
740 1910 790 1941 his
817 1910 934 1948 stellis,
962 1921 1040 1952 quas
1067 1910 1112 1940 di-

158 1976 275 2015 cimus,
302 1974 377 2018 quia
399 1981 467 2005 tum
490 1974 690 2006 occultantur
707 1980 773 2005 tum
788 1985 900 2004 rursus
917 1972 1112 2016 aperiuntur,

157 2047 223 2071 tuin
240 2039 357 2071 adeunt
376 2044 443 2069 tum
461 2038 625 2076 recedunt,
652 2043 718 2068 tum
740 2037 932 2068 antecedunt
951 2041 1017 2067 tnm
1038 2036 1111 2067 sul)-

159 2107 353 2146 seqnuntur,
391 2106 458 2131 tuin
492 2099 627 2132 celerius
665 2104 833 2130 moventur
869 2104 936 2130 tum
971 2098 1110 2134 tardius,

158 2170 224 2196 tum
253 2163 382 2195 omniuo
417 2173 458 2193 ne
491 2167 660 2193 moventur
691 2161 835 2204 quidem,
868 2160 926 2192 scd
952 2160 992 2192 ad
1011 2160 1111 2204 quod-

159 2229 231 2259 dam
253 2233 378 2271 tempns
401 2226 581 2258 insistunt.u

236 2289 349 2320 Venus
364 2301 439 2319 vero
455 2300 492 2319 ac
512 2285 710 2331 Elei-curius]
739 2287 946 2331 Quapropter
965 2287 1025 2318 hos
1043 2286 1110 2327 jam

160 2352 276 2385 Cicero
301 2351 347 2395 (in
372 2362 471 2382 somn.
494 2350 582 2395 Scip.
595 2351 634 2394 4)
655 2350 745 2382 Solis
771 2362 900 2383 cursum
925 2356 962 2382 ut
982 2352 1110 2382 comites

159 2413 314 2457 consequi
330 2413 461 2444 dixerat.
486 2412 584 2443 Plura
603 2413 674 2444 vide
691 2413 771 2444 infra
790 2412 843 2456 (ad
865 2412 893 2457 §.
913 2412 1011 2456 857).

233 2475 416 2521 eccene-on]
442 2476 528 2508 Vide
554 2487 649 2519 supra
674 2475 720 2520 (ἓ.
738 2477 824 2519 849)
850 2483 883 2509 et
909 2477 1002 2521 plura
1027 2475 1111 2520 apud

160 2542 380 2573 Ptolemaeum
414 2539 613 2582 (Almagest.
643 2539 683 2579 5,
706 2540 758 2581 4),
786 2539 841 2583 qui
869 2541 931 2571 hoe
963 2538 1111 2582 placitum

1163 1787 1272 1830 Bailly
1299 1786 1385 1830 (hist.
1410 1786 1450 1817 de
1476 1785 1575 1818 l'astr.
1599 1787 1635 1818 T.
1660 1787 1693 1827 Ι,
1720 1800 1751 1831 p.
1767 1789 1814 1820 87
1838 1794 1870 1819 et
1886 1788 1982 1831 470).
2015 1788 2116 1821 Nihili

1164 1857 1214 1882 est
1240 1850 1327 1894 quod
1348 1849 1444 1880 tradit
1469 1849 1670 1882 Jamhlichus
1697 1852 1755 1895 (de
1792 1852 1856 1883 vita
1886 1853 2021 1896 Pythag.
2046 1853 2116 1896 51)

1158 1915 1225 1955 jam
1255 1914 1469 1957 Pythagoram
1495 1911 1566 1953 τὰς
1589 1911 1889 1960 ἐκκεντρότητας
1910 1916 2086 1957 indagasse.

1238 1977 1389 2020 quoniam
1412 1973 1535 2019 nitendi]
1563 1976 1685 2019 Recepi
1707 1976 1876 2007 lectionem
1900 1989 1917 2008 a
1944 1976 2059 2009 Grotio
2082 1977 2114 2008 in

1162 2037 1303 2077 margine
1331 2042 1489 2077 notatam3
1524 2037 1621 2078 vulgo
1651 2038 1737 2084 quod
1760 2039 1875 2069 mtmdi
1894 2038 1999 2070 minus
2020 2040 2113 2073 clarc,

1162 2100 1247 2133 Vide
1269 2105 1414 2132 nostrum
1434 2100 1580 2145 superius
1602 2100 1737 2145 (§.384.
1756 2102 1842 2144 599)
1860 2108 1891 2133 et
1907 2102 2111 2135 Cleomedon}

1162 2162 1196 2206 (l.
1220 2162 1242 2193 l.
1266 2163 1301 2202 1,
1332 2162 1378 2204 9).

1235 2237 1302 2256 non
1318 2223 1461 2269 dubium]
1484 2224 1598 2257 Codex
1615 2225 2040 2258 Ettenheimmfinsteriensis
2057 2226 2110 2257 ad-

1163 2289 1208 2320 dit
1234 2295 1301 2328 est,
1336 2289 1423 2332 quod
1450 2294 1556 2320 tamen
1586 2289 1699 2320 eodem
1731 2301 1795 2332 quo
1827 2301 1923 2332 supra
1950 2288 1997 2333 (ἓ.
2018 2290 2110 2332 857)

1157 2351 1230 2392 jure
1256 2350 1358 2380 omitti
1380 2362 1476 2393 posse
1498 2350 1624 2390 censui5
1651 2362 1754 2393 neque
1774 2350 1874 2391 magis
1896 2351 2110 2382 necessarium

1162 2413 1239 2445 duxi
1267 2413 1362 2456 paulo
1389 2419 1463 2456 post
1488 2413 1632 2455 ejusdem
1649 2415 1809 2456 arripiunt
1834 2402 1891 2456 pro
1916 2416 2083 2457 arripiant.

1234 2473 1373 2519 exercet]
1399 2475 1521 2519 Recepi
1543 2474 1661 2507 codicis
1684 2471 2111 2508 Ettenhehnmiinsterieusis‘

1158 2536 1312 2570 lectiones
1331 2542 1364 2568 et
1386 2536 1438 2569 hic
1461 2542 1495 2582 et
1515 2536 1548 2568 in
1570 2531 1793 2579 sequentibus,
1819 2542 1855 2568 nt
1877 2543 1996 2570 mutata
2014 2538 2109 2570 simul

1626 2599 1671 2630 34
1692 2597 1711 2619 *
