2310 2860
283 238 365 280 170

837 233 1037 278 Martiani
1076 231 1276 288 Capellae
1313 230 1386 272 lib.
1407 230 1462 273 II.
1499 233 1530 284 §.
1556 230 1651 275 122.

931 341 995 382 Te
1027 354 1146 381 socer
1175 337 1321 381 subire
1351 337 1462 380 celsa

931 423 1068 465 Poscit
1098 432 1209 465 astra
1236 421 1414 478 Jupiter.

450 506 512 548 Ac
541 507 576 548 si
606 505 717 549 Clio:

676 578 750 630 Tu
781 601 892 643 quae
922 586 1150 627 Rhetorico
1181 584 1376 639 clangere
1406 591 1619 637 syrmate,

682 669 825 724 Atque
855 683 979 710 reum
1011 666 1163 708 rabido
1195 665 1417 707 absolvere
1447 673 1639 720 pectore,

679 750 805 800 Quae
830 763 945 790 nunc
975 762 1097 789 sensa
1122 747 1255 802 ligans
1284 744 1461 787 horrida
1490 744 1694 795 nexibus,

677 829 834 870 Soritas
866 827 1027 869 cumuli
1057 828 1292 868 accessibus
1323 841 1548 882 aggerans,

673 910 803 951 Nunc
835 909 939 965 quid
969 907 1248 965 grammatica
1279 907 1485 963 stringere
1515 907 1685 963 regula,

675 989 794 1039 Quid
823 990 940 1031 fandi
972 989 1183 1045 ambiguis
1214 998 1402 1030 conterat
1431 989 1649 1040 ordinem,

676 1070 832 1112 Sollers
863 1070 1090 1112 docticanis
1121 1070 1271 1112 ludere
1302 1070 1514 1110 sensibus:

277 1219 369 1246 vetus
400 1212 558 1257 interpres
589 1218 734 1246 vertens:
760 1215 864 1246 »vinde
890 1215 989 1247 a'llero
1017 1216 1148 1247 lzz'mmel
1167 1219 1235 1261 fmi-

276 1289 366 1309 naon
393 1277 560 1320 :intiqosta
585 1275 640 1320 (et
667 1277 807 1309 omnium
836 1278 1024 1311 coelestium
1049 1279 1237 1311 feminarum

277 1339 524 1382 decentissima).
533 1354 544 1368 «

351 1402 435 1448 Clio]
463 1403 502 1435 Si
524 1415 634 1435 verum
654 1403 851 1447 quaesiveris
868 1404 992 1435 videbis
1012 1405 1095 1437 hane
1111 1405 1238 1437 Musam

274 1464 453 1508 praefuisse
478 1464 639 1496 historiae.
665 1465 715 1509 Ita
739 1464 995 1495 Herculanensia
1019 1465 1074 1508 (2,
1099 1466 1161 1497 tab.
1181 1465 1237 1509 2),

275 1528 319 1561 ita
345 1528 491 1560 scholion
516 1528 556 1559 ad
576 1527 711 1559 Luciani
739 1527 894 1569 imagines
918 1528 988 1571 (16.
1009 1541 1041 1572 p.
1065 1529 1113 1561 20
1130 1528 1238 1573 Rip),

275 1591 320 1624 ita
348 1597 381 1624 et
401 1591 570 1624 Ausonius
592 1591 698 1635 (Idyll.
726 1592 790 1632 20,
822 1590 856 1635 1)
881 1591 999 1634 aliique
1022 1592 1157 1635 (anthol.
1180 1591 1238 1624 Gr.

276 1655 316 1687 de
343 1655 455 1687 Bosch
488 1656 525 1695 1,
555 1656 615 1695 67,
644 1655 711 1694 253
741 1654 861 1685 anthol.
883 1654 996 1686 Burm.
1021 1654 1092 1686 Lat.
1114 1656 1152 1694 1,
1181 1656 1239 1693 75,

277 1731 308 1762 p.
330 1718 401 1760 51).
426 1716 503 1764 'Alii
533 1716 699 1748 historiam
726 1710 933 1759 Polymniae,
971 1722 1100 1748 nostrae
1124 1717 1237 1748 lauda·

277 1781 380 1810 tiones
404 1778 564 1819 tribuunt,
590 1783 719 1821 etymon
739 1777 840 1810 secuti
872 1778 1077 1822 (Plutarchus
1098 1779 1131 1810 iu
1154 1790 1237 1822 sym·

276 1851 349 1884 poS.
375 1840 416 1880 9,
455 1840 511 1871 M.
538 1852 571 1883 p.
598 1840 689 1879 7463
724 1839 762 1870 cf.
790 1844 823 1871 et
849 1839 984 1871 Cornut.
1022 1841 1077 1871 M.
1108 1852 1139 1884 p.
1164 1842 1235 1872 158

279 1902 377 1946 Gal).
415 1902 537 1935 Noster
571 1902 788 1947 disputantem
820 1907 944 1934 tantum
972 1903 1095 1935 inducit
1126 1909 1238 1935 contra

277 1965 389 1997 inanes
414 1963 616 2006 Philologiae
641 1963 790 2004 labores,
823 1964 940 2007 quibus
966 1965 1006 1995 ad
1032 1964 1113 1996 illud
1136 1977 1236 2009 usque

279 2034 406 2072 tempus
423 2027 624 2068 rhetoricam,
643 2027 850 2068 dialecticam,
874 2034 906 2060 et
924 2029 1158 2070 grammaticam
1175 2034 1236 2061 tra-

279 2091 430 2133 ctaverit,
474 2091 587 2123 altiora
614 2103 690 2122 mox
718 2096 752 2122 ct
784 2092 909 2123 veriora
934 2092 968 2124 in
1000 2085 1099 2125 coelo·
1119 2093 1236 2126 visura.

280 2154 420 2187 Meu-um
452 2153 550 2195 hujus
581 2152 730 2184 carminis
760 2153 922 2197 explicant
952 2153 1078 2195 glossae
1105 2155 1140 2187 in
1166 2156 1237 2188 Μο-

282 2216 473 2248 naeensibus
504 2215 567 2259 (B.
593 2216 631 2247 C.
661 2214 720 2259 Ε.)
752 2221 785 2247 et
819 2216 852 2247 in
889 2216 1073 2250 Basileensi
1109 2220 1236 2252 codice:

290 2279 509 2322 »Dactylicum
537 2285 770 2323 pentametrum
799 2281 1057 2313 catalecticum«=
1079 2288 1129 2315 est
1160 2296 1237 2316 vero

283 2339 534 2384 Asclepiadeum
553 2341 689 2385 primum
713 2341 805 2384 (llor.
829 2342 879 2373 od.
905 2344 937 2383 1,
965 2345 995 2374 1.
1022 2345 1057 2385 5,
1083 2344 1155 2389 50).

357 2403 510 2449 syrmate]
537 2404 752 2447 Ambagibus,
783 2405 987 2448 circuitione,
1013 2408 1078 2440 sive
1106 2409 1238 2442 circum-

287 2465 407 2511 scripta
426 2466 616 2498 elocutione.
649 2467 800 2510 Syrmata
828 2470 1051 2510 tragoedorum
1071 2477 1162 2503 erant
1185 2483 1238 2504 ve-

288 2529 454 2570 stimenta,
496 2530 580 2561 unde
616 2532 675 2561 hoe
710 2532 899 2563 vocabulum
931 2533 1075 2565 inflatum
1114 2535 1240 2568 dicendi

290 2603 409 2633 genus,
439 2591 594 2635 ampullas
620 2598 651 2622 ct
677 2593 910 2637 sesquipedalia
933 2596 1028 2627 verba
1055 2597 1180 2640 (Horat.
1199 2598 1238 2630 ad

289 2652 400 2685 Pison.
425 2653 486 2698 97)
506 2653 658 2697 designat.
687 2654 742 2688 Sic
762 2655 918 2689 Martialis
941 2656 987 2701 (4.
1006 2658 1063 2691 49.
1088 2659 1139 2703 8)=

1347 1218 1398 1248 ..A
1421 1217 1540 1247 nostris
1564 1216 1679 1259 procul
1699 1221 1747 1247 est
1773 1216 1876 1247 omnis
1901 1214 2007 1247 vesica
2034 1215 2167 1255 libellis,

1336 1281 1435 1312 BIusa
1461 1292 1520 1312 nee
1541 1279 1654 1312 insano
1680 1285 1817 1324 syrmate
1842 1285 1954 1312 nostra
1975 1285 2112 1318 tumet«,

1288 1347 1320 1374 et
1342 1342 1404 1373 alio
1423 1342 1495 1374 loco
1517 1342 1589 1386 (12.
1616 1342 1676 1374 95.
1699 1340 1752 1385 4)=

1346 1406 1496 1449 »Aptasti
1517 1405 1650 1447 longum
1669 1409 1705 1437 tu
1727 1415 1853 1451 quoque
1874 1415 1979 1447 syrma
2003 1405 2087 1436 tibia

1361 1466 1487 1512 rabido]
1513 1467 1614 1509 Pejus
1641 1466 1675 1498 in
1703 1466 1964 1510 Guelferbytanis
1985 1467 2098 1510 rapido
2121 1466 2244 1508 legerat

1288 1529 1431 1563 Cortius.
1461 1531 1512 1562 De
1543 1530 1665 1563 sorensi
1693 1531 1779 1563 enim
1806 1530 1959 1562 orationis
1993 1541 2109 1572 genere
2136 1541 2241 1563 sermo

1288 1598 1349 1626 est.
1385 1593 1462 1635 Quo
1497 1598 1603 1624 autem
1623 1592 1738 1623 melius
1761 1592 1868 1623 locum
1888 1591 2065 1633 intelligas,
2097 1592 2240 1624 conseras

1287 1653 1383 1684 velim
1410 1653 1443 1683 in
1463 1653 1561 1684 totius
1582 1653 1656 1684 libri
1673 1653 1735 1683 fine
1758 1652 1800 1695 (ξ.
1823 1652 1912 1696 998)
1935 1665 2066 1684 versus:

1345 1717 1498 1747 »Imlocta
1523 1716 1668 1747 rabidum
1694 1728 1788 1763 quem
1812 1717 1922 1748 videre
1947 1717 2056 1749 secula

1335 1778 1451 1821 mez‘s
1478 1779 1610 1810 caninos
1636 1778 1812 1810 blateratus
1836 1779 2002 1822 pendae«

1285 1840 1403 1872 Festus
1423 1840 1466 1885 (p.
1482 1841 1556 1872 419
1573 1839 1682 1884 Dac.):
1702 1841 1863 1872 »Rabidus
1877 1853 1897 1872 α
1914 1843 2014 1881 rabie,
2036 1842 2091 1885 qui
2109 1843 2240 1875 morbus

1286 1904 1423 1934 caninus
1451 1907 1527 1933 esta
1568 1902 1637 1935 Sed
1667 1908 1700 1934 et
1726 1902 1851 1935 Seneca
1877 1903 2030 1946 (Hercul.
2057 1905 2117 1936 fur.
2146 1905 2241 1949 172)

1294 1965 1439 1996 »rabiosa
1469 1965 1531 1996 fori
1554 1966 1685 2010 jun-qia«
1719 1966 1855 2010 scripsit.
1895 1965 2021 1998 Sensus
2054 1966 2152 2009 igitur
2175 1973 2239 1999 est:

1286 2028 1395 2059 rhetor
1419 2038 1509 2058 reum
1532 2027 1644 2059 rabido
1669 2027 1813 2071 (forensi)
1843 2033 1973 2071 pectore
2007 2028 2051 2060 ita
2085 2028 2237 2070 defendit,

1287 2096 1323 2122 ut
1354 2091 1546 2123 absolvatur.
1585 2091 1710 2123 Eodem
1747 2092 1887 2136 pertinet
1916 2090 1960 2128 τὸ
1998 2089 2170 2140 σφοδρὸν
2207 2100 2240 2126 et

1288 2150 1491 2200 κάρχαρον
1504 2155 1545 2199 (v.
1562 2155 1600 2187 C.
1624 2155 1679 2188 Fr.
1695 2156 1871 2188 Hermann.
1893 2156 1933 2188 ad
1953 2156 2086 2188 Lucian.
2105 2156 2144 2188 de
2165 2157 2239 2191 hist.

1288 2228 1348 2249 ser.
1367 2229 1398 2260 p.
1410 2216 1507 2259 261).
1527 2218 1700 2249 Praeterea
1725 2219 1870 2249 conferre
1888 2218 1964 2250 lieet
1989 2217 2150 2250 Graecum
2172 2221 2237 2264 epi·

1287 2293 1425 2323 gramma
1444 2280 1497 2324 (2,
1521 2282 1582 2322 48,
1602 2282 1648 2314 14
1673 2295 1703 2326 p.
1724 2282 1792 2313 501
1812 2280 1946 2325 Bosch.)
1969 2287 2000 2313 ct
2022 2282 2237 2327 Propertium,

1288 2343 1343 2388 qui
1367 2342 1415 2387 (5,
1439 2344 1473 2383 6,
1500 2342 1559 2386 11)
1584 2344 1748 2375 »rabidam
1773 2342 1932 2385 linguam«
1957 2343 2137 2389 scripserat.

1362 2405 1491 2451 cumuli]
1521 2407 1710 2440 Ciceronem
1737 2413 1848 2439 noster
1877 2408 2004 2440 videtur
2028 2414 2100 2442 ante
2126 2411 2236 2444 oeulos

1288 2471 1448 2511 babuisse,
1471 2471 1527 2515 qui
1550 2471 1657 2515 (divin.
1680 2472 1714 2512 2,
1738 2470 1776 2516 4)
1800 2473 1964 2505 »soritem«
1988 2473 2098 2506 scribit
2123 2475 2166 2507 »si
2182 2487 2235 2507 ne-

1289 2546 1378 2566 cesse
1399 2533 1455 2573 sit,
1479 2533 1595 2566 Latino
1616 2534 1713 2565 verbo
1735 2536 1912 2567 acervalem
1933 2536 2027 2568 liceat
2051 2538 2228 2582 appellarem

1288 2596 1382 2641 (conf.
1409 2596 1495 2627 acad.
1524 2609 1576 2640 qu.
1601 2597 1640 2637 2,
1676 2598 1721 2629 16
1747 2602 1779 2629 et
1805 2598 1862 2629 29.
1897 2598 2012 2630 lIorat.
2035 2599 2127 2644 epist.
2149 2600 2182 2631 2.
2205 2602 2235 2633 1.

1288 2659 1347 2691 47.
1375 2659 1465 2690 Pers.
1492 2664 1549 2690 sat.
1573 2660 1607 2691 6.
1635 2664 1714 2691 extr.
1744 2659 1835 2693 Sext.
1868 2660 1988 2705 Einpir.
2017 2661 2086 2693 adv.
2112 2660 2174 2703 lag.
2202 2663 2234 2703 7,
