2310 2860
146 1168 228 1208 :551

265 153 358 194 454

842 146 1040 186 Martiani
1080 143 1280 200 Capellae
1318 143 1390 185 lib.
1419 143 1473 186 V.
1512 145 1543 196 §.
1565 143 1666 196 529.

267 266 413 314 putent
441 253 633 296 nonnulli
664 266 783 308 posse
815 252 1041 308 compleri,
1087 265 1216 306 quem
1253 253 1480 301 μονόκωλον
1505 256 1691 305 περίοδον
1721 253 1952 308 appellant,
1996 269 2132 311 quum
2166 256 2218 296 sit

268 339 389 380 colon
423 336 574 391 potius.

634 335 808 390 Optima
845 335 971 389 igitur
1010 334 1141 375 oratio
1180 333 1272 385 fiet,
1317 335 1350 375 si
1379 349 1495 375 nune
1533 349 1585 375 ex
1625 333 1788 374 ambitu
1827 335 2059 389 periodico,
2102 351 2217 378 nunc

266 432 323 462 cx¹
336 415 405 456 illa
424 414 734 455 continuatione
765 424 997 469 perpetuae
1022 413 1267 454 elocutionis
1291 423 1468 470 aptetur,
1501 413 1803 468 nonnullisque
1833 414 1961 454 caesis
1984 415 2217 472 interrupta

148 503 235 545 550
265 512 401 553 quum
443 497 593 548 suerit,
634 496 862 551 aliquando
895 495 1016 536 colon
1047 496 1321 536 consocietur.

1382 494 1536 536 Differt
1570 504 1711 536 autem
1744 494 1881 550 figura
1920 495 2161 537 elocutionis
2196 512 2215 537 a

265 577 400 634 figura
422 578 648 619 sententiae
671 578 773 629 hoc,
805 577 919 632 quod
946 576 1173 617 sententiae
1202 574 1338 631 figura
1363 575 1588 616 immutato
1613 576 1848 617 verborum
1875 576 2022 618 ordine
2049 592 2219 619 manere

265 670 417 717 potest,
462 669 502 701 at
541 675 643 701 vero
680 659 817 714 figura
856 658 1101 698 elocutionis
1142 657 1234 712 ipso
1275 657 1509 698 verborum
1554 666 1718 698 mutato
1753 656 1901 698 ordine
1933 673 2106 699 manere
2136 672 2219 699 non

264 742 435 798 poterit,
468 741 667 797 quamvis
696 741 955 796 plerumque
985 739 1075 780 fieri
1099 738 1248 794 possit,

1279 748 1326 779 ut
1357 739 1585 780 sententiae
1629 738 1767 794 figura
1803 739 2084 795 conjungatur
2122 753 2221 780 cum

264 824 507 865 elocutionis
542 823 699 879 figura,
746 833 792 864 ut
822 823 862 863 in
898 823 1052 873 ironia,
1098 835 1210 876 quae
1241 819 1378 875 figura
1417 829 1477 861 est
1509 822 1760 873 sententiae,
1813 822 2087 878 epanaphora
2125 836 2222 878 per-

268 906 487 956 miscetur,
528 919 640 960 quae
672 914 732 945 cst
761 904 1016 946 elocutionis.

840 1061 921 1102 DE
955 1060 1190 1102 FIGURIS
1229 1059 1645 1102 ELOCUTIONIS.

434 1170 542 1210 Sunt
571 1169 695 1223 igitur
732 1166 893 1221 figurae
932 1165 1176 1205 elocutionis
1217 1165 1322 1206 aliae
1353 1165 1406 1206 ad
1438 1165 1675 1206 ornandam
1707 1175 1876 1207 tantum
1908 1176 1947 1207 et
1978 1167 2099 1222 quasi
2129 1167 2223 1222 pin—

268 1249 447 1307 gendam
481 1250 715 1290 orationem
742 1245 1107 1296 accommodatae,
1140 1244 1244 1285 aliae
1269 1261 1370 1286 vcro
1403 1246 1454 1287 ad
1475 1245 1782 1301 significationis
1810 1249 1897 1286 vim
1930 1245 2223 1293 intimandam,

271 1333 429 1388 quibus
459 1346 575 1372 nune
609 1330 784 1371 utimur.

269 1466 406 1500 tantum,
437 1470 518 1503 quae
547 1457 588 1490 ad
613 1455 757 1501 exempla
781 1454 971 1499 proferenda
1000 1456 1143 1486 sufficere
1168 1466 1224 1498 pu·

269 1524 387 1556 tabant.

344 1587 435 1619 colon
456 1583 672 1628 consocietur]
702 1583 759 1616 Sic
788 1582 901 1625 scripsi
930 1593 947 1612 e
978 1582 1087 1613 codice
1112 1582 1223 1613 Mona-

272 1650 359 1681 censi
371 1650 437 1693 (C),
457 1660 552 1693 quum
567 1648 663 1688 vulgo
676 1646 835 1686 legeretur
852 1645 917 1676 colo
929 1645 1099 1682 consociet,
1116 1654 1224 1686 quam-

272 1723 335 1755 que
368 1712 406 1742 ad
431 1710 602 1751 marginem
628 1708 761 1740 Grotius
798 1707 968 1739 lectionem
997 1706 1119 1738 notavit
1152 1718 1224 1737 con-

272 1776 387 1806 sentiet
413 1773 502 1805 nihili
525 1777 620 1804 esset.
656 1771 721 1803 Sed
746 1771 831 1814 quod
855 1776 1018 1814 praeterea
1041 1782 1081 1801 ex
1105 1768 1226 1812 Aquila

274 1836 400 1869 restitui
416 1836 516 1867 voluit
533 1834 744 1866 Ruhnkenius
754 1836 796 1877 (p.
810 1834 892 1877 162)
911 1846 1143 1881 nonnunquam
1155 1845 1224 1865 cac-

275 1901 320 1932 sis
342 1901 520 1941 interrupta
534 1898 649 1941 suet-ie,
673 1897 884 1928 necessarium
905 1897 1033 1929 omnino
1050 1909 1115 1929 nou
1139 1895 1224 1927 duxi.

355 1960 479 2006 differt]
505 1961 740 2005 Reponendum
768 1966 835 1991 erat
863 1961 1048 1992 elocutionis
1075 1973 1114 1992 ex
1138 1966 1224 1991 ante-

278 2023 414 2054 rioribus
441 2023 631 2054 editionibus
648 2034 706 2065 pro
729 2020 884 2053 Grotiano
908 2023 1083 2053 locutionis.
1109 2022 1225 2054 Cicero

280 2084 385 2128 (Brut.
403 2085 447 2114 17
471 2083 522 2124 s.)=
545 2082 681 2115 »Ornari
704 2082 878 2114 orationem
903 2081 1018 2115 Graeci
1042 2088 1171 2127 putant,
1199 2082 1227 2113 si

279 2147 448 2178 verborum
475 2144 742 2176 immutationibus
771 2149 915 2184 utantur,
956 2156 1036 2187 quos
1066 2144 1228 2188 appellant

284 2205 466 2255 τρόπους,
481 2212 512 2238 et
524 2210 754 2239 sententiarum
768 2207 983 2250 orationisque
1002 2208 1123 2247 formis,
1146 2218 1227 2250 quae

279 2277 394 2304 vocant
419 2266 631 2315 6χήματα.«
665 2270 772 2313 (Adde
793 2271 928 2301 eundem
950 2282 976 2302 e.
1000 2271 1048 2302 57
1072 2271 1092 2301 f.
1114 2275 1146 2301 et
1172 2281 1228 2301 no-

283 2342 380 2367 strum
405 2332 435 2378 ξ.
455 2333 552 2376 525).
587 2332 653 2364 Sed
679 2345 743 2364 non
769 2345 878 2364 omnes
905 2333 1023 2377 pariter
1045 2333 1227 2365 distinxisse

280 2399 375 2430 docet
402 2394 639 2438 Quinctilianus
666 2395 718 2437 (9,
747 2396 782 2433 l,
810 2396 849 2434 5¹5
875 2407 904 2438 p.
927 2396 1001 2427 562
1019 2394 1153 2439 spani).

356 2464 392 2490 ut
410 2454 600 2501 sententiae]
629 2455 762 2487 Grotius
781 2467 851 2486 cum
868 2456 1000 2499 reliquis
1023 2456 1115 2488 editis
1134 2454 1230 2486 male:

293 2521 427 2564 »figurae
452 2520 713 2562 conjungantunu
747 2517 814 2550 Sed
833 2517 951 2561 Aquila
977 2519 1021 2563 (p.
1041 2519 1125 2562 164)
1147 2517 1232 2550 codi-

285 2596 403 2625 cesque
423 2583 615 2622 Leidenses,
644 2594 662 2613 a
686 2581 879 2614 Ruhnkenio
903 2582 1037 2622 laudati,
1067 2588 1099 2614 et
1122 2582 1232 2614 Mona-

847 1327 1111 1377 Antitheton,
1142 1326 1183 1366 id
1214 1336 1274 1367 est
1299 1327 1538 1381 oppositum
1572 1341 1623 1366 ex
1655 1325 1889 1376 contrariis,
1922 1339 2060 1380 quum
2094 1326 2226 1366 verba

1276 1452 1381 1485 censis
1402 1452 1469 1496 (C)
1493 1452 1656 1485 meliorem
1686 1457 1828 1484 nostram
1854 1453 2098 1497 suppeditarunt
2117 1453 2226 1485 lectio-

1277 1529 1359 1548 nem.
1383 1516 1431 1547 lta
1456 1517 1549 1548 etiam
1571 1517 1657 1560 quod
1679 1517 1838 1548 antecedit
1857 1518 1987 1549 verbum
2004 1519 2104 1561 possit
2123 1529 2141 1549 e
2157 1517 2226 1549 Mo-

1277 1580 1406 1612 nacensi
1427 1580 1627 1623 reposuimus
1652 1592 1709 1623 pro
1736 1580 1891 1612 Grotiano
1917 1587 2031 1624 potest.

1349 1642 1393 1672 ad
1417 1640 1606 1686 ornandam]
1636 1642 1772 1674 Coi-rexi
1795 1642 1968 1674 Grotianas
1989 1642 2144 1674 lectiones
2167 1642 2226 1673 »ad

1277 1706 1476 1737 ommnclum«
1501 1711 1534 1736 et
1563 1706 1624 1736 »ad
1642 1705 1834 1748 pingendam
1853 1705 2029 1737 orationem
2053 1706 2228 1738 commoda·

1276 1774 1347 1799 taen
1376 1773 1439 1798 tam
1469 1779 1485 1798 e
1516 1767 1704 1799 monacensi
1726 1767 1792 1811 (C)
1821 1779 1916 1810 quam
1944 1780 1984 1799 ex
2015 1766 2227 1798 anterioribus

1277 1831 1481 1870 editionibus,
1516 1843 1580 1874 quo
1608 1832 1690 1863 sacto
1718 1837 1827 1863 noster
1850 1844 1921 1863 eum
1941 1830 2061 1875 Aquila
2083 1832 2126 1875 (p.
2145 1829 2228 1872 165)

1277 1895 1427 1928 concinit.
1457 1894 1572 1926 Cicero
1596 1896 1706 1939 (Brut.
1729 1897 1777 1927 57
1802 1895 1858 1938 f.):
1883 1892 2085 1941 σχήματα,
2116 1893 2229 1938 inquit,

1285 1971 1368 1991 »non
1384 1964 1446 1989 tam
1464 1957 1496 1988 iu
1516 1959 1621 1989 verbis
1638 1959 1809 2002 pingendis
1828 1959 1947 1990 babent
1964 1958 2107 2002 pondus,
2133 1967 2227 2000 quam

1277 2020 1311 2051 in
1331 2020 1552 2050 illmnirmntlis
1576 2022 1771 2051 senlenli1's.«
1811 2019 1907 2051 Adde
1933 2031 2014 2063 quae
2037 2019 2076 2049 ad
2099 2017 2228 2049 Cicero-

1278 2095 1349 2114 nem
1371 2083 1422 2125 (de
1448 2082 1564 2113 iuvent.
1584 2083 1622 2122 2,
1657 2083 1716 2126 15)
1738 2083 1858 2114 Marius
1882 2081 2069 2114 Victorinus
2098 2080 2141 2124 (p.
2154 2080 2225 2112 201

1278 2144 1377 2186 Pitli.)
1404 2145 1560 2175 observat.

1354 2205 1549 2251 opposiimtz]
1584 2206 1729 2238 Emenda
1757 2205 1851 2237 Mart.
1874 2203 2056 2247 capeliam,
2090 2203 2146 2235 ubi
2166 2208 2230 2235 est:

1286 2270 1510 2310 ›iconiposilum
1533 2279 1573 2298 ex
1596 2265 1779 2298 contrariisn
1802 2270 1833 2296 et
1850 2265 1962 2296 »verba
1977 2266 2223 2308 repuqnantia.u

1280 2330 1468 2373 Puglnuulia
1489 2329 1582 2361 etiam
1601 2327 1726 2358 codices
1743 2327 1928 2357 Leidenses.
1938 2327 2066 2358 Runrm.
2076 2326 2130 2369 (ad
2144 2325 2230 2369 Aqn.

1279 2406 1309 2437 p.
1330 2392 1477 2433 §GU—
1502 2391 1615 2434 Neque
1642 2391 1818 2423 Martianus
1844 2392 2060 2434 repnqnantia
2087 2388 2230 2432 scripsit3

1282 2455 1340 2487 sed
1371 2454 1504 2487 Grotius
1540 2454 1622 2484 lianc
1657 2464 1767 2485 vocem
1800 2452 1928 2484 intrusit
1956 2463 2015 2496 pro
2038 2451 2231 2495 puqnantia,

1284 2516 1369 2561 quod
1395 2521 1458 2547 tam
1486 2514 1520 2546 in
1543 2514 1636 2546 editis
1669 2526 1763 2558 quam
1790 2513 1823 2545 in
1852 2512 2100 2545 Darmstattensi
2121 2510 2230 2544 codice

1285 2583 1398 2612 exstat.
1426 2577 1613 2620 Oppositum
1641 2581 1746 2608 autem
1771 2574 1899 2607 omnino
1923 2573 2140 2618 reponendum
2163 2579 2231 2605 erat
