2310 2860
697 155 895 198 Martiani
934 155 1133 213 Capellae
1174 156 1245 199 lib.
1268 156 1322 199 11.
1360 157 1514 210 §.162

1998 164 2090 210 225

127 262 372 304 moriuntur
416 271 462 304 ut
507 262 726 315 homines,
778 263 852 305 sed
893 273 1033 305 tamen
1074 273 1114 306 et
1155 266 1415 321 praesciendi
1460 276 1499 308 et
1542 268 1784 312 incursandi
1828 280 1867 312 et
1906 273 2085 316 nocendi

125 341 282 383 habent
325 343 710 398 praesentissimam
759 353 1020 400 potestatem.

1086 346 1200 388 Inter
1240 347 1401 403 priores
1446 349 1571 405 igitur
1625 354 1780 394 Genios
1825 364 1898 397 tua
1941 357 2084 398 adhue
2116 356 2199 395 168

124 424 312 465 mortalis
342 424 528 480 Virginis
558 424 658 466 diva
689 425 881 466 consistit.
943 426 1056 467 Nam
1087 441 1231 468 eccam
1263 428 1335 469 tibi
1365 429 1476 470 Juno
1511 431 1705 474 aetherea
1737 450 1811 476 seu
1846 437 1973 478 Vesta
2004 447 2083 491 est;

123 514 169 546 ut
199 505 285 560 jam
316 505 549 547 immortali
578 506 797 560 divaeque
820 506 1023 561 praecipit
1052 506 1216 548 dicens:
1248 509 1335 564 jam
1369 510 1467 552 sede
1497 512 1538 552 in
1560 514 1734 554 coneilio
1765 516 1879 558 Jovis
1910 517 2087 570 dilecta3

120 585 389 643 demumque
419 588 472 630 de
503 602 653 630 aee-rra
683 587 852 643 virginis
893 597 1058 643 partem
1097 590 1241 632 sumit.

120 667 264 710 lectica
289 684 443 726 magno
471 685 567 711 eam
592 669 811 710 molimine
830 667 1083 711 subvexere.

1126 670 1208 712 Sed
1230 681 1457 728 postquam
1485 683 1657 716 contum
1687 677 1834 732 viginti
1853 694 1925 719 sex
1955 679 2085 719 millia

119 749 352 792 stadiorum
382 752 494 793 aeria
524 742 716 793 subvecti
746 750 914 792 levitate
948 750 1298 802 conscenderant,
1333 767 1380 793 ae
1411 762 1560 795 tonum
1591 756 1783 811 primum
1812 773 1867 800 ex
1893 759 2083 814 phthon-

193 908 249 934 tua
269 901 387 948 adhuc]
416 903 518 942 Tuus9
546 902 660 946 inquit,
685 914 704 934 o
726 901 921 943 philologia,
949 900 1074 933 Genius

116 963 167 995 vel
186 965 292 1007 potius
316 964 364 1007 (si
389 965 434 996 ita
461 965 567 996 dicere
592 965 685 1007 licet)
710 970 764 996 tua
790 963 912 1003 Gonia,
954 959 975 1008 ἡ
1003 961 1073 998 6οὖ

115 1026 266 1070 δαίμων
289 1028 442 1071 (feminae
469 1028 553 1059 euim
579 1028 746 1071 Nymphae
770 1028 956 1059 mulieribus
985 1027 1072 1058 attri-

114 1088 225 1128 butae,
257 1095 290 1120 ut
314 1090 464 1122 masculis
487 1089 597 1132 Genii)
620 1090 704 1120 inter
728 1089 851 1133 priores
879 1089 1002 1121 Genios
1025 1089 1070 1119 lo-

113 1164 184 1184 cum
208 1153 346 1184 habebit.
380 1154 428 1185 Te
460 1165 536 1185 vero
568 1165 627 1194 ego
653 1153 754 1194 jubeo
779 1153 812 1184 in
835 1152 905 1196 ipso
936 1153 1069 1184 deorum

113 1215 247 1246 concilio
275 1215 382 1247 locum
408 1216 533 1247 habere.
569 1215 749 1247 Consundit
777 1220 882 1246 autem
906 1215 1069 1246 Junonem

113 1287 185 1307 eum
206 1276 329 1316 Vesta,
367 1277 454 1320 quod
473 1282 519 1307 ·et
551 1276 604 1307 alii
627 1277 755 1309 faciunt.
770 1276 875 1309 Gnor.
893 1296 939 1300 —
967 1276 1070 1309 Multa

112 1339 164 1370 hic
197 1343 272 1369 sunt
301 1338 469 1371 monenda.
509 1338 669 1377 Primum,
702 1339 788 1381 quod
821 1338 860 1369 ad
896 1338 1068 1370 lectionem

112 1399 242 1439 attinet,
272 1411 438 1443 perperam
458 1399 491 1430 iu
515 1399 624 1431 editis·
639 1401 790 1432 consistet
811 1399 946 1440 legitur,
981 1401 1068 1443 quod

112 1476 129 1495 e
159 1463 418 1504 Cantabrigiensi
443 1463 569 1503 codiee,
609 1463 663 1508 qui
694 1463 823 1495 omuino
854 1463 968 1494 melius
994 1475 1067 1496 con-

110 1529 195 1559 sistit
223 1527 368 1567 exhibet,
413 1526 546 1559 correxi.
600 1527 727 1558 Deinde
762 1527 902 1570 corrupit
931 1527 1066 1560 Grotius

109 1588 295 1628 lectionem,
331 1589 430 1620 edens
462 1600 588 1620 eccum.-
618 1588 804 1620 femininum
837 1589 921 1620 enim
957 1590 1065 1621 »Juuo

110 1652 273 1683 aetherea«
298 1650 443 1694 proxime
468 1649 631 1693 sequitur⁷
657 1650 742 1682 unde
768 1651 943 1682 anteriores
970 1651 1065 1683 etiam

109 1712 286 1759 editiones,
322 1712 441 1756 pariter
475 1717 571 1756 atque
609 1712 755 1753 codices,
795 1725 902 1745 eccam
936 1713 1062 1745 hahent.

108 1776 271 1808 Exhibent
295 1776 368 1808 illae
390 1776 484 1808 etiam
509 1778 558 1807 »in
572 1776 743 1818 coneilio«,
771 1777 827 1808 ubi
849 1777 1005 1821 particula
1028 1780 1064 1810 in

109 1852 126 1872 a
148 1840 262 1873 Grotio
287 1840 486 1882 negligenter
510 1845 560 1872 est
583 1840 709 1872 omissa.
738 1840 838 1883 Quod
855 1853 932 1873 vero
956 1842 996 1873 ad
1015 1841 1062 1874 in-

109 1903 386 1948 terpretationem,
419 1909 503 1935 errat
526 1903 660 1936 Grotius
684 1903 815 1935 dearum
840 1904 1061 1936 confusionem

107 1977 252 2008 urguens
277 1965 367 1996 June
389 1965 474 1996 enim
493 1965 679 2008 neutiquam
703 1965 794 2005 dicit,
824 1978 858 1997 se
879 1966 1013 1998 Vestam
1030 1971 1062 1998 et

105 2030 307 2072 philologiae
330 2030 494 2061 «Iunonem
517 2028 684 2073 (Genium)
706 2041 794 2070 esse3
822 2030 880 2061 sed
905 2031 943 2062 cle
958 2030 1061 2063 Vesta

105 2092 263 2136 loquitur,
292 2104 387 2136 quem
419 2091 560 2124 Genium
590 2093 775 2123 muliebrem
803 2092 967 2124 Junonem
999 2093 1060 2126 dici

105 2166 209 2198 neque
238 2154 307 2198 ipse
340 2153 474 2186 Grotius
501 2153 673 2195 ignoravit,
709 2154 865 2197 multique
894 2160 1059 2199 praeterea

106 2221 262 2247 testantur
277 2221 342 2247 tam
360 2215 532 2259 scriptores
547 2214 695 2259 (Dionys.
713 2216 877 2251 Halicarn.
892 2218 926 2250 5.
943 2230 972 2261 p.
987 2219 1058 2250 159

107 2275 197 2320 Syll).
223 2278 342 2311 Tibull.
372 2279 412 2318 5,
440 2279 481 2317 6,
516 2278 575 2309 48.
609 2278 757 2322 Propert.
777 2279 817 2319 2,
843 2279 884 2319 4,
916 2281 946 2311 7.
972 2280 1056 2312 Plin.

107 2338 141 2377 2,
167 2340 206 2378 7,
232 2340 266 2372 5.
304 2339 419 2371 Senec.
451 2340 543 2383 epist.
567 2341 648 2372 110.
678 2353 709 2384 p.
732 2341 806 2373 640
832 2342 935 2385 LipS.)
962 2355 1057 2386 quam

107 2401 246 2444 lapidum
272 2402 357 2433 tituli
379 2401 487 2445 (Gi-ut.
512 2404 578 2444 24,
603 2406 720 2437 1-5.
748 2406 812 2445 25,
837 2407 892 2437 11.
914 2407 999 2446 410,
1022 2408 1056 2440 5.

110 2463 221 2502 1065,
254 2464 287 2494 6.
318 2464 428 2502 1159,
468 2464 500 2494 2.
535 2464 676 2499 Fabrett.
708 2479 740 2511 p.
765 2468 822 2499 75.
850 2469 907 2500 74.
937 2469 1056 2500 Donat.

106 2526 212 2572 suppl.
236 2526 276 2557 ad
299 2526 413 2558 Murat.
441 2527 504 2567 12,
538 2529 569 2560 1.
594 2531 625 2560 7.
645 2531 701 2562 11.
728 2532 786 2563 15.
810 2533 864 2563 15.
906 2533 938 2564 3.
961 2534 993 2564 7.
1021 2534 1053 2563 8.

108 2592 162 2625 10.
192 2590 249 2632 14,
273 2590 308 2622 2.
325 2591 358 2622 5.
377 2590 411 2622 4.
433 2590 503 2622 add.
524 2591 608 2624 Mus.
626 2593 863 2628 Pio—Clement.
878 2595 905 2630 Ι.
921 2608 953 2641 p.
972 2596 1052 2628 172.

1129 897 1209 928 175.
1235 897 1284 929 ed.
1313 898 1443 931 Mediol.
1468 900 1627 933 Chiaram.
1652 915 1684 946 p.
1706 904 1765 935 68.
1798 904 1849 936 De
1872 904 1949 938 Vita
1976 906 2082 939 annal.

1124 961 1245 992 Beuev.
1268 961 1294 993 I.
1317 975 1347 1006 p.
1368 964 1448 995 101.
1473 971 1537 996 not.
1555 966 1730 999 Montsaue.
1755 968 1877 1012 antiqu.
1903 968 1929 1000 I.
1946 982 1976 1013 p.
1994 971 2079 1002 517.

1125 1023 1266 1055 Tur-neb.
1281 1024 1438 1056 adversar.
1455 1027 1512 1066 16,
1533 1027 1601 1070 19).
1626 1027 1810 1073 Appulejus
1826 1036 1932 1062 tamen
1946 1031 1998 1075 (de
2019 1031 2080 1065 deo

1123 1085 1248 1118 Socrat.
1273 1099 1304 1130 p.
1320 1088 1390 1119 152
1409 1088 1509 1132 oud.)
1527 1091 1712 1123 muliebrem
1728 1094 1867 1126 Genium
1889 1095 2000 1127 maluit
2017 1097 2079 1128 Ge-

1122 1151 1222 1180 nitam
1245 1149 1360 1182 (licere.

1196 1211 1357 1257 aetherea]
1383 1212 1475 1244 Bene
1496 1213 1640 1247 distinxit
1657 1216 1822 1248 Junonem
1840 1220 2021 1251 aetheream
2039 1221 2079 1253 ab

1121 1284 1168 1313 ca,
1196 1287 1278 1319 quae
1300 1276 1456 1307 hacteuus
1474 1277 1690 1321 Philologiam
1712 1281 1895 1321 edocuerat.
1919 1295 2078 1328 quamque

1120 1347 1215 1379 supra
1247 1335 1417 1382 (§.149)
1442 1340 1563 1371 aeriam
1591 1342 1816 1384 appellaverat.
1853 1344 1947 1376 Hane
1972 1347 2077 1379 aethe-

1117 1411 1206 1430 ream
1229 1404 1334 1431 autem
1356 1400 1492 1433 Vestam
1521 1402 1613 1443 dicit,
1643 1404 1716 1448 quia
1741 1407 1851 1437 aether
1868 1407 1950 1448 ignis
1975 1420 2077 1453 aeque

1118 1471 1154 1492 ac
1179 1460 1282 1493 Vesta
1305 1461 1492 1494 habebatur.
1516 1463 1700 1496 Macrobius
1727 1466 1772 1508 (in
1796 1466 1958 1500 Sami-nal.
1977 1471 2012 1509 5,
2036 1471 2076 1513 4)

1117 1523 1157 1555 ad
1178 1523 1307 1565 Virgilii
1336 1535 1477 1556 versum:

1173 1586 1332 1616 »eronis
1352 1598 1488 1630 ηιαφιαε
1505 1588 1643 1629 primum
1661 1601 1754 1631 prece
1777 1602 1896 1622 'tumen
1916 1593 2037 1624 adora«

1116 1647 1283 1680 observat=
1318 1648 1461 1680 »Eodem
1492 1650 1621 1681 nomine
1655 1652 1827 1695 appellavit
1861 1661 1893 1685 et
1921 1656 2073 1696 Vestam,

1115 1721 1210 1754 quam
1231 1710 1271 1741 de
1289 1722 1422 1742 numero
1438 1710 1609 1743 Penatium
1627 1718 1681 1743 aut
1698 1719 1783 1746 certe
1801 1715 1948 1748 comitem
1963 1728 2074 1750 eorum

1114 1785 1186 1806 esse
1212 1774 1414 1807 manifestum
1433 1780 1511 1806 esta

1189 1835 1324 1882 dilecta]
1360 1837 1400 1869 In
1430 1836 1524 1868 editis
1555 1835 1673 1878 legitur
1703 1838 1843 1880 αἰκείας
1879 1841 1936 1872 sed
1962 1843 2072 1887 recepi

1112 1899 1227 1931 melius
1248 1900 1330 1932 illud
1350 1912 1367 1933 e
1391 1900 1501 1932 codiee
1522 1900 1685 1942 Hugiano.
1711 1902 1829 1935 Totum
1852 1916 1938 1938 nune
1963 1906 2071 1938 locum

1112 1963 1158 1994 sie
1188 1963 1432 2005 intelligendum
1460 1976 1532 1997 esse
1567 1965 1715 2009 equidem
1742 1979 1933 2010 persuasum
1954 1970 2069 2009 habeo,

1112 2032 1147 2057 ut
1169 2027 1259 2059 Juno
1285 2028 1369 2059 aeria
1392 2028 1593 2071 Philologiae
1618 2029 1719 2061 dicat:
1749 2030 1856 2062 »luter
1875 2032 1998 2065 Genios
2015 2033 2069 2078 (de

1111 2088 1227 2131 quibus
1249 2090 1344 2121 modo
1368 2090 1465 2122 verba
1485 2089 1559 2133 feei)
1577 2090 1700 2134 priores
1718 2091 1901 2137 (primores)
1923 2093 1995 2126 diva
2014 2099 2069 2125 tua

1110 2152 1212 2185 adhue
1241 2153 1385 2185 mortalis
1417 2153 1548 2196 virginis
1572 2154 1660 2198 (dum
1688 2155 1792 2188 adhue
1814 2157 1958 2189 mortalis
1983 2156 2066 2200 eras)

1109 2214 1266 2249 consistit.
1301 2214 1385 2246 Nam
1414 2226 1522 2247 eccam
1550 2216 1608 2247 tibi
1634 2216 1720 2260 (nam
1747 2228 1822 2250 eece
1847 2218 1945 2261 eam)l
1974 2219 2064 2250 Juno

1108 2279 1256 2310 aetherea
1287 2290 1345 2310 seu
1369 2278 1472 2311 Vesta
1499 2279 1594 2323 (ipsa)
1617 2286 1683 2320 est,
1719 2280 1840 2325 tibique
1863 2287 1972 2324 utpote
1995 2281 2062 2322 jam

1107 2341 1277 2373 immortali
1303 2341 1458 2385 divaeque
1480 2343 1636 2387 praecipit
1654 2343 1779 2376 dicens:
1806 2344 1921 2376 dilecta
1939 2344 2005 2385 jam
2029 2343 2062 2373 in

1107 2405 1242 2437 concilio
1265 2404 1359 2436 Jovis
1382 2405 1487 2437 sedem

1181 2474 1292 2502 tonum
1308 2468 1461 2514 primum]
1489 2469 1665 2502 Coelorum
1684 2468 1864 2499 distantiam
1885 2479 1945 2511 per
1964 2472 2058 2500 tonos

1105 2531 1279 2563 metiuntur
1311 2532 1502 2573 astronomi,
1543 2533 1582 2564 de
1614 2532 1729 2576 quibus
1758 2530 1907 2574 Hyginus
1937 2530 1991 2563 lib.
2018 2532 2057 2563 4:

1111 2594 1162 2628 »A
1184 2595 1296 2628 Lunae
1329 2595 1448 2629 circulo
1480 2596 1571 2628 abest
1596 2594 1732 2627 circulus
1758 2599 1857 2626 tonon
1881 2594 2055 2635 dimidium,

1309 592 1436 633 Tune
1477 594 1703 649 portitores
1734 596 1859 638 divae
1890 608 2082 653 correpta
2116 597 2199 638 169
