2310 2860
183 88 276 132 490
338 72 342 75 ⁵
761 76 959 120 Martiani
998 76 1198 132 Capellae
1234 75 1308 117 lib.
1336 73 1413 117 VI.
1442 76 1475 127 §.
1496 75 1596 117 579.

186 193 460 252 depingendis
491 186 846 244 designandisque
877 193 1120 241 opportuna
1150 182 1322 234 formis3
1377 182 1536 237 quippe
1566 181 1624 221 ibi
1663 182 1732 223 vel
1770 184 1948 225 lineares
1987 182 2139 224 ductus

188 277 257 319 vel
296 275 519 317 circulares
563 270 700 312 flexus
743 268 810 309 vel
839 266 1119 321 triangulares
1160 262 1422 305 arraduntur
1461 262 1687 304 anfractus.
1755 264 1834 303 Hic
1864 273 1999 305 totum
2034 265 2140 320 potis

188 369 248 401 est
277 356 486 398 ambitum
519 362 558 394 et
597 352 728 393 circos
759 350 949 392 formare
980 347 1153 398 mundi,
1199 346 1509 387 elementorum
1551 345 1677 386 facies
1705 345 1931 401 ipsamque
1960 346 2141 401 profun-

186 442 359 483 ditatem
400 437 661 478 adumbrare
698 433 882 483 telluris;
936 429 1098 472 videbis
1141 429 1231 469 istie
1262 428 1430 484 depingi
1470 426 1680 482 quidquid
1713 427 1853 468 verbis
1886 426 2026 468 visum
2056 442 2139 468 non

189 522 330 563 valeas
357 519 581 574 explicare.
640 515 881 564 Nimirum,
911 512 1112 566 inquam,
1146 511 1223 552 ista
1255 523 1367 566 quae
1398 508 1539 550 veniet
1560 507 1756 563 Apellem
1788 507 2143 562 Polycletumque

189 599 463 651 transcendit3
520 599 575 638 ita
619 596 779 651 quippe
823 602 1091 634 memoratur
1132 606 1254 648 posse
1295 592 1440 632 omnia
1484 590 1690 645 effigiare,
1743 599 1790 631 ut
1826 590 2145 646 Labyrintheus

70 687 156 728 58ss
185 684 402 726 Daedalus
441 696 535 723 eam
577 677 815 720 credendus
858 677 908 717 sit
952 675 1158 730 genuisse.
1231 673 1285 714 Et
1315 686 1414 712 cum
1447 670 1556 711 dieto
1589 671 1799 726 prospicio
1832 671 2052 726 quandam
2084 671 2146 712 fe-

187 767 350 807 minam
387 763 672 812 luculentam,
734 758 907 801 radium
954 756 1124 805 dextra,
1186 752 1316 793 altera
1363 751 1592 807 sphaeram
1640 752 1818 793 solidam
1864 754 2145 808 gestitantem,

189 846 476 900 afflictamque
514 843 761 883 laevorsum
800 839 946 895 peplo,
988 837 1031 877 in
1063 849 1150 889 quo
1184 832 1376 874 siderum
1416 832 1728 888 magnitudines
1759 843 1799 874 et
1829 843 2016 886 meatus,
2066 835 2147 875 cir-

189 928 385 969 culorum
412 938 638 965 mensurae
664 921 1034 972 connexionesque
1063 916 1131 958 vel
1154 916 1346 965 formae,
1380 915 1535 955 umbra
1561 915 1685 956 etiam
1716 915 1876 956 telluris
1909 916 1951 957 in
1977 917 2144 957 coelum

190 1023 364 1065 quoque
405 1005 652 1062 perveniens
706 1002 774 1043 vel
815 1002 965 1042 Lunae
1003 999 1126 1040 orbes
1174 1013 1222 1039 ac
1262 999 1367 1039 Solis
1403 1008 1572 1039 auratos
1605 999 1798 1054 caliganti
1829 1000 1993 1040 murice
2023 1000 2151 1041 deco-

72 1095 155 1136 531
186 1091 326 1131 lorans
356 1089 463 1128 inter
494 1086 633 1127 sidera
663 1082 910 1133 videbatur3
956 1081 1100 1136 ipsum
1132 1065 1236 1121 vero
1267 1080 1482 1121 vernantis
1515 1080 1687 1121 aethrae
1719 1081 1860 1120 colore
1894 1079 2146 1133 refulgebat,

189 1169 375 1223 denique
410 1167 534 1207 etiam
573 1166 616 1204 in
656 1178 783 1203 usum
823 1175 1051 1216 germanae
1075 1161 1222 1216 .·ipsius
1253 1161 1550 1202 Astronomiae
1581 1161 1771 1201 crebrius
1804 1160 2149 1210 commodatum3

190 1251 358 1305 reliqua
399 1263 502 1289 vero
553 1244 683 1287 versis
725 1243 879 1283 illitum
925 1241 1237 1282 diversitatibus
1278 1255 1586 1290 numerorum,
1643 1255 1998 1294 gnomonumque
2037 1242 2151 1292 stilis,

190 1330 530 1379 interstitiorum,
570 1324 828 1382 ponderum,
860 1336 1256 1375 mensurarumque
1289 1319 1459 1369 formis,
1490 1319 1732 1359 diversitate
1764 1319 1958 1360 colorum
1990 1321 2154 1362 variata

190 1411 421 1454 renidebat.
493 1405 696 1462 Crepidas
743 1401 1035 1460 peragrandae
1082 1400 1243 1441 telluris
1294 1413 1423 1440 causa
1475 1397 1737 1454 easdemque
1780 1415 2006 1455 permenso
2050 1401 2154 1442 orbe

71 1498 158 1543 582
187 1494 382 1538 contritas
424 1491 579 1533 viatrix
617 1487 834 1542 infatigata
873 1484 1073 1541 gestabat.
1154 1482 1279 1532 Quae
1324 1480 1501 1537 quidem
1548 1481 1734 1537 ingressa
1773 1491 1969 1523 senatum
2009 1481 2156 1533 deum,

193 1593 302 1627 condis
325 1590 496 1633 significat,
522 1599 604 1631 quae
627 1585 666 1617 ad
690 1582 934 1616 Arithmetieam
957 1581 1065 1625 potius
1081 1592 1151 1624 per·
1203 1580 1332 1618 texisse,
1353 1577 1386 1608 in
1407 1577 1519 1608 dextro
1540 1577 1636 1609 fibula
1653 1577 1798 1618 junctam
1815 1577 1958 1609 haesisse
1979 1577 2157 1609 docuerunt

191 1659 291 1691 fingat
314 1655 405 1700 (vide
435 1653 625 1694 interpretes
658 1648 696 1678 ad
720 1646 869 1678 Persium
896 1647 933 1685 1,
965 1644 1064 1686 151),
1094 1643 1152 1675 sed
1202 1639 1368 1671 Ferrarius
1394 1644 1425 1670 et
1448 1638 1646 1669 Rubenius«
1678 1638 1818 1669 Pallium
1841 1644 1953 1670 contra
1975 1639 2155 1670 laevorsum

191 1724 302 1753 nostro
340 1721 389 1747 est
417 1725 527 1745 mensa
553 1710 683 1755 pulvere
707 1714 820 1746 strata,
848 1707 898 1739 cui
925 1705 1005 1737 radii
1030 1717 1090 1748 ope
1116 1705 1151 1736 fi·
1203 1701 1352 1743 injecisse
1373 1700 1541 1731 barbarum
1558 1705 1590 1730 ct
1607 1699 1775 1731 ridiculum
1790 1700 1966 1730 habebatur
1976 1699 2155 1744 (Aristoph.

192 1791 288 1824 garae
311 1775 521 1819 geometricae
538 1771 788 1805 inscriberentur
806 1768 847 1814 (§.
863 1770 947 1802 557.
970 1768 1053 1800 582.
1069 1769 1152 1799 586.
1202 1765 1292 1798 Aves
1315 1765 1421 1795 1574.
1448 1763 1644 1795 Artemidor.
1667 1762 1842 1795 Oniroerit.
1868 1764 1909 1804 5,
1936 1763 2009 1807 24).

195 1844 216 1875 7
222 1843 279 1874 ¹3.
308 1837 404 1880 729).
423 1822 531 1887 (575)
1279 1824 1394 1870 colore]
1421 1825 1626 1857 Monacensis
1644 1824 1714 1868 (A)
1734 1825 1856 1864 salom,
1885 1837 1967 1868 quae
1994 1837 2060 1858 non
2081 1838 2157 1859 eon-

275 1897 495 1944 arraduntur]
531 1897 608 1930 Sive
632 1896 853 1935 adradztnlur3
887 1894 933 1926 sie
960 1893 1152 1934 Grotianus,
1203 1890 1374 1922 temnenda
1398 1889 1494 1920 lectio
1519 1894 1568 1920 est
1592 1887 1633 1932 (ἓ.
1652 1889 1697 1919 17
1722 1887 1818 1932 noh).

195 1964 476 2002 Darmstattensis‚
514 1967 547 1993 et
568 1958 843 1992 Reiehenauensis
868 1957 995 1990 codices
1019 1969 1077 2002 pro
1099 1958 1151 1991 ab·
1278 1951 1418 2000 reliqua]
1445 1948 1502 1988 Τὰ
1534 1949 1670 1987 λοιπὰς
1695 1952 1918 1985 adverbialiter
1945 1958 1981 1984 ut
2008 1957 2158 1986 celerum.

197 2033 360 2067 radantur
380 2027 466 2072 quod
492 2027 524 2057 in
546 2026 638 2057 editis
659 2030 734 2056 erat.
1204 2017 1309 2051 Gno-r,

270 2093 400 2127 radium
424 2086 552 2131 darn-a]
578 2086 758 2127 Vergilius:
1279 2074 1398 2122 versis]
1424 2077 1480 2109 An
1507 2090 1573 2110 non
1596 2079 1719 2110 vam-53⁴3
1739 2078 1903 2110 ann—
1926 2077 2087 2121 Equidem
2113 2077 2158 2107 in-

255 2155 453 2198 »Descm'psit
476 2151 564 2182 radio
588 2156 686 2181 tolum
709 2150 767 2196 qui
787 2148 935 2192 flentibus
955 2148 1088 2179 orbem«
1205 2141 1316 2182 telligo
1343 2139 1447 2171 »omni
1470 2140 1565 2172 modo
1591 2142 1752 2172 conversis
1776 2145 1872 2182 atque
1895 2139 2034 2170 versatis
2056 2138 2157 2170 dixer-

202 2219 365 2254 Gno‘r.--
383 2214 470 2260 (Eel.
487 2214 521 2253 5,
547 2211 617 2254 41).
651 2211 772 2243 Confer
795 2222 875 2253 quae
896 2221 992 2253 supra
1010 2208 1051 2253 (ξ.
1066 2206 1156 2252 557)
1206 2203 1361 2235 sitatibus.
1370 2216 1381 2229 «

203 2298 221 2318 a
242 2281 336 2316 nobis
362 2284 436 2311 sunt
458 2274 615 2320 exposita.
1281 2262 1544 2309 interstitiorum]
1574 2263 1712 2295 Codices
1742 2262 2008 2295 Darmstattcnsis
2031 2268 2064 2297 et
2089 2264 2158 2299 Mo-

275 2340 466 2386 laevorsum]
494 2339 548 2371 Ad
571 2341 650 2370 haee
671 2336 819 2369 Mai-[iani
840 2336 935 2367 verba
952 2335 1157 2367 doctissimus
1206 2340 1362 2364 nacenses
1388 2327 1444 2372 (Α.
1465 2327 1508 2371 C)
1529 2328 1798 2365 interstitionum,
1826 2327 1918 2360 male.

206 2409 354 2452 Cuperus
384 2403 510 2449 (apoth.
534 2401 630 2432 Hom.
661 2411 692 2442 p.
713 2398 817 2440 145)
842 2398 951 2428 »Unde
970 2403 1057 2441 patet
1078 2408 1156 2441 quo·
1279 2390 1419 2436 variata]
1441 2391 1514 2423 MS.
1531 2391 1822 2435 variegata.Gnor.

207 2470 246 2502 ad
274 2470 405 2500 sormam
428 2463 581 2497 induendi
611 2460 690 2492 nihil
717 2471 735 2490 a
758 2459 895 2490 virorum
922 2459 1086 2502 chlamyde
1105 2470 1159 2502 pe·
1284 2454 1451 2500 contritas]
1480 2455 1619 2487 Codices
1641 2455 1854 2488 Monacenses
1880 2454 1935 2500 (A.
1954 2455 1996 2499 C)
2017 2457 2160 2495 ath-itas,

207 2534 294 2578 plum
311 2532 527 2574 discrepasse3
555 2537 649 2570 quam
668 2523 828 2556 sinistrum
850 2535 976 2567 quoque
993 2524 1158 2554 humerum
1210 2520 1295 2566 quod
1320 2520 1420 2553 multo
1447 2519 1550 2551 minus
1574 2524 1632 2550 cst.
