2310 2860
775 157 974 202 Martiani
1016 157 1215 214 Capellae
1252 157 1324 200 lib.
1344 157 1376 200 I.
1414 159 1505 212 §.7.

2073 164 2133 206 29

176 282 350 312 marum
373 268 504 311 instar
533 283 557 310 e
586 280 710 309 cocco
742 276 871 323 atque
900 266 991 322 ipso
1021 265 1130 307 sacri
1160 264 1338 321 pectoris
1369 280 1418 307 ac
1446 265 1665 323 prudentis
1696 268 1882 310 amiculo
1920 269 2129 326 virginem

176 351 295 407 virgo
319 350 513 392 contexit.
542 349 692 390 Delius
718 364 918 405 quoque,
947 357 995 390 ut
1018 346 1182 389 ramale
1209 346 1410 388 laureum
1435 348 1673 404 gestitabat,
1702 349 1949 391 divinati-ico
1980 350 2132 394 eadem

178 432 540 487 conjecturalique
578 432 698 487 virga
739 431 936 473 volueres
973 430 1034 472 illi
1065 444 1112 471 ac
1156 429 1382 485 fulgurum
1422 429 1579 484 jactus,
1632 440 1759 486 atquo
1798 431 1929 487 ipsius
1968 441 2134 475 meatus

177 510 283 553 coeli
312 510 594 567 siderumque
623 511 900 554 monstrabat.
958 511 1123 555 Uranie
1153 520 1296 553 autem
1327 511 1569 568 praenitens
1597 511 1847 568 speculum,
1878 513 1995 570 quod
2026 514 2135 556 inter

249 658 266 679 e
289 644 393 691 cocco]
417 645 446 677 E
468 657 608 690 purpura
629 645 813 678 intensioris
838 651 871 679 et
888 647 1060 688 vegetioris
1083 647 1130 680 lu-

175 707 278 741 minis.
312 708 415 740 Gonz.
439 727 487 733 —-
534 707 640 749 Lego:
671 708 879 752 strophioque
913 707 1014 740 instar
1046 710 1132 741 flam-

174 783 296 804 marum
324 782 450 803 coceeo.
497 769 613 802 Susws
639 770 686 815 (in
707 770 839 804 Gurlitt.
869 771 1078 805 animadvers.
1099 773 1134 805 4.

174 847 206 879 p.
219 833 256 878 8)
279 852 327 858 —
351 834 392 866 In
415 833 675 877 Guelferbytanis
694 834 844 876 Cortius,
873 836 953 868 etin
969 836 1133 869 vossiano

173 897 371 931 Amtzenius
387 897 489 941 (misc.
509 909 540 941 p.
557 897 643 942 210)
661 898 804 939 legerant
836 910 870 929 »e
888 911 1019 939 crocea,
1047 899 1134 943 quod

174 961 270 998 modo
294 961 441 1000 rubrum,
468 961 563 992 modo
585 960 755 1004 plmieeum
774 961 977 1002 cognominat
996 961 1134 993 Ovidius

174 1024 259 1068 (fast.
286 1025 324 1064 1,
350 1024 435 1056 517.
462 1023 558 1067 542).
611 1023 707 1055 Certe
737 1024 868 1055 rutilum
894 1024 1134 1067 fulgentemque

174 1087 315 1120 colorem
349 1099 368 1119 a
400 1092 511 1117 nostro
539 1087 590 1118 hic
627 1086 786 1128 designari
820 1099 861 1117 ex
890 1087 1032 1118 inferiori
1059 1087 1134 1120 loco

173 1146 217 1194 (ξ.
233 1148 318 1192 140)
338 1153 435 1192 patet.
477 1147 568 1181 Susii
591 1153 698 1180 autem
723 1148 906 1190 conjectura
927 1148 1047 1179 nullius
1074 1148 1135 1180 fnl-

174 1212 258 1246 citur
279 1212 399 1244 codicis
416 1211 564 1243 lectione.
591 1212 720 1255 Quodsi
737 1211 809 1255 quis
825 1212 957 1244 verbum
982 1212 1136 1245 omissum

176 1286 247 1306 esse
265 1286 389 1305 mecum
405 1273 565 1317 posuerit,
590 1273 681 1306 facile
699 1274 847 1317 supplere
865 1274 983 1318 poterit
999 1276 1136 1307 tinctum

177 1341 231 1366 anit
248 1335 350 1366 simile
369 1334 506 1378 aliquid,
533 1346 638 1378 neque
660 1346 743 1378 opus
758 1335 819 1367 erit
839 1335 1000 1377 vulgatam
1024 1335 1134 1368 lectio·

176 1410 251 1432 nem
273 1402 384 1429 contra
401 1397 691 1441 manuscriptorum
707 1397 803 1430 fidem
826 1404 966 1437 mutare,
995 1399 1027 1429 id
1048 1398 1136 1442 quod

176 1458 375 1493 Arntzenius
391 1470 519 1502 quoque
540 1457 680 1489 sensisse
691 1457 826 1490 videtur.
846 1458 996 1490 Nobilius
1008 1470 1136 1492 crocum

176 1523 210 1556 in
233 1522 361 1565 Coryco
386 1526 495 1552 monte
519 1520 728 1560 nascebatur,
752 1521 836 1552 unde
859 1532 976 1553 nomen
999 1523 1136 1554 sortasse

177 1585 307 1617 ductum
336 1594 408 1615 esse
427 1581 604 1614 Salmasius
636 1581 690 1625 (ad
719 1581 823 1613 Solin.
842 1581 905 1625 58)
935 1582 1074 1623 conjicit.

250 1644 386 1692 ramale]
412 1646 451 1678 In
467 1645 684 1677 monumentis
706 1645 802 1677 etiam
828 1645 967 1689 antiquis
989 1645 1022 1677 id
1043 1657 1139 1677 manu

177 1716 265 1745 tenet
278 1710 400 1756 Apollo
416 1709 541 1755 (Cuper
563 1710 670 1754 apoth.
685 1708 775 1741 Hom
796 1721 827 1753 p.
839 1708 943 1753 230),
968 1720 1032 1754 quo
1059 1709 1138 1741 divi-

178 1773 276 1806 nandi
297 1777 488 1818 potestatem
513 1772 684 1803 transferre
706 1770 739 1802 in
752 1771 904 1815 Psychen
926 1771 979 1804 hie
1001 1771 1139 1814 lingitur.

179 1836 462 1881 Transpositorum
502 1835 587 1867 enim
614 1835 784 1868 verborum
819 1846 934 1866 sensus
973 1840 1040 1867 est:
1073 1835 1138 1867 De-

179 1897 242 1931 l‘ms
283 1909 412 1942 quoque
451 1896 591 1941 Apollo,
634 1896 752 1940 quippe
790 1896 846 1940 qui
886 1896 1004 1929 ramale
1036 1896 1138 1930 laure-

179 1972 234 1992 um
274 1959 462 2002 gestitabat,
497 1970 556 2002 per
585 1958 667 1989 hane
690 1957 909 1990 divinatricem
940 1959 1137 2001 conjectura-

180 2023 308 2067 lemque
338 2022 460 2065 virgam
492 2021 540 2053 ini
569 2020 741 2066 (Psychae)
771 2020 917 2053 volucres
943 2022 1138 2068 (augurales)

181 2099 217 2120 aa
236 2086 399 2129 fulgurum
411 2086 537 2128 jactus,
564 2097 601 2118 ac
617 2090 740 2118 meatus
760 2084 861 2131 ipsius
881 2085 964 2118 coeli
985 2086 1137 2119 siderum-

182 2161 244 2195 que
273 2147 483 2181 monstrabat.

254 2210 438 2257 gestitabat]
464 2210 514 2244 Ita
532 2223 590 2256 pro
606 2211 763 2245 Grotiano
781 2213 912 2256 qestilat
934 2222 953 2244 e
973 2212 1138 2244 codicibus

182 2274 360 2307 Dresdensi
379 2279 412 2306 et
430 2273 689 2315 Cantabrigiensi
712 2273 852 2318 reposui.
877 2274 1049 2316 Ilugianus
1069 2274 1137 2318 qui-

184 2336 256 2369 dem
281 2336 336 2368 dat
355 2336 504 2380 9erebat;
530 2334 587 2366 sed
614 2347 726 2380 parum
749 2335 882 2367 interest
904 2341 1010 2367 utrum
1028 2336 1138 2378 eligas.

256 2398 402 2429 volueres
426 2396 486 2442 illi]
512 2397 600 2440 Lege
621 2396 777 2429 »volucris
801 2397 945 2439 linguas,
976 2397 1138 2439 fulgurum

180 2459 313 2501 jactus«
343 2459 471 2492 Vox-(cn.
500 2478 548 2484 —
595 2457 748 2491 Absurda
785 2459 957 2492 correctio:
992 2458 1137 2505 »Apollo

185 2504 382 2554 monstrabat
406 2522 545 2554 volucris
565 2521 726 2564 linguasul
778 2523 900 2556 Contra
927 2523 954 2554 si
977 2523 1062 2555 nude
1085 2535 1138 2555 vo-

186 2586 291 2619 lucres
311 2584 446 2628 legeris,
476 2585 516 2618 de
540 2596 649 2619 earum
672 2586 781 2621 volatu
804 2587 898 2621 etiam
920 2587 1058 2630 cogitare
1082 2599 1138 2634 po-

1184 648 1279 689 teris,
1322 646 1479 692 siquidem
1510 646 1550 679 de
1580 647 1723 689 augurali
1758 652 1823 679 arte
1852 647 1905 681 hic
1941 659 2044 680 sermo
2078 653 2137 680 est.

1183 709 1376 743 Accuratius
1403 709 1484 741 infra
1511 708 1554 753 (§.
1573 709 1632 753 10)
1663 708 1845 742 »voluerum
1871 709 1988 742 diversi
2014 715 2137 743 meatus

1184 778 1217 805 et
1238 772 1382 804 oscinum
1398 771 1542 814 linguae«
1567 771 1724 804 dicuntur.
1750 770 1936 804 Secundum
1955 771 2138 814 auguralem

1184 834 1269 866 enim
1298 834 1496 882 disciplinam
1512 845 1586 866 aves
1600 833 1770 874 vatidicae,
1800 844 1880 877 quas
1898 833 2014 866 Graeci
2042 845 2138 880 χρη·

1186 896 1372 943 ότηρὶους
1397 894 1563 942 ὄρνιθας
1586 898 1807 941 appellabant,
1829 896 1881 928 vel
1901 899 2024 929 oscines
2039 903 2139 937 erant,

1185 970 1267 1002 quae
1297 970 1370 998 ore,
1397 959 1447 990 vel
1470 964 1656 1002 praepetes,
1687 970 1769 1001 qnae
1790 957 1900 990 volatu
1918 959 2025 990 sutura
2044 959 2140 1002 signi-

1185 1022 1322 1053 ficabant
1346 1020 1452 1065 (Serv.
1467 1021 1507 1052 ad
1524 1020 1609 1053 Aen.
1626 1023 1669 1061 5,
1699 1020 1798 1065 561).

1250 1084 1421 1128 fulgurum
1428 1083 1551 1129 jactus]
1566 1085 1639 1115 llos
1656 1085 1819 1127 eleganter
1826 1084 1977 1117 Lucanus
1991 1085 2038 1130 (7,
2057 1085 2141 1130 197)

1194 1145 1276 1177 »tela
1292 1145 1386 1177 «Iovis
1406 1158 1583 1189 praesaga«
1609 1151 1711 1178 vocat.
1758 1145 1915 1178 Similiter
1938 1147 2064 1179 Plinius
2093 1147 2142 1191 (2,

1186 1206 1236 1239 20
1259 1205 1311 1250 f.)=
1330 1209 1438 1251 »iquos
1467 1209 1628 1251 praescita
1660 1220 1768 1240 secum
1793 1207 1999 1251 afferentem.-
2027 1208 2082 1253 qui
2111 1214 2144 1240 et

1186 1270 1363 1303 doctrinam
1392 1270 1507 1303 deinde
1532 1271 1633 1316 ipsam
1657 1271 1714 1316 (2,
1744 1271 1805 1317 54)
1833 1273 1974 1316 exponit.
2025 1272 2142 1305 Conse·

1185 1332 1277 1365 rendi
1296 1339 1461 1379 praeterea
1478 1333 1594 1366 Cicero
1614 1333 1666 1378 (de
1683 1333 1746 1366 div.
1759 1334 1795 1375 2,
1816 1335 1862 1367 18
1881 1333 1994 1379 sequ),
2018 1333 2144 1367 Seneca

1186 1395 1263 1440 (nat.
1279 1408 1332 1440 qu.
1350 1398 1382 1436 1,
1404 1397 1434 1428 1.
1448 1398 1572 1441 p.685.
1589 1397 1624 1438 2,
1646 1398 1706 1430 52.
1722 1410 1753 1442 p.
1771 1399 1840 1431 711
1852 1397 1965 1442 Lips.),
1982 1403 2014 1430 et
2034 1405 2145 1430 noster

1185 1459 1268 1490 infra
1289 1458 1331 1503 (§.
1350 1459 1446 1503 551).
1489 1459 1595 1492 Paulo
1618 1466 1694 1505 post
1720 1473 1738 1494 e
1759 1461 2008 1495 Darmstattensi
2035 1462 2144 1495 codice

1185 1520 1316 1565 reposui
1339 1526 1436 1567 atque
1459 1532 1518 1565 pro
1546 1533 1594 1553 ae.

1261 1581 1400 1628 meatus]
1426 1583 1475 1615 Ita
1500 1589 1532 1615 et
1548 1583 1706 1626 Virgilius
1722 1584 1820 1629 (Aen.
1834 1587 1869 1626 6,
1886 1585 1984 1630 850),
2003 1586 2142 1627 Plinius,

1189 1643 1360 1685 Manilius,
1398 1650 1431 1676 et
1457 1643 1641 1689 Appulejus
1674 1645 1719 1689 (Ι.
1742 1647 1815 1678 807
1844 1646 1950 1691 oud.)
1986 1647 2144 1680 „siderum

1189 1711 1332 1738 meatus«
1367 1706 1488 1739 dieunt.
1520 1706 1608 1740 Infra
1640 1705 1688 1752 (§.
1718 1708 1811 1753 815)
1853 1714 1965 1742 noster
2001 1712 2144 1743 meacula

1189 1765 1328 1814 scripsit.

1269 1828 1401 1877 Uranie]
1433 1829 1474 1864 In
1512 1830 1587 1867 MS.
1617 1837 1685 1865 erat
1722 1833 1976 1866 »monstrabatur
2005 1833 2137 1867 Anine-

1188 1892 1277 1937 Lege
1311 1907 1384 1927 cum
1413 1900 1503 1940 patre
1535 1896 1767 1929 monstrabat:
1796 1897 1932 1930 Uranie«
1961 1898 2146 1931 nominandi

1189 1970 1276 1991 casu.
1299 1958 1382 1992 Nam
1405 1964 1438 1992 et
1458 1959 1492 1991 in
1515 1959 1598 1992 libro
1617 1960 1758 1993 secundo
1776 1960 1809 1993 in
1827 1961 1901 1994 MS.
1919 1967 1968 1993 est
1992 1962 2146 1995 »Uraniae

1190 2020 1418 2065 Calliopeque-
1445 2033 1505 2065 pro
1537 2022 1700 2055 »Uraniea
1733 2021 1839 2056 Gno‘r.
1856 2042 1904 2047 -—
1948 2023 1997 2056 Ita
2017 2030 2049 2056 et
2067 2023 2144 2057 Ovi-

1189 2081 1262 2114 dius
1291 2082 1376 2127 (fast.
1394 2084 1438 2124 5,
1467 2082 1538 2127 55.)
1571 2084 1692 2116 Uranie
1724 2084 1868 2128 scripsit3
1907 2097 2013 2129 neque
2041 2092 2146 2118 tamen

1187 2143 1313 2185 mirum,
1337 2157 1435 2189 quum
1452 2144 1544 2177 litera
1556 2145 1620 2177 Eta
1638 2146 1735 2178 modo
1747 2146 1863 2178 Latina
1880 2145 1972 2179 litera
1991 2148 2032 2188 E,
2049 2147 2145 2179 modo

1189 2208 1385 2252 diphthongo
1411 2207 1474 2241 ΑΕ
1504 2209 1709 2250 redderetur,
1749 2209 1898 2242 librarios
1934 2212 2143 2255 posteriorem

1187 2269 1347 2303 interdum
1369 2271 1627 2316 orthographiam
1649 2283 1832 2316 usurpasse.
1861 2272 2034 2305 Praetereo
2058 2272 2143 2305 Goe-

1189 2332 1292 2373 zium,
1325 2332 1380 2377 qui
1405 2345 1446 2365 ne
1463 2333 1614 2366 Grotium
1648 2333 1776 2378 quidem
1805 2334 1972 2367 intellexit.
2013 2333 2142 2366 Curtius

1189 2400 1274 2429 certe
1295 2395 1468 2428 nUraniae«
1493 2396 1527 2428 in
1551 2396 1805 2441 Guelferbytano
1836 2398 1946 2430 codice
1970 2408 2003 2428 se
2026 2396 2142 2438 legisse

1189 2458 1231 2490 ad
1263 2458 1436 2500 marginem
1467 2459 1542 2492 libri
1565 2459 1746 2503 Lipsiensis
1778 2458 1949 2491 adnotavit.
1990 2457 2142 2492 Ceterum

1190 2524 1283 2551 erunt
1303 2521 1458 2561 fortasse,
1485 2520 1542 2565 qui
1564 2532 1581 2552 e
1600 2521 1723 2565 speculi
1747 2520 1831 2551 dono
1860 2518 2011 2562 colligere
2031 2520 2141 2562 velint,

1189 2584 1310 2618 hancce
1326 2584 1479 2618 Uraniam
1499 2595 1572 2619 esse
1585 2584 1746 2619 Venerem
1762 2582 1944 2626 coelestem,
1962 2594 2060 2631 quum
2075 2585 2141 2618 veri
