2310 2860
235 179 326 221 ⁴222

822 175 1023 218 Martiani
1052 173 1252 232 Capellae
1281 174 1354 217 lib.
1374 174 1428 217 11.
1467 177 1497 228 §.
1523 175 1616 220 167.

238 284 419 335 Silvani,
465 283 718 340 Nymphae,
766 284 913 336 Fatui,
960 284 1232 340 Fatuaeque,
1285 282 1354 324 vel
1394 283 1607 336 Fantuae‚
1660 283 1730 326 vel
1781 284 1907 326 etiam
1951 285 2118 336 Fanac,
2169 300 2189 325 a

237 368 395 423 quibus
435 365 535 408 fana
572 365 704 418 dicta,
756 366 871 422 quod
911 366 1072 408 soleant
1109 364 1314 406 divinare.

236 481 331 522 atque
351 475 481 508 Faunos
513 475 614 509 fuisse
643 488 683 508 ex
715 476 857 508 inferiori
880 476 952 509 loeo
979 474 1020 521 (§.
1037 475 1110 508 667
1131 473 1189 506 ibi·

235 550 297 583 que
318 536 397 581 not.)
423 537 531 580 colligi
551 543 667 583 potest.
694 538 810 570 Itidem
836 539 874 570 de
903 538 1002 579 locis,
1030 537 1086 569 ubi
1110 537 1189 569 echo

235 601 380 642 auditur,
408 601 579 634 Lucretius
605 602 659 647 (4,
689 602 791 645 584)ι

292 666 400 698 »Haec
418 667 487 698 loca
498 667 683 710 capripedes
692 666 826 710 Satyros
838 666 1068 712 Nymphasque
1083 670 1191 697 tenere

284 727 433 759 Finitimi
453 728 604 772 fingunt,
634 735 665 761 et
693 729 825 760 Faunos
850 740 918 760 esse
939 728 1143 775 loquamur-,e

307 790 419 837 Fatui]
441 791 589 824 Meminit
605 793 700 834 hujus
724 792 861 825 nominis
883 792 916 823 in
939 791 1091 823 feminino
1108 790 1192 823 inter

234 853 313 885 alios
338 852 521 895 Arnobius,
546 855 713 887 masculini
740 854 890 895 Servius,
915 853 970 897 qui
990 853 1106 885 Inuum
1128 853 1188 885 Fa-

234 921 322 947 tuum
344 915 528 948 Fatuellum
554 917 673 949 dictum
697 916 756 948 ait:
785 915 952 959 utriusque
979 916 1130 948 Donatus
1150 915 1190 948 ad

233 977 313 1009 illud
335 978 478 1010 Terentii
508 978 648 1010 „Fatuus
672 983 739 1019 est,
777 978 938 1018 insulsus,
972 978 1116 1009 tardusu:
1144 978 1189 1014 sa,

235 1045 324 1080 tuus,
356 1040 476 1084 inquit,
501 1040 607 1084 inepta
635 1041 791 1085 loquens,
820 1052 839 1072 a
862 1040 957 1072 fando
983 1041 1088 1072 fatuus
1113 1040 1188 1072 dici-

234 1109 295 1135 tur.
332 1104 411 1135 Inde
438 1104 541 1135 Fauni
572 1104 665 1135 Fatui
690 1109 721 1135 et
743 1104 909 1147 Nymphae
932 1104 1063 1135 fatuae.
1085 1103 1189 1135 Gnor.

236 1185 282 1190 —
296 1167 397 1208 Vulgi
418 1167 679 1210 superstitionem
697 1172 834 1198 testatur
847 1167 990 1207 Plinius,
1020 1168 1093 1198 dum
1117 1167 1190 1210 (27,

237 1230 301 1269 1⁹2,
327 1229 399 1273 83)
422 1230 539 1262 herbae
564 1230 723 1271 meminit,
755 1242 818 1276 qua
839 1230 934 1262 Fatui
962 1242 980 1262 a
1006 1230 1192 1262 mulieribus

235 1291 447 1332 abigerentur.

306 1351 516 1400 Fatuaeque]
545 1353 704 1385 Gabinius
732 1352 856 1384 Bassus
885 1352 969 1397 apud
991 1354 1193 1385 Lactantium

235 1418 288 1460 (1,
310 1416 372 1460 22)
400 1415 520 1447 »Fauni
546 1416 581 1446 in
599 1415 694 1447 Latio
722 1427 864 1447 sororem
887 1422 919 1448 et
936 1416 1105 1459 conjugem
1127 1418 1191 1448 Fa-

235 1485 323 1510 tuam
344 1477 537 1510 nominatam
555 1489 638 1518 csse,
668 1478 756 1521 quod
782 1478 968 1510 mulieribus
993 1479 1057 1510 fata
1079 1490 1193 1511 canere

234 1542 473 1584 consuevisset,
499 1546 534 1572 ut
557 1541 689 1572 Faunus
708 1541 803 1573 viris«
836 1542 921 1586 (add.
940 1542 1008 1574 Cic.
1030 1543 1070 1574 de
1097 1543 1193 1584 divin·

238 1605 276 1642 1,
296 1603 356 1635 43.
381 1602 451 1645 50).
493 1603 619 1634 Bonam
647 1602 739 1633 deam
765 1607 870 1633 autem
897 1603 1081 1635 Macrobius
1110 1603 1194 1648 (Sat,

239 1668 270 1700 1,
301 1665 358 1708 12)
380 1666 515 1696 Fatuam
539 1676 557 1695 a
581 1663 677 1695 fando
704 1665 820 1696 dietam
845 1665 963 1697 scribit.

311 1726 473 1772 Fantuae]
501 1728 645 1759 Fantua:
665 1733 701 1758 ut
723 1729 819 1760 Mana
837 1729 986 1769 Mantua,
1013 1729 1058 1762 sic
1082 1729 1194 1762 Fauna

237 1790 287 1822 vel
306 1790 393 1821 Fana
414 1789 555 1820 Fantua:
579 1789 612 1820 in
631 1788 779 1821 Arnobi0
804 1790 858 1822 lib.
875 1791 900 1821 I.
924 1790 996 1823 MS.
1021 1803 1079 1835 pro
1098 1792 1194 1824 Fana

238 1855 333 1886 refert
357 1853 479 1892 Fenta,
500 1854 581 1884 sorte
607 1853 648 1884 sit
668 1853 792 1886 Fantua
817 1855 868 1886 vel
886 1855 1020 1887 Fentua.
1037 1855 1192 1888 Grion-—

238 1918 362 1950 Nomen
380 1917 483 1960 ipsum
502 1917 641 1960 reperies
659 1918 742 1961 apud
765 1917 928 1950 Saxoncm
944 1919 1193 1952 Grammaticum

239 1982 278 2021 2,
301 1994 332 2025 p.
352 1981 400 2012 22
429 1979 566 2025 Steph.).
603 1980 671 2013 Sed
689 1981 813 2023 juvabit
839 1987 941 2014 totum
969 1983 1090 2025 locum,
1118 1984 1192 2028 quia

239 2044 305 2075 fere
330 2042 457 2082 cadem,
482 2055 563 2086 quac
592 2048 719 2083 noster,
749 2044 861 2085 babet,
892 2045 1092 2077 adscribere:

296 2106 408 2137 ..Trux
428 2106 603 2137 Lemurum
623 2106 737 2137 chorum
759 2107 949 2147 advehitur,
976 2120 1192 2155 praecepsque

639 2182 696 2213 per
716 2182 814 2202 ata-as

341 2233 497 2273 cursitat,
524 2238 555 2264 et
579 2240 686 2266 vastos
708 2235 773 2266 edit
794 2235 838 2266 ad
863 2239 951 2267 astra
968 2246 1074 2269 sonos,

290 2295 458 2327 Accedunt
480 2295 589 2326 Fauni
610 2296 736 2338 Satyris
758 2297 951 2345 Pariumque
971 2304 1101 2331 caterva

339 2356 493 2388 Blanibus
516 2357 661 2389 admixta
684 2359 800 2391 militat
823 2372 875 2391 ore
896 2360 976 2403 fero.

290 2417 440 2461 Sylvanis
466 2423 580 2450 co'e‘unt
600 2420 715 2466 Aquili
741 2421 930 2470 Larvaeque
958 2427 1110 2454 nocentes

338 2480 420 2512 Cum
438 2481 559 2512 lamiis
583 2481 693 2512 callem
713 2485 905 2526 participare
927 2485 1066 2516 student.

291 2541 386 2574 Saltu
405 2543 567 2575 librantur
590 2543 733 2583 Furiae,
759 2545 978 2587 qlomerantur
1004 2547 1123 2578 eisdem

337 2606 484 2646 Laruae,
509 2618 591 2654 qaas
612 2607 722 2640 Sintiis
740 2608 865 2640 Fantua
881 2610 995 2653 jurleta
1016 2611 1159 2653 premit-«¹

1387 362 1444 404 Hi
1482 377 1630 404 omnes
1659 373 1751 419 post
1781 363 2000 420 prolixum
2030 377 2188 405 aevum

1241 469 1295 504 Ad
1317 482 1399 515 quae
1422 470 1576 502 Barthius
1599 470 1645 516 (in
1669 471 1790 504 adverS.
1813 485 1845 516 p.
1871 471 1995 516 1187)=
2022 472 2194 504 »Fantuam

1241 532 1375 565 Fatuam
1393 533 1493 575 gratia
1516 532 1663 566 carminis
1684 533 1800 566 dictam
1826 539 1966 566 autumo.
1991 533 2061 567 Sed
2085 539 2119 567 et
2140 546 2194 567 au·

1241 597 1396 641 tiquiorcs
1429 597 1475 630 ita
1509 597 1665 630 dicebant.
1721 597 1861 631 Glossae
1901 604 2045 631 veteres:
2072 597 2195 630 Fatuus

1242 662 1334 706 quasi
1350 662 1377 693 F
1379 667 1495 694 antuus
1513 674 1531 694 a
1545 662 1652 703 fando,
1675 661 1749 705 quia
1763 662 1883 694 Faunis
1901 662 2030 695 oracula
2046 662 2188 694 edebat.-

1242 726 1350 770 (conf.
1373 725 1456 758 Aur.
1477 726 1563 759 vict.
1585 726 1625 758 de
1651 726 1728 768 orig.
1752 731 1836 769 gent.
1854 727 1888 758 4.
1905 726 2013 770 ibique
2032 725 2195 767 Ennium).

1314 791 1367 822 vel
1380 788 1488 835 etiam]
1515 790 1571 822 Sic
1592 790 1688 832 vulgo
1713 796 1745 822 et
1763 790 1847 834 apud
1865 789 2030 830 Grotium,
2051 789 2108 821 sed
2133 790 2195 820 sor-

1241 857 1327 883 tasse
1345 863 1363 884 e
1380 851 1637 894 Cantabrigiensi
1654 851 1875 896 reponendum
1896 853 1973 884 sive.
2000 851 2097 883 Certe
2113 849 2197 881 enim

1242 920 1352 948 noster
1372 916 1517 958 ejusdcm
1541 915 1680 948 nominis
1708 928 1773 948 non
1798 915 1860 948 nisi
1880 915 2036 947 diversam
2056 925 2195 959 pronun-

1242 981 1406 1013 tiationem
1437 985 1604 1012 notaturus
1640 985 1724 1021 erat,
1757 985 1794 1011 ut
1822 985 1950 1024 etymon
1974 979 2063 1011 vocis
2081 978 2198 1022 fanum

1243 1044 1391 1083 adderet,
1423 1044 1510 1088 quod
1535 1056 1552 1075 a
1573 1044 1769 1082 divinando,
1803 1043 1870 1075 sive
1898 1043 2010 1086 sanclis
2036 1040 2197 1074 eventuris

1242 1107 1389 1146 deduxit,
1412 1112 1540 1138 secutus
1561 1107 1741 1139 Varronem
1764 1107 1817 1151 (de
1836 1107 1873 1138 L.
1895 1107 1935 1138 L.
1954 1108 1992 1146 5,
2018 1106 2063 1137 14
2081 1104 2195 1148 sequ.)‚

1243 1170 1391 1202 Servium
1407 1169 1462 1213 (ad
1480 1169 1563 1201 Aen.
1586 1171 1618 1210 7,
1638 1169 1700 1212 47)
1725 1175 1757 1201 et
1776 1169 1973 1201 Frontonem
1991 1167 2055 1212 (ap.
2081 1169 2195 1200 Daccr.

1244 1232 1283 1264 ad
1312 1232 1399 1263 Fest.
1424 1243 1452 1262 v.
1475 1231 1599 1263 Fanum
1620 1244 1651 1276 p.
1674 1231 1768 1275 145).

1316 1296 1480 1338 prolixum
1504 1293 1629 1339 aevum]
1658 1295 1745 1335 Ergo
1773 1294 1806 1325 hi
1833 1294 1877 1326 dii
1901 1304 1967 1325 non
1991 1293 2197 1333 immortales,

1244 1357 1300 1389 sed
1324 1357 1487 1399 longaevi,
1518 1362 1552 1388 ut
1574 1362 1607 1388 et
1639 1358 1708 1400 ipse
1733 1356 1868 1401 Capella
1891 1356 2041 1389 nominat.
2073 1356 2119 1388 Et
2139 1358 2197 1389 hac

1243 1419 1366 1451 ratione
1392 1419 1474 1451 forte
1501 1418 1656 1460 Virgilius
1679 1418 1773 1450 dixit:

1301 1482 1449 1525 »Sylvius
1475 1483 1640 1513 Albanum
1666 1488 1723 1514 tua
1748 1482 1917 1525 posthuma
1937 1482 2062 1525 proles,

1297 1544 1398 1587 Quem
1428 1545 1486 1575 tibi
1507 1545 1661 1588 longaevo
1681 1555 1789 1576 serum
1811 1543 1951 1575 Lauinia
1970 1544 2089 1588 conjux
2114 1555 2116 1558 ·

1294 1608 1420 1639 Educet
1439 1608 1556 1638 silvis.«

1245 1669 1416 1712 Loreqaevo
1439 1674 1488 1699 cst
1519 1667 1653 1709 indigeti
1677 1667 1746 1709 jam
1768 1667 1852 1699 sacto
1888 1667 1938 1712 (T).
1979 1667 2069 1698 Idem
2097 1667 2196 1699 ferme

1245 1735 1380 1761 testatur
1407 1735 1517 1760 auctor
1549 1729 1783 1773 epigrammatis
1814 1729 1853 1760 de
1880 1734 1982 1760 aetate
2016 1729 2196 1760 animalium

1246 1794 1283 1826 de
1311 1793 1484 1838 Nymphis,
1509 1806 1607 1837 quum
1633 1793 1723 1837 prius
1748 1793 1787 1824 dc
1808 1793 1972 1824 Phoenice
1995 1793 2132 1825 dixisset

1302 1856 1427 1897 „Quam
1448 1867 1505 1886 vos
1529 1861 1681 1898 perpetuo
1703 1855 1806 1886 decies
1825 1856 2029 1897 praevertitis
2048 1866 2128 1886 aevo

1292 1919 1460 1963 Nymphae
1479 1919 1724 1961 Hamadryades
1751 1930 1890 1965 quarum
1915 1918 2102 1962 lonyissima
2128 1921 2196 1951 vita

1647 1987 1724 2014 est-¹

1245 2046 1309 2078 Ubi
1328 2051 1481 2090 perpetuo
1502 2045 1672 2090 improprie
1691 2044 1815 2077 dicitur.
1829 2043 1992 2079 Gnor.—
2016 2043 2045 2075 Ε
2063 2043 2195 2076 Graecis

1243 2108 1421 2140 Pausanias
1448 2108 1527 2153 (10,
1553 2109 1599 2140 51
1623 2106 1657 2151 s.)
1680 2106 1880 2151 »Nymphas«
1912 2105 1956 2137 ait
1985 2105 2195 2150 »1311009111ιί-

1244 2172 1316 2204 dem
1339 2171 1447 2203 vivere
1473 2171 1737 2211 innumerabiles,
1773 2182 1838 2202 non
1861 2174 1966 2200 tamen
1991 2181 2063 2201 esse
2085 2170 2196 2202 mortis

1245 2235 1423 2266 immunes.«
1452 2232 1600 2265 Platonis
1617 2232 1666 2276 (in
1688 2231 1783 2275 Epin.
1801 2232 1915 2274 11.982
1933 2230 2060 2276 steph.)
2081 2232 2196 2265 doctri·

1242 2308 1316 2328 nam
1331 2295 1370 2326 de
1389 2295 1577 2327 animalibus
1595 2295 1783 2335 longaevam
1799 2292 1895 2324 vitam
1910 2293 2099 2335 degentibus
2118 2295 2196 2326 hacc

1243 2359 1380 2404 sapiunt.
1422 2358 1532 2402 Atque
1558 2357 1701 2390 conferre
1730 2362 1896 2401 praetcrea
1918 2369 2033 2402 operae
2060 2358 2194 2402 pretium

1243 2422 1302 2454 crit
1323 2420 1533 2453 Plutarchum
1566 2419 1618 2463 (dc
1648 2419 1764 2450 oracul.
1789 2419 1915 2450 defectu
1938 2432 1969 2463 p.
1989 2420 2076 2464 415)
2099 2420 2194 2452 addu-

1243 2489 1369 2516 centem
1384 2481 1522 2514 Hesiodi
1545 2492 1666 2521 versus,
1694 2480 1749 2525 qui
1763 2480 1839 2512 alibi
1857 2482 1974 2513 frustra
1992 2487 2197 2526 quaeruntur.

1243 2545 1464 2590 Epigramma,
1498 2543 1585 2588 quod
1610 2543 1744 2576 Grotius
1769 2542 1861 2583 citat,
1883 2543 1916 2574 in
1933 2543 2114 2585 anthologia
2135 2543 2194 2575 La·

1203 2611 1205 2614 ⁴
1244 2610 1310 2641 tina
1332 2608 1508 2641 Burmanni
1534 2607 1587 2651 (11.
1611 2618 1642 2651 p.
1664 2605 1754 2650 422)
1774 2606 1924 2651 reperieS.
