2310 2860
788 145 987 188 Martiani
1023 145 1224 203 Capellae
1262 146 1390 190 lih.1.
1431 148 1461 198 §.
1484 146 1521 188 7.

2085 152 2143 167 ι.-

2084 167 2144 194 ιλ)

193 252 455 297 adhaerebat
490 254 598 296 forte
636 253 852 309 Cyllenie,
900 268 1036 310 paene
1065 252 1292 296 lacrimans
1322 258 1543 301 nunciavit
1579 260 1623 302 in
1652 262 1885 317 potentiam
1915 262 2146 320 pliaretrati

192 337 493 392 volitantisque
515 336 660 392 superi
678 335 731 377 de
749 350 827 377 sua
849 336 1043 377 societate
1062 346 1301 393 correptam
1329 339 1632 396 captivamque
1661 342 1939 385 adamantinis
1965 345 2146 386 nexibus

192 431 216 459 a
244 417 456 474 Cupidine
480 417 669 460 detineri.
710 418 849 473 Super
879 416 943 458 his
974 417 1101 472 igitur
1131 417 1347 473 virginum
1372 418 1592 473 thalamis,
1620 421 1727 464 dum
1750 438 1852 466 eum
1873 424 1929 467 de
1950 426 2140 468 libertate
2168 433 2196 473 8

191 513 379 546 auctoritate
404 525 609 558 permoverer
636 518 672 545 ut
696 525 714 545 a
740 513 869 555 uulgata
895 512 1034 546 lectione
1057 526 1143 548 rece·

188 574 306 608 (ierem.
349 575 506 619 Quamvis
531 575 617 607 enim
639 575 694 606 ille
722 575 865 619 (advers.
889 587 919 618 p.
944 575 1062 619 1256)
1089 576 1142 608 ad-

188 638 242 671 dat
266 639 465 671 verissimam
495 639 547 671 sui
579 638 699 671 codicis
728 638 900 670 lectionem
930 650 1022 680 esse,
1061 652 1142 683 quae

186 701 305 736 claram
333 709 364 735 et
394 703 595 748 perspicuam
630 702 725 734 saciat
756 693 965 742 sententiam,
1007 703 1143 735 multum

187 771 293 800 tamen
317 767 407 798 abest
428 772 462 798 ut
478 767 660 811 praedicata
681 766 736 798 illa
754 766 881 798 claritas
901 767 977 798 mihi
996 768 1141 799 arrideat.

266 827 394 873 Virtus]
418 828 574 860 Romanis
605 828 692 861 enim
713 828 772 860 dea
798 834 867 860 erat
897 828 1015 873 (Varro
1041 829 1081 861 de
1104 830 1142 861 L.

186 890 223 923 L.
248 892 289 932 4,
319 892 378 924 46.
409 892 478 924 Cic.
502 892 543 924 N.
570 893 610 924 D.
635 893 680 934 2,
711 894 759 925 25
779 899 810 924 et
833 895 877 925 51
893 906 903 932 ς
920 893 960 924 de
985 893 1080 935 legib.
1106 894 1141 934 2,

189 955 245 987 11.
267 954 408 992 Lis-37,
437 954 504 994 253
528 954 596 994 29,
625 955 667 985 11
695 955 715 985 s.
738 955 847 987 Valer.
866 955 951 987 Max.
980 957 1017 995 1,
1051 957 1082 987 1.
1104 956 1142 987 P.

185 1014 300 1048 vietor
318 1027 384 1057 reg.
403 1016 471 1047 urb.
493 1017 526 1048 1.
544 1015 662 1047 Juven.
682 1018 699 1047 -1
711 1039 720 1056 ,
749 1018 829 1048 115.
848 1016 907 1049 Sil.
922 1017 994 1049 Ital.
1009 1018 1066 1058 13,
1084 1018 1142 1048 22.

183 1076 233 1109 40
255 1082 288 1108 et
309 1078 368 1108 69.
408 1077 517 1109 Plaut.
538 1075 657 1121 Amph.
678 1077 804 1121 prolog.
827 1077 995 1110 Claudian.
1013 1078 1046 1110 in
1067 1079 1144 1111 Rnr.

186 1141 219 1180 1,
246 1141 304 1172 52.
335 1140 480 1172 Laetam.
512 1141 552 1180 1,
576 1141 635 1172 20.
684 1139 859 1182 Augustini.
886 1142 919 1172 in
944 1142 1002 1174 civ.
1026 1142 1076 1173 dei
1108 1143 1142 1182 ¹1,

183 1201 242 1234 20.
263 1202 321 1233 22.
344 1201 393 1234 24
420 1207 453 1233 et
477 1203 520 1242 5,
548 1201 604 1233 12.
623 1207 655 1233 et
676 1203 707 1233 7.
736 1204 770 1234 5.
797 1201 920 1234 Arnob.
944 1203 979 1242 4,
1005 1215 1035 1246 p.
1058 1203 1142 1245 127)

181 1264 215 1295 in
239 1263 382 1307 lapidum
399 1263 496 1295 etiam
514 1263 616 1295 titulis
634 1263 697 1308 (ap.
717 1263 812 1296 Grut.
832 1265 915 1305 100,
943 1265 975 1296 4.
995 1266 1029 1297 5.
1059 1265 1141 1305 102,

182 1327 216 1359 4.
244 1327 337 1367 106,
362 1328 396 1358 6.
422 1328 514 1368 456,
542 1326 591 1372 5).

256 1403 317 1423 sua
341 1389 505 1435 societate]
532 1390 662 1433 Quippe
689 1392 792 1422 anima
819 1393 956 1423 humana
978 1404 996 1423 a
1013 1392 1139 1423 virtutis

182 1452 288 1485 studio
309 1452 536 1496 cupiditatibus
564 1464 659 1494 saepe
678 1452 862 1484 detrahitur.

254 1513 487 1560 adamantinis]
513 1514 666 1547 Manilius
690 1514 730 1558 (1
745 1538 754 1555 ,
790 1515 885 1557 921)
910 1516 1138 1548 »adamantem

181 1583 328 1610 catenas«
350 1576 445 1616 dixit,
477 1582 510 1608 et
537 1575 689 1619 Hyginus
717 1575 793 1619 (fab.
816 1576 874 1606 22.
904 1588 935 1618 p.
955 1576 1003 1608 68
1034 1575 1137 1617 Stav.)

188 1640 434 1672 »adarnanteum
453 1638 605 1680 jug11m«:
632 1638 690 1669 sed
714 1637 770 1669 illa
800 1637 949 1679 adjectivi
972 1637 1072 1669 forma
1097 1637 1136 1668 ab

181 1702 310 1747 optimis
337 1706 510 1746 usurpatur
540 1700 761 1744 scriptoribus.
809 1698 992 1732 Adamante
1020 1699 1137 1731 firmis-

182 1765 263 1796 sima
284 1776 431 1810 quaeque
455 1763 667 1796 denotamus-2
691 1761 777 1794 unde
802 1760 941 1794 Ovidius
967 1761 1057 1806 (met.
1078 1762 1136 1801 15,

182 1826 285 1871 815)=

239 1893 409 1925 *Invenies
428 1893 494 1924 illic
518 1892 645 1924 inclusa
667 1890 833 1922 adamante
852 1888 987 1934 perenni

229 1954 316 1988 Fata
338 1956 387 1987 tui
412 1956 558 1999 generis«
576 1971 624 1977 -—
642 1971 691 1976 —

181 2017 290 2064 (Adde
312 2017 406 2050 eund.
425 2018 508 2050 trist.
530 2018 574 2057 4,
598 2018 640 2057 6,
674 2016 732 2057 M,
755 2022 790 2048 et
811 2016 924 2047 Horat.
942 2014 994 2047 od.
1016 2017 1052 2056 5,
1073 2016 1133 2049 24.

182 2080 228 2125 5).
280 2080 409 2113 Pariter
431 2080 516 2124 apud
551 2079 766 2112 Claudianum
792 2079 888 2110 etiam
918 2077 1015 2122 (bell.
1045 2077 1135 2111 Gitd.

182 2142 278 2188 202)
310 2142 424 2175 „on-is
462 2153 559 2174 voces
593 2142 766 2174 adamante
801 2140 926 2173 notavit
953 2140 1129 2184 Atropos.«

181 2207 277 2242 Adde
294 2207 500 2252 Propertium
523 2206 571 2250 (5,
596 2207 631 2247 9,
655 2206 691 2238 9.
720 2207 756 2247 4,
784 2207 841 2246 11,
866 2205 921 2249 4),
961 2205 1136 2238 Pindarum

183 2271 293 2315 (Pyth.
315 2271 352 2311 4,
379 2269 480 2313 123),
519 2269 690 2301 Platonem
715 2267 768 2312 (de
788 2268 830 2301 R.
854 2268 895 2301 P.
920 2269 976 2301 10.
1001 2281 1034 2313 p.
1051 2268 1136 2300 616.

184 2331 329 2376 steph),
356 2331 553 2375 Sophoclem
572 2331 638 2375 (ap.
652 2330 749 2363 Stoh.
784 2331 818 2362 in
848 2331 909 2364 ecl.
935 2332 973 2371 1,
1003 2331 1044 2371 6,
1078 2331 1134 2362 11.

183 2408 216 2439 p.
232 2395 301 2426 175
326 2393 454 2437 Remu),
483 2392 722 2438 Apollodorum
744 2393 800 2437 (1,
820 2394 853 2434 1,
879 2394 915 2426 5.
945 2393 987 2433 2,
1013 2393 1056 2433 4,
1085 2392 1134 2436 2),

182 2457 374 2491 Pausaniam
391 2458 440 2502 (8,
468 2458 526 2498 18,
553 2458 608 2501 2),
636 2462 669 2489 et
686 2457 796 2490 confer
816 2457 985 2488 Barthium
1009 2456 1055 2501 (in
1080 2456 1134 2488 ad-

181 2532 265 2553 vers.
286 2532 318 2564 p.
335 2520 434 2562 5521).
462 2518 558 2551 Unde
579 2524 612 2551 et
636 2519 764 2553 Plinius
792 2520 866 2564 (57,
895 2519 931 2560 4,
959 2518 1004 2563 5)
1043 2518 1133 2550 »ada-

182 2587 321 2616 mantem
341 2580 457 2612 duritia
477 2580 686 2613 enarrabilem
709 2592 781 2613 esse
807 2581 920 2621 docet,
947 2581 1131 2625 igniumque

1193 515 1289 547 etiam
1312 515 1484 556 victricem,
1507 516 1592 548 unde
1609 522 1641 549 et
1660 529 1776 551 nomen
1791 519 1943 552 indomita
1959 520 2008 552 vis
2020 521 2145 554 Graeca

1193 577 1484 622 interpretatione.u
1538 578 1695 612 Nimirum
1724 577 1802 616 ἀπὸ
1837 581 1907 617 τοῦ
1936 584 1962 616 ἀ
1989 580 2054 616 καὶ
2080 585 2144 616 δα·

1193 635 1315 684 μάξω.
1354 640 1492 682 Virgilio
1516 639 1621 684 (Aen.
1652 643 1693 681 6,
1720 643 1813 688 552)
1836 649 1967 676 vocatur
1999 643 2143 676 »Tartari

1192 710 1284 748 porta
1304 703 1417 745 ingens
1437 704 1605 748 solidoque
1628 705 1798 738 adamante
1820 706 2004 738 columnaeu
2032 712 2092 739 eet.

1297 763 1468 810 Cupidine]
1495 766 1546 797 De
1572 765 1676 798 anima
1696 768 1832 798 humana
1861 766 2033 799 insatiabili
2056 768 2142 811 eupi-

1193 827 1267 859 dine
1295 827 1466 860 constricta
1499 832 1623 860 veteres
1659 828 1815 872 permulta
1849 828 1925 860 artis
1952 840 2049 873 opera
2077 829 2142 860 edi-

1194 892 1328 927 derunt,
1354 892 1470 936 quibus
1491 891 1615 936 captiva
1634 891 1761 936 Psyche
1782 898 2049 936 repraesentatur,
2078 891 2142 924 vel-

1194 958 1239 989 uti
1266 958 1298 988 in
1322 958 1380 988 hae
1401 968 1541 996 gemma.
1569 967 1663 999 cpiam
1681 956 1733 999 (ex
1756 955 2142 998 Agostintigenuul.‚150‚

1193 1021 1310 1052 Mass'eo
1332 1024 1365 1051 et
1381 1018 1496 1052 Monts.
1523 1017 1550 1050 Ι.
1570 1017 1633 1050 tal».
1654 1018 1739 1062 122)
1767 1018 1817 1052 hie
1841 1018 1980 1062 subjeci:

1262 2141 1300 2173 de
1324 2142 1470 2176 libertate
1489 2141 1598 2189 sortis]
1624 2141 1797 2186 Nunquam
1819 2140 1965 2186 placebat
1982 2138 2137 2173 Gratiana

1186 2204 1283 2237 lectio
1304 2206 1543 2240 »deliberatam

1186 2274 1305 2301 sortem
1329 2270 1522 2304 deliberare.
1558 2270 1752 2315 Opportune
1774 2270 1872 2312 igitur
1891 2269 2061 2310 Hugianus
2082 2278 2135 2298 co-

1590 2207 1658 2240 vix
1674 2206 1759 2239 enim
1783 2206 1972 2247 intelligitur
1999 2205 2075 2248 quid
2097 2204 2138 2234 sit

1185 2330 1248 2362 dex
1273 2336 1415 2364 nostram
1444 2332 1539 2365 nohis
1562 2332 1709 2376 praebuit
1730 2331 1912 2364 lectionem.
1950 2328 2028 2363 Sors
2052 2328 2135 2360 enim

1183 2405 1243 2439 pro
1271 2395 1424 2428 electione
1459 2396 1529 2429 sive
1554 2397 1681 2440 optione
1719 2395 1917 2439 accipienda,
1953 2402 2047 2436 quam
2075 2391 2136 2423 sihi

1183 2458 1304 2491 nullam
1331 2471 1403 2492 esse
1427 2460 1553 2492 demum
1577 2459 1700 2492 viderat
1722 2457 1911 2492 Mercurius.
1947 2455 2053 2487 Ernmt
2072 2455 2137 2487 for-

1184 2525 1271 2553 tasse
1300 2521 1354 2565 qui
1375 2521 1484 2554 Grotii
1506 2521 1679 2554 lectionem
1696 2517 1857 2552 defensuri
1880 2521 1994 2560 putent
2018 2516 2136 2549 delibe-

1183 2587 1283 2616 ratam
1297 2588 1417 2615 sortem
1437 2594 1510 2617 esse
1536 2595 1624 2625 eam,
1649 2592 1731 2627 quae
1755 2590 1794 2612 ex
1814 2577 2044 2612 deliberatione
2063 2590 2136 2623 pro-

1704 2645 1725 2675 5
