2310 2860
694 165 894 209 Martiani
935 163 1134 221 Capellae
1170 163 1243 206 lib.
1264 163 1317 206 II.
1355 166 1387 218 §.
1410 163 1508 207 192.

1992 168 2079 213 257

488 275 676 316 Ammon
708 282 748 315 et
778 273 931 315 arentis
961 271 1141 327 Libyes,
1185 285 1234 312 ac
1264 271 1440 328 Byblius
1473 271 1610 314 Adon.

488 356 554 396 Sic
586 355 705 396 vario
741 363 918 396 cunctus
949 363 989 395 te
1023 353 1196 395 nomine
1231 361 1437 394 convocat
1466 353 1592 394 orbis.

489 436 616 477 Salve
652 451 752 478 vera
787 435 917 477 deum
950 434 1076 477 facies
1106 433 1342 488 vultusque
1372 442 1567 490 paterne,

119 595 152 623 et
164 596 250 623 recte
273 590 418 635 quidem,
445 603 543 636 quum
567 592 611 624 ita
626 591 724 636 priori
739 591 836 633 longa
854 601 980 635 semper
999 595 1074 634 poc·-

119 654 160 686 tis
193 655 333 696 dicatur,
363 655 473 697 judice
509 655 690 689 Solu-adero
718 656 798 686 Obs.
825 656 862 695 1,
895 656 936 694 3,
961 654 1015 685 ubi
1042 659 1075 685 et

119 717 199 747 hanc
226 717 480 748 emendationem
506 730 522 748 a
546 717 721 748 Munckcro
750 716 928 748 institutam
951 715 1074 759 probat.

116 777 242 811 Asu-xz.
263 779 371 823 (misc.
402 792 432 823 p.
449 778 552 821 215).
588 778 766 811 Salmasius
788 790 916 822 quoque
936 778 991 822 (ad
1013 777 1075 810 So·

117 841 172 874 lin.
196 855 229 886 p.
250 843 318 885 51)
348 843 439 885 Atyn
471 855 588 874 nomen
620 843 763 886 Lydum,
796 842 937 886 Cybeles
971 847 1076 873 aulem

118 904 271 936 amasium
296 905 439 936 Attidem
473 904 675 935 scribendum
708 909 835 945 censet,
870 904 978 947 itaque
1006 915 1074 935 cor-

116 968 190 1010 rigit
209 968 390 1000 Arnobium
410 968 443 1012 (l.
467 969 530 1011 V),
554 968 608 999 nbi
636 969 674 999 dc
698 967 811 1000 Attide
835 979 894 1012 pro
920 967 1000 1001 Sole
1021 969 1074 999 lia-

116 1030 222 1062 hcndo
244 1030 352 1061 itidem
378 1041 482 1062 sermo
506 1035 564 1061 est.
608 1030 731 1062 Confer
752 1036 858 1061 tamen
882 1035 915 1061 et
938 1029 1075 1061 Docrin·

116 1091 202 1134 gium
219 1092 274 1135 (ad
295 1091 415 1124 Catull.
434 1091 496 1134 65)
514 1096 546 1122 et
564 1091 699 1135 interpp.
715 1091 754 1122 ad
771 1091 920 1123 Persium
939 1093 986 1135 (1,
1002 1091 1075 1134 95).

187 1151 282 1198 puer]
318 1152 513 1197 Quicunque
536 1152 708 1194 Virgilium
733 1153 854 1196 (georg.
877 1155 917 1193 1,
942 1153 1001 1196 19)
1029 1153 1074 1185 lc-

115 1217 216 1259 gcrit‚
242 1229 319 1248 sane
344 1216 465 1248 videbit
485 1228 558 1247 eum
582 1228 600 1248 a
621 1222 733 1248 nostro
753 1217 947 1260 exscriptum
965 1217 1074 1249 fuisse.

116 1280 185 1313 Sed
214 1280 370 1312 difficilior
400 1280 545 1324 quaestio
575 1286 642 1319 cst,
676 1280 806 1324 quinam
831 1281 929 1313 suerit
954 1281 1074 1312 »almus

116 1344 170 1377 ille
194 1355 275 1388 puer
302 1343 438 1375 aratri?«
478 1343 608 1374 Etenim
634 1343 704 1386 ipsc
728 1344 885 1385 Virgilius
916 1345 1072 1376 obscurus

117 1413 167 1439 est
192 1407 287 1447 adeo,
315 1412 351 1438 ut
371 1406 422 1438 vel
439 1406 556 1450 Hcync
580 1418 652 1437 cum
670 1418 736 1438 non
757 1406 968 1447 intellexerit,
996 1419 1074 1451 pue-

116 1482 186 1502 rum
201 1471 428 1514 interpretatus
451 1469 694 1513 Triptolemum,
716 1470 771 1513 qui
795 1482 812 1500 a
831 1470 989 1502 Martiano
1014 1472 1074 1502 hoc

115 1533 189 1566 loco
209 1533 368 1575 designari
383 1545 449 1564 non
464 1532 580 1576 potuit,
599 1544 697 1575 quum
716 1544 879 1576 nunquam
901 1533 956 1564 illc
983 1533 1072 1565 Solis

115 1597 243 1630 nomine
268 1596 384 1628 veniat.
424 1596 520 1629 Viam
544 1595 653 1639 potius
678 1595 772 1627 nobis
795 1596 897 1639 aperit
921 1595 1073 1637 Servius,

115 1662 155 1693 ud
182 1660 312 1703 Virgilii
346 1659 454 1692 locum
491 1659 681 1691 observans:
711 1657 799 1690 »Alii
824 1658 1073 1703 Triptolemum,

116 1725 173 1756 alii
199 1723 313 1755 Osirin
341 1722 484 1753 volunt.«
532 1720 643 1765 Atque
670 1720 832 1765 posterius
858 1721 977 1753 rectius
1002 1733 1074 1755 esse

116 1799 134 1820 e
160 1786 263 1832 po'ctis
289 1785 458 1827 colligitur.
486 1785 637 1817 Tibullus
663 1785 717 1830 (1,
749 1786 782 1825 7,
808 1784 887 1828 29);

175 1851 324 1882 ιΡι-ἰηῑιιε
347 1855 450 1881 aratra
473 1861 573 1881 manu
596 1850 719 1882 sollerti
738 1848 817 1891 fecit
840 1847 947 1880 Osiris

166 1912 211 1944 Et
231 1916 374 1943 teneram
390 1910 479 1954 ferro
495 1912 679 1942 sollicitauit
695 1911 854 1942 'namnum

115 1974 206 2008 Idem
228 1973 370 2005 Rutilius
395 1972 476 2016 (itin.
500 1973 538 2012 1,
565 1971 643 2014 75)=

167 2054 214 2059 —
229 2054 277 2059 —
298 2036 449 2082 »vinique
472 2039 617 2077 repertor

165 2098 210 2130 Et
235 2098 293 2145 qni
315 2098 440 2140 ptimus
465 2097 562 2127 humo
587 2096 705 2139 pressit
727 2099 828 2126 aratra
847 2105 956 2139 puel-,u

116 2160 279 2194 Bacchum
307 2160 392 2192 enim
417 2165 449 2192 et
472 2159 585 2192 Osirin
609 2159 746 2191 eundem
772 2158 866 2190 deum
889 2158 988 2190 fuisse
1011 2167 1076 2188 non

118 2225 217 2267 magis
246 2225 447 2267 ignoramus,
488 2236 584 2267 quam
617 2222 729 2255 Osirin
767 2234 826 2266 pro
861 2221 940 2254 Sole
976 2219 1077 2264 accipi

119 2288 298 2332 (Palaeogr.
319 2289 388 2321 erit.
420 2288 480 2321 IV.
502 2287 532 2332 ἓ.
554 2288 637 2319 645.
665 2286 764 2330 661).
797 2286 884 2317 Hinc
907 2285 984 2317 mihi
1007 2284 1075 2329 qui-

120 2349 193 2382 dem
223 2362 413 2394 persuasum
434 2349 608 2391 Virgilium
634 2362 651 2380 a
675 2354 787 2380 nostro
813 2348 928 2379 melius
952 2347 1077 2379 intelle·

121 2418 206 2445 ctum
231 2423 322 2452 esse,
347 2423 443 2455 quam
461 2411 500 2442 ab
518 2411 665 2454 Heyuio,
695 2411 787 2453 cujus
809 2409 1028 2453 interpretatio
1047 2413 1079 2440 ct

121 2488 160 2508 eo
193 2475 332 2514 laborat,
371 2474 459 2518 quod
491 2474 747 2518 impertinentem
773 2473 912 2515 Virgilio
947 2472 1080 2504 adfinxit

122 2536 379 2580 conjtuictionem
419 2536 551 2567 ‹le-omem
587 2548 660 2568 cum
696 2535 896 2581 Triptolemo
933 2536 1080 2567 semidea.

122 2599 191 2634 Sed
214 2599 248 2632 in
274 2610 353 2632 voce
372 2609 455 2642 puer
473 2596 618 2630 haesisse
637 2597 781 2640 videtur,
807 2609 871 2644 qua
892 2602 999 2630 tamen
1021 2606 1077 2630 ne-

1127 602 1189 634 que
1211 590 1280 635 ipse
1303 590 1459 632 Virgilius
1485 590 1530 633 (in
1556 590 1617 623 cul.
1646 590 1703 624 23.
1723 591 1801 636 56),
1832 604 1937 637 neque
1963 594 2080 627 Cicero

1127 654 1230 698 (Phil.
1256 655 1297 695 4,
1331 654 1373 698 1)
1412 654 1462 686 vel
1497 655 1667 686 Caesarem
1702 655 1887 698 Augustum
1921 659 2081 702 appellare

1128 715 1320 747 dubitarunt.
1348 716 1479 747 Erraret
1505 715 1598 757 igitur
1620 717 1764 749 similiter
1790 719 1844 762 qui
1872 722 1966 762 pueri
1979 723 2082 753 aratri

1126 779 1254 811 nomine
1282 779 1431 812 inductus
1455 780 1607 821 Tagetcm
1631 780 1810 823 intelligere
1836 782 1941 815 vellet.
1978 783 2081 816 Nemo

1127 843 1211 875 enim
1241 855 1382 887 unquam
1409 845 1492 875 hunc
1520 856 1577 887 pro
1602 843 1682 877 Sole
1714 845 1814 889 accipi
1840 846 1962 887 legerit.
1999 847 2081 879 Car-

1127 920 1202 939 vum
1235 913 1381 939 aratrum
1417 907 1562 939 similiter
1595 908 1674 941 dixit
1707 909 1878 942 Lueretius
1912 910 1966 953 (5,
1998 911 2082 945 951.

1127 972 1168 1011 6,
1201 970 1320 1014 1251).

1200 1032 1352 1079 Ληιηιοη]
1379 1034 1499 1067 Pcccat
1523 1034 1656 1079 Capella
1675 1034 1708 1067 in
1730 1035 1833 1077 legem
1852 1037 2029 1080 pedatiam,
2048 1042 2084 1069 ut

1128 1101 1160 1128 ct
1187 1107 1284 1139 snpra
1307 1096 1455 1139 Serapim
1478 1096 1581 1127 media
1604 1104 1749 1140 correpta
1773 1098 1860 1129 dixit.
1888 1098 1956 1131 Cur
1979 1105 2085 1131 antem

1127 1157 1187 1190 Sol
1204 1157 1346 1190 Ammon
1370 1157 1513 1198 dicatur,
1543 1168 1584 1188 cx
1610 1158 1716 1189 Nonio
1739 1159 1924 1191 docebimus
1948 1160 1979 1192 in
2000 1160 2085 1191 uotis

1126 1219 1382 1251 Onomacriticis.
1400 1219 1504 1251 Gnor.
1524 1237 1571 1242 -
1596 1220 1779 1250 Macrobius
1803 1219 1948 1263 (Saturn.
1970 1222 2002 1261 1,
2023 1221 2092 1264 21).

1133 1283 1382 1314 »Hammonem«
1421 1283 1530 1326 inquit
1569 1282 1700 1314 »Solem
1733 1284 1930 1316 occidentem
1966 1285 2086 1329 Libyes

1125 1347 1342 1378 existimantu:
1361 1352 1394 1377 ct
1415 1358 1475 1388 ego
1497 1347 1536 1378 dc
1557 1345 1717 1379 Ammone
1745 1348 1907 1391 copiosius
1925 1349 2085 1393 pluribus·

1126 1420 1187 1451 quc
1203 1408 1284 1440 locis
1300 1408 1345 1451 (in
1363 1408 1523 1451 palaeogr.
1542 1408 1610 1439 crit.
1624 1409 1661 1438 T.
1676 1409 1736 1441 111.
1753 1408 1781 1452 ἓ.
1799 1410 1879 1441 125.
1901 1411 1985 1442 281.
2002 1412 2086 1443 481.

1126 1470 1164 1501 Τ.
1187 1469 1248 1502 lv.
1273 1467 1302 1512 ἓ.
1320 1469 1403 1500 600.
1430 1469 1512 1500 669.
1542 1468 1629 1510 670)
1651 1469 1710 1509 egi.
1745 1470 1794 1500 De
1815 1476 1917 1502 metro
1938 1473 2085 1515 equidem

1126 1537 1271 1563 nostrum
1291 1530 1325 1562 in
1350 1535 1427 1561 nota
1455 1530 1494 1561 ad
1518 1541 1634 1561 nomen
1656 1530 1802 1573 Serapim
1826 1532 1921 1563 modo
1949 1532 2092 1566 defendi¹⁴

1125 1593 1176 1625 Ac
1204 1593 1348 1635 profecto
1385 1591 1679 1634 antiquissimorum
1710 1592 1805 1623 etiam
1834 1600 2003 1637 poetarum
2030 1607 2086 1627 ne-

1126 1654 1309 1697 gligentiam
1334 1664 1400 1684 non
1426 1652 1532 1683 minus
1562 1652 1772 1684 accusandam
1799 1665 1871 1686 esse
1896 1654 2094 1688 Athenaeuss

1126 1719 1197 1764 (14.
1218 1730 1250 1761 p.
1272 1716 1345 1748 (352
1373 1714 1526 1757 Casaub.)
1548 1715 1657 1746 multis
1683 1716 1824 1748 ostendit
1847 1719 2013 1762 exemplis,

1199 1778 1310 1824 Adam]
1329 1778 1455 1810 Pariter
1472 1778 1663 1810 Theocritus
1681 1779 1847 1824 (Syracus,
1871 1781 1956 1826 145)
1973 1782 2085 1815 Solem

1126 1841 1286 1875 intellexit
1310 1841 1360 1872 his
1387 1840 1548 1872 versibus:

1169 1901 1298 1939 Ἵλαθι
1321 1901 1412 1945 νῦν,
1450 1900 1697 1949 φίλ’Ἆὸωνι,
1726 1901 1790 1938 καὶ
1822 1903 1863 1946 ἐς
1890 1904 2002 1941 νέωτ’
2028 1902 2086 1941 εὖ.

1528 1963 1739 2012 θυμήόαις.

1178 2027 1258 2066 Καὶ
1289 2028 1364 2064 νῦν
1402 2021 1528 2074 ἧνθες
1565 2026 1715 2073 Ἀδωνι,
1752 2028 1816 2066 καὶ
1849 2028 1930 2067 ὁκκ’
1963 2030 2086 2081 ἀφίκῃ

1525 2090 1644 2138 φίλος
1673 2088 1795 2137 ἡξεῑς.

1126 2156 1166 2189 In
1193 2156 1303 2201 primis
1330 2160 1435 2187 autem
1466 2155 1651 2188 Macrobius
1681 2154 1764 2198 (Sat.
1790 2156 1828 2196 1,
1857 2156 1920 2200 21)
1943 2163 2030 2190 totus
2052 2158 2086 2190 in

1127 2231 1167 2251 co
1192 2224 1259 2250 crat
1287 2223 1321 2250 ut
1343 2218 1577 2249 demonstraret
1596 2216 1730 2249 Adonin
1750 2216 1862 2250 Solem
1888 2231 1969 2251 csse.

1201 2283 1290 2314 salue
1310 2280 1400 2326 vera]
1423 2280 1587 2313 Sumsissc
1606 2281 1732 2312 videtur
1746 2293 1787 2313 ex
1805 2282 2004 2314 hcmisticliio
2024 2283 2084 2313 hoo

1128 2344 1258 2387 Virgilii
1282 2344 1380 2389 (Aen.
1402 2346 1444 2385 8,
1474 2344 1577 2387 501)=

1187 2407 1301 2440 »Salve
1325 2418 1403 2438 vera
1419 2407 1513 2438 Jovis
1533 2405 1667 2449 proless
1691 2425 1739 2432 --
1757 2423 1806 2430 —

1129 2471 1209 2505 Mox
1227 2471 1329 2502 miror
1354 2470 1590 2503 tvaltlnardum
1620 2475 1653 2502 et
1681 2469 1838 2502 Goezium
1862 2466 1999 2498 edidisse
2027 2479 2083 2511 pa·

1130 2539 1257 2574 ternae,
1280 2532 1476 2577 wossomni
1498 2543 1596 2564 sensu
1619 2536 1712 2564 caret.
1747 2529 1879 2562 Scilicet
1900 2539 1966 2559 non
1985 2528 2082 2560 anim·

1129 2596 1350 2638 adverterunt,
1373 2595 1406 2628 in
1433 2594 1547 2628 erratis
1565 2606 1583 2627 a
1599 2591 1715 2628 Grotio
1736 2589 1823 2623 istud
1844 2589 1994 2622 mendum
2015 2601 2083 2622 cor·

2133 433 2162 476 20

2162 434 2193 475 ὐἱ
