2310 2860
687 185 885 228 Martiani
923 183 1122 242 Capellae
1159 182 1230 227 lib.
1255 182 1309 226 V.
1347 184 1378 237 ᾗ.
1402 182 1502 226 508.

1995 187 2084 230 457

138 306 234 340 sunt
249 297 399 338 Latine
417 295 536 352 loqui
560 295 771 351 planeque
787 294 947 345 diem-03
980 305 1167 348 quorum
1189 305 1325 333 unum
1350 292 1639 333 Grammatico
1656 291 1854 348 loquente
1873 292 2083 346 didicistis,

137 390 276 432 quum
309 377 399 430 ejus
431 375 549 418 vobis
577 375 786 415 insinuata
817 383 875 415 est
906 373 1124 414 subtilitas.
1181 374 1360 430 Fastigia
1391 389 1493 416 vero
1524 384 1621 415 sunt
1652 374 1819 430 copiose
1849 386 2082 432 ornateque

136 459 302 510 dicere,
334 459 448 514 quod
478 473 561 499 non
593 458 745 513 ingenii
775 456 848 498 sed
877 456 1032 496 laboris
1064 466 1122 498 est
1154 455 1350 506 maximi,
1382 456 1677 496 exercitatione
1712 457 1834 498 etiam
1867 458 2082 511 diuturna,

138 556 225 598 qua
254 556 338 582 non
376 541 514 582 solum
555 541 728 582 uberior
766 539 837 581 sed
876 539 1078 579 illustrior
1118 551 1294 593 quoque
1339 536 1515 578 facultas
1549 539 1792 592 acquiritur.
1852 540 1990 593 Hujus
2026 539 2086 580 rei
2114 536 2205 578 509

136 620 297 676 duplex
331 621 434 661 ratio
466 630 543 662 est:
570 636 676 672 una,
715 635 799 675 qua
830 620 872 660 in
907 619 1079 674 singulis
1112 618 1252 659 verbis
1283 617 1429 658 lumen
1465 628 1688 673 appareat3
1733 619 1883 671 altera,
1925 629 1968 660 ut
1994 620 2085 675 dig-

137 703 242 743 nitas
274 702 500 758 eloquendi
539 702 813 758 copulationis
848 701 978 756 ipsius
1011 699 1162 740 decore
1204 708 1410 740 servetur.
1469 699 1516 738 In
1548 699 1718 753 singulis
1751 714 1852 741 vero
1885 710 1956 740 aut
1987 715 2086 756 pro-

137 784 277 838 prium
311 793 382 824 aut
420 785 669 826 translatum
708 793 1043 837 mutuatumque
1080 782 1354 836 conquiritur.

1419 781 1593 836 Propria
1630 790 1727 821 sunt
1758 790 1920 822 vetusta
1954 798 2084 837 prae-

137 862 278 918 cipue3
310 878 410 904 nam
438 874 544 915 tum,
573 879 710 919 quum
744 879 940 919 proceres
965 863 1033 905 vel
1061 862 1270 903 nescirent
1300 860 1404 901 haec
1435 859 1600 901 dicendi
1631 870 1879 902 ornamenta
1911 862 1977 902 vcl
2011 877 2086 917 ap-

135 951 275 998 petere
315 958 399 983 non
447 943 670 995 auderent,
723 943 904 999 propriis
947 942 1198 995 utebantur3
1254 941 1327 982 sed
1367 942 1468 997 quia
1501 942 1735 983 verborum
1770 953 1963 984 veterum
1999 944 2088 997 jam

133 1023 316 1066 exolevit
341 1038 463 1076 usus,
493 1040 578 1066 non
603 1033 701 1066 sunt
725 1023 928 1065 audacius
959 1023 1206 1082 usurpanda
1235 1024 1326 1077 illa,
1357 1038 1468 1080 quae
1499 1039 1599 1067 cuin
1631 1034 1764 1067 aetate
1788 1035 1952 1068 mutata
1977 1036 2086 1067 sunt.

131 1189 166 1216 ut
192 1190 322 1223 ornate,
350 1189 417 1216 tum
439 1184 479 1216 ad
500 1195 606 1216 rerum
635 1183 819 1225 dignitatem
840 1188 913 1227 apte
936 1188 967 1214 et
989 1182 1080 1227 quasi
1130 1183 1303 1224 marginem
1330 1183 1522 1225 conjectam,
1545 1193 1604 1226 pro
1630 1182 1757 1224 vulgata
1788 1189 2029 1230 mutatumque,
2052 1189 2089 1215 ut

132 1247 280 1290 decore«,
305 1260 386 1292 quae
413 1249 525 1281 eadem
552 1248 762 1292 Quinctiliani
784 1253 834 1279 cst
855 1247 998 1280 doctrina
1026 1247 1081 1291 (8,

135 1309 172 1349 i,
197 1308 241 1351 1).

206 1368 454 1415 exercz'latione]
489 1370 577 1411 Lege
603 1369 856 1402 »exercitationis
891 1369 985 1400 etiam
1016 1369 1083 1400 diu·

131 1437 270 1463 turuae.=‹
294 1431 397 1463 Gan-r.
417 1451 465 1457 —-
491 1431 605 1462 Possis
631 1437 735 1461 tamen
762 1430 923 1471 vulgatam
955 1441 1083 1472 quoque

131 1495 229 1535 tueri,
270 1495 297 1526 si
319 1507 377 1538 pro
409 1494 553 1526 ablativis
580 1495 734 1525 absolutis
759 1493 904 1537 accipias.
933 1493 1084 1525 Ceterum

130 1555 163 1588 in
197 1557 408 1587 anterioribus
439 1556 632 1587 editionibus
667 1561 717 1586 est
753 1557 829 1602 quia
856 1567 914 1598 pro
942 1567 1024 1601 qua,
1053 1560 1085 1586 et

130 1619 310 1664 acquirunt·
336 1630 395 1662 pro
425 1619 628 1664 exquiritur,
652 1628 786 1660 quorum
814 1616 974 1659 posterius
1007 1615 1083 1647 Rei-

130 1681 321 1714 chenauensi
348 1693 475 1725 quoque
500 1681 609 1713 codice
632 1680 845 1724 adstipulante
872 1679 1008 1712 restitui.

204 1746 322 1788 duplex
341 1743 436 1790 ratio]
465 1744 703 1787 Quinctiliauus
724 1744 778 1787 (8,
806 1745 843 1783 1,
872 1742 921 1786 1)ε
951 1741 1083 1784 flgitur,

130 1820 224 1852 quiam
252 1808 368 1840 Graeci
394 1805 538 1855 φράσιν
562 1813 693 1848 vocant,
722 1807 837 1838 Latine
864 1806 997 1839 dicimus
1022 1807 1084 1839 elo-

131 1872 300 1904 cutionem.
334 1870 416 1901 Eam
444 1875 624 1913 spectamus
652 1868 757 1900 verbis
786 1874 840 1899 aut
863 1869 1000 1912 sinyulis
1029 1874 1084 1900 aut

129 1935 335 1977 conjunclis.«
370 1933 438 1965 Sed
457 1933 589 1976 propius
617 1932 711 1963 etiam
735 1932 774 1963 ad
801 1936 944 1962 nostrum
967 1931 1082 1964 Cicero

128 1995 181 2039 (de
201 2001 280 2027 orat.
296 1996 336 2035 5,
362 1993 440 2036 57):
463 1993 597 2025 »Omnis
620 1993 716 2035 igitur
737 1993 837 2025 oratio
857 1993 1023 2025 conficitur
1043 2005 1084 2026 ex

128 2057 250 2098 verbis,
285 2069 420 2102 quorum
447 2057 583 2101 primum
610 2056 702 2088 nobis
725 2057 805 2088 ratio
828 2058 1014 2100 simpliciter
1038 2056 1082 2089 vi-

128 2121 231 2154 denda
258 2127 323 2161 est,
355 2121 469 2152 deinde
492 2121 673 2162 conjuncte.
703 2120 785 2152 Nam
805 2125 854 2152 est
879 2121 1007 2165 quidam
1032 2132 1081 2152 01·-

128 2191 222 2217 natus
246 2185 415 2224 orationis,
448 2185 503 2228 qui
534 2196 574 2216 ex
601 2185 738 2228 sinqnlis
767 2185 871 2216 verbis
897 2192 962 2226 est3
990 2186 1082 2227 alius,

129 2249 184 2293 qui
203 2261 242 2279 ex
266 2250 462 2280 continuatis
485 2250 728 2295 conjunctisque
751 2254 884 2280 constat.
908 2249 996 2291 Ergo
1015 2255 1084 2281 ute·

128 2322 199 2342 mur
217 2310 322 2342 verbis
345 2316 398 2342 aut
419 2311 474 2351 iis,
496 2324 577 2356 qnae
592 2314 723 2356 propria
743 2318 817 2343 sunt
838 2319 870 2344 et
890 2319 974 2345 certa
991 2312 1084 2357 quasi

130 2372 284 2404 vocabula
314 2383 420 2402 rerum
449 2384 551 2416 paene
583 2385 646 2405 una
673 2379 745 2405 nata
777 2386 848 2406 enm
870 2375 966 2406 rebus
993 2374 1082 2418 ipsis,

130 2441 183 2467 aut
205 2435 244 2466 iis
272 2447 352 2478 qnae
384 2435 627 2478 transferuntur
651 2442 683 2468 et
706 2437 798 2481 quasi
823 2437 928 2470 alieno
953 2438 987 2470 in
1009 2439 1082 2470 loco

129 2499 344 2540 collocantur,
371 2503 425 2530 aut
447 2498 486 2530 iis
512 2511 593 2543 quae
611 2512 766 2534 novamus
784 2507 816 2534 et
839 2502 971 2535 facimus
994 2502 1074 2548 ipsi«

131 2566 189 2594 cct-

205 2619 467 2670 mutuatumque]
507 2621 630 2669 Recepi
657 2622 827 2661 lectionem
855 2637 872 2660 a
906 2624 1021 2661 Grotio
1047 2624 1080 2659 in

1135 1247 1195 1278 sihi
1214 1252 1374 1278 constaret
1394 1246 1585 1286 Martianus,
1610 1246 1661 1278 eui
1679 1258 1774 1290 snpra
1793 1259 1920 1291 quoquc
1940 1246 1981 1291 (ἓ.
1998 1246 2089 1290 559)

1134 1315 1326 1341 muniantur
1357 1308 1479 1339 reddidi
1510 1320 1568 1351 pro
1600 1315 1768 1340 nudantur
1799 1309 1831 1339 in
1871 1309 1964 1339 simili
1997 1321 2088 1350 argu-

1135 1377 1259 1410 mento,
1280 1370 1464 1413 praesertim
1481 1382 1577 1412 quum
1593 1370 1781 1402 CIceronem
1801 1371 1905 1414 ipsum
1925 1371 2088 1414 (orat.‘27)

1135 1440 1259 1465 mutata
1283 1433 1378 1463 verba
1406 1445 1422 1463 a
1452 1434 1618 1463 translatis
1644 1433 1838 1474 distinguere
1864 1434 1970 1477 potius
2002 1434 2087 1465 vide-

1135 1507 1217 1526 rem:
1238 1495 1417 1526 »translata
1438 1505 1474 1524 ca
1498 1493 1584 1533 dieo,
1612 1505 1692 1536 quae
1714 1506 1772 1536 per
1788 1494 2026 1526 similitudinem
2048 1496 2087 1527 ab

1136 1557 1195 1588 alia
1224 1568 1258 1587 re
1287 1561 1341 1586 aut
1361 1555 1523 1586 suavitatis
1548 1560 1601 1585 aut
1623 1555 1748 1598 inopiae
1772 1567 1866 1587 causa
1892 1558 2087 1587 transferun-

1135 1624 1202 1657 tur,
1230 1623 1371 1655 mutata,
1403 1616 1435 1647 in
1459 1616 1572 1659 quibus
1597 1628 1655 1658 pro
1685 1616 1782 1647 verbo
1806 1618 1936 1661 proprio
1959 1618 2087 1660 subjici-

1134 1686 1187 1712 tur
1212 1680 1314 1720 aliud,
1338 1680 1424 1723 quod
1448 1679 1531 1710 idem
1554 1679 1726 1720 significet,
1754 1686 1891 1712 sumtum
1914 1694 1953 1712 ex
1975 1694 2008 1713 re
2032 1682 2086 1713 ali-

1134 1757 1197 1789 qua
1228 1743 1474 1787 consequenti«,
1508 1743 1583 1774 lieet
1614 1754 1653 1774 ex
1687 1743 1798 1775 eodeni
1827 1744 1900 1776 loeo
1938 1751 2089 1789 appareat

1134 1814 1258 1841 mutata
1283 1819 1384 1851 aeque
1409 1818 1445 1839 ac
1466 1806 1619 1838 translata
1641 1809 1780 1850 propriis
1808 1808 1936 1852 opponi.

1208 1906 1349 1952 vetusta]
1378 1906 1494 1939 Cicero
1516 1905 1620 1949 (Brut.
1639 1904 1714 1948 74)=
1742 1904 1876 1937 »Solum
1900 1907 2028 1951 quidem
2055 1914 2088 1939 et

1134 1972 1226 2016 qnasi
1246 1972 1486 2003 fundamentum
1509 1969 1643 2000 oratoris
1662 1969 1750 2000 vides
1768 1969 1962 2002 locutionem
1980 1984 2086 2003 emen—

1134 2035 1238 2067 datam
1271 2040 1303 2066 et
1325 2034 1488 2073 Latinam,
1524 2033 1615 2074 eujus
1639 2044 1739 2076 penes
1772 2045 1853 2077 quos
1884 2034 1954 2066 laus
1984 2036 2087 2067 adhuc

1132 2097 1207 2137 fuit,
1232 2108 1298 2128 non
1321 2096 1382 2127 fuit
1404 2095 1535 2126 rationis
1560 2100 1613 2126 aut
1636 2094 1803 2137 scientiae,
1832 2097 1888 2128 sed
1915 2103 2085 2129 consuetu-

1133 2160 1288 2192 dinis.—
1314 2159 1441 2192 Aetatis
1469 2159 1555 2189 illius
1580 2159 1640 2190 ista
1666 2159 1726 2190 suit
1749 2159 1835 2201 laus,
1865 2166 2015 2205 tanquam
2037 2161 2083 2193 iu—

1133 2224 1316 2264 nocentiae,
1345 2223 1391 2254 sic
1413 2222 1527 2254 Latine
1549 2222 1718 2267 loquendi«
1745 2228 1805 2255 cet.

1207 2307 1359 2354 exolevit]
1386 2309 1472 2342 Vide
1495 2309 1685 2342 Ciceronem
1711 2308 1763 2353 (de
1785 2315 1862 2342 orat.
1878 2311 1918 2350 5,
1945 2310 1990 2342 10
2008 2310 2027 2340 f.
2051 2315 2084 2341 et

1136 2371 1212 2416 15),
1236 2371 1392 2404 Senecam
1410 2371 1517 2416 (epist.
1539 2373 1602 2412 583
1628 2385 1660 2416 p.
1678 2372 1761 2404 481.
1779 2384 1827 2416 ep.
1850 2372 1938 2411 1143
1958 2384 1990 2414 p.
2007 2371 2081 2403 649

1131 2433 1258 2478 Lips.),
1286 2433 1539 2475 Quinctilianum
1562 2435 1619 2478 (1,
1647 2435 1686 2474 6,
1714 2434 1780 2474 41,
1814 2446 1844 2477 p.
1867 2434 1946 2464 168.
1977 2433 2017 2473 2,
2042 2434 2081 2474 5,

1132 2497 1197 2536 213
1222 2508 1253 2539 p.
1264 2496 1336 2527 297
1354 2495 1493 2540 Spald.)‚
1514 2495 1712 2529 Mam-obium
1733 2495 1777 2538 (in
1801 2493 1959 2525 Saturnal.
1979 2494 2010 2534 1,
2032 2494 2081 2538 5),

1132 2559 1272 2593 Gellium
1291 2559 1368 2604 (11,
1395 2560 1445 2603 7),
1469 2565 1501 2591 et
1523 2572 1603 2604 quos
1623 2564 1786 2603 praeterea
1809 2557 1950 2588 laudavit
1970 2557 2007 2590 C.
2026 2558 2079 2591 Fr.

1129 2621 1334 2658 Hermannus
1355 2621 1408 2667 (ad
1427 2622 1505 2656 Luc.
1525 2622 1563 2655 de
1583 2621 1653 2655 hist.
1674 2631 1795 2653 conscr.
1819 2631 1850 2663 p.
1868 2618 1963 2661 289).
