2310 2860
665 143 864 186 Martiani
901 142 1101 199 Capellae
1140 143 1212 186 lib.
1237 143 1291 185 ΙΙ.
1330 144 1363 195 §.
1387 142 1485 184 142.

1998 149 2085 192 195

117 253 326 297 miracula
354 250 618 304 formidarit,
647 266 726 293 nec
755 251 850 307 igne
880 250 1034 292 usserit
1061 264 1181 303 eam,
1215 264 1298 292 nec
1326 250 1510 312 lympha
1541 257 1773 311 subluerit,
1801 273 1883 301 nec
1915 260 2085 302 animae

123 399 159 420 ua
179 387 290 421 sciolis
315 387 480 420 nonnullis
506 393 539 420 et
566 387 738 433 plurimum
765 387 828 420 sibi
854 385 1077 429 arrogantibus

116 450 248 491 dicitnr,
289 450 350 482 deo
387 463 459 483 csse
491 463 525 483 se
564 458 791 503 gnatos,'nee
825 450 883 481 sati
917 449 1076 481 obnoxios

115 512 260 555 legibus,
288 512 317 546 si
336 513 431 545 vitam
452 514 630 545 restrictius
648 513 782 556 egerint,
804 512 909 544 aulam
930 511 991 543 sibi
1006 511 1076 553 ejus

116 579 245 620 patere,
273 587 309 608 ac
333 581 408 620 post
430 576 566 608 hominis
590 576 801 615 functionem,
828 574 1018 619 prohibente
1041 584 1076 606 se

119 637 228 680 nullo,
253 643 405 683 tanquam
425 640 459 672 in
485 640 593 672 sedem
614 639 726 672 referri
752 638 896 683 patriam.
927 637 972 669 Et
988 637 1077 679 Magi

118 701 296 745 spondent,
319 702 596 734 commendaticias
614 702 731 734 habere
753 713 787 733 se
808 712 937 746 preces,
960 700 1076 745 quibus

118 765 280 797 emollitae
304 766 412 798 nescio
443 778 524 810 quae
550 771 726 810 potestates
750 766 818 798 vias
847 765 956 797 faciles
984 777 1076 809 prae·

116 827 215 859 heaut
240 828 280 860 ad
308 829 433 860 coelum
457 829 728 861 contendentibus
758 828 937 859 subvolare.
964 826 1075 871 Atque

117 891 255 924 Etruria
278 891 368 924 libris
392 893 426 925 in
452 892 678 926 Acheronticis
701 893 892 937 pollicetur,
917 897 1076 924 certorum

118 954 300 986 animalium
321 955 475 997 sanguiue
499 956 683 987 numinibus
715 955 809 987 certis
831 955 925 995 dato,
948 955 1076 986 diuinas

116 1018 241 1048 animas
259 1017 333 1060 sieri
351 1023 380 1049 et
400 1019 440 1050 ab
463 1019 584 1062 Ieyibus
605 1019 810 1050 mortalitatis
831 1018 951 1050 eduen«
984 1018 1077 1050 llaec

115 1077 188 1119 ille,
218 1091 278 1111 nee
306 1081 374 1111 sore
396 1092 588 1125 quemquam
609 1093 747 1122 censeo,
782 1081 837 1125 qui
866 1086 963 1122 neget
990 1081 1076 1113 Mar-

115 1142 202 1175 tiano
227 1144 311 1176 hune
336 1144 501 1188 popularis
526 1145 576 1177 sui
602 1145 710 1178 locum
734 1151 807 1177 ante
833 1146 946 1178 oculos
966 1145 1076 1178 fuisse.

116 1205 202 1239 Vide
231 1219 312 1251 quae
346 1207 440 1240 docte
466 1207 640 1252 disputavit
666 1207 826 1242 Malloi-us
856 1208 1004 1254 (Etr-isc.
1032 1207 1076 1242 II·

116 1281 146 1312 p.
168 1269 218 1301 27
240 1274 273 1300 ct
294 1270 361 1310 92,
389 1284 420 1303 n.
450 1271 521 1314 42).

194 1331 414 1377 Eumenidas]
442 1332 621 1365 Lucianum
648 1334 695 1378 (in
720 1345 863 1378 neeyom.
890 1334 949 1366 1-1,
973 1344 1005 1378 p.
1029 1333 1076 1364 14

116 1391 203 1437 Bip.)
222 1392 275 1425 hie
299 1394 443 1425 conferre
469 1406 585 1438 operae
612 1396 750 1439 pretium
774 1396 850 1436 erit,
880 1401 912 1426 et
929 1395 1076 1438 Porphy-

116 1454 198 1487 rium
226 1455 280 1500 (in
311 1454 407 1488 Stob.
432 1455 490 1488 ecl.
517 1457 555 1497 1,
584 1457 650 1497 52,
683 1457 743 1488 48.
772 1469 802 1501 p.
829 1457 922 1488 1051
949 1455 1076 1500 licen).

117 1518 293 1552 Recentior
320 1519 449 1563 quidem
481 1520 637 1564 scriptor,
675 1521 732 1552 scd
758 1520 822 1551 illis
849 1519 974 1564 placitis
1008 1531 1075 1552 om-

115 1580 193 1614 nino
216 1581 369 1622 imbutus,
389 1581 519 1613 Psellns
543 1582 605 1626 (ap.
622 1582 791 1615 Gallaeum
806 1581 839 1612 in
855 1582 971 1623 Sibyll.
991 1594 1073 1613 orac.

116 1642 251 1687 append.
269 1655 301 1687 p.
321 1643 421 1687 105):
442 1643 676 1675 »Subvcctores
698 1643 834 1683 angeli«,
853 1641 985 1684 »inquit,
1007 1641 1073 1672 ani-

114 1715 182 1737 mas
210 1717 227 1736 a
253 1705 355 1750 prima
382 1704 433 1736 sui
464 1704 587 1745 origiue
610 1708 760 1735 attractas
788 1703 828 1734 ad
854 1714 888 1734 se
916 1703 1073 1733 evehunt:

114 1771 226 1800 contra
261 1778 383 1810 poenae
420 1767 552 1797 ultrices
584 1765 733 1796 nimirum
766 1770 951 1796 naturarum
980 1764 1074 1795 nobis

114 1842 359 1871 concessarum,
395 1835 427 1861 et
463 1835 622 1861 tormenta
657 1830 867 1861 humanarum
901 1828 1075 1861 animarum

116 1892 334 1925 materialibus
348 1892 420 1924 illas
444 1892 608 1924 affectibus
626 1891 775 1923 irretiunt
801 1896 834 1923 et
849 1890 949 1939 ⁸quasi
970 1897 1073 1924 stran-

116 1956 258 2000 guitinus

191 2021 354 2054 Chaldaea
380 2018 559 2067 miracula]
594 2020 764 2053 Docebant
794 2019 879 2052 enim
907 2019 1075 2062 Chaldaei,

114 2084 312 2117 Eumenides
341 2085 408 2117 sive
432 2085 546 2117 Furias
573 2085 745 2118 infernales
764 2097 931 2118 occurrere
957 2085 1073 2116 anima-

117 2147 178 2182 bus
206 2161 325 2193 easque
350 2150 500 2182 cruciare.
520 2150 625 2182 Vuc.
641 2170 690 2176 —-
718 2149 812 2182 Unde
841 2150 920 2182 haec
948 2139 1075 2189 habeat,

115 2213 164 2245 vir
179 2213 292 2246 doetus
312 2225 378 2246 non
394 2213 552 2258 prodidit:
570 2214 716 2258 suspicor
728 2219 835 2245 tamen
849 2214 901 2245 vel
924 2225 941 2245 e
960 2213 1072 2244 Psello

89 2274 225 2307 'modo
246 2276 360 2318 allato,
398 2276 452 2308 vel
485 2288 503 2308 e
536 2276 714 2316 Pletlionc,
751 2276 807 2320 qui
840 2276 880 2308 ad
906 2275 1074 2308 Zoroastri

118 2339 244 2371 oracula
267 2340 313 2384 (in
335 2353 406 2385 app.
429 2352 478 2385 ap.
493 2340 663 2373 Gallaenm
682 2353 712 2384 p.
733 2339 818 2384 119)
844 2340 946 2372 addit:
972 2340 1074 2372 »Poe-

117 2414 178 2435 nae
205 2404 271 2436 sive
300 2404 428 2448 furiae,
456 2405 518 2436 hoe
541 2411 591 2436 est
609 2405 782 2437 daemones
806 2406 1002 2437 cruciatibus
1031 2407 1074 2437 1⁶1·-

116 2466 269 2510 roqandis
291 2465 461 2510 praefecti,
490 2463 685 2514 ἄγκτειραι
707 2467 890 2499 mortalium
913 2467 1074 2510 cognomi-

116 2529 185 2562 nari
214 2529 356 2573 possint:
382 2529 500 2574 quippe
539 2543 621 2574 quos
654 2543 673 2563 a
709 2531 794 2565 vitiis
830 2532 999 2565 deterritos
1034 2532 1073 2564 ad

118 2593 245 2627 honesti
260 2593 402 2639 rectique
425 2594 605 2638 cupidinem
626 2596 830 2630 accendant«
853 2597 981 2630 Pariter
996 2597 1073 2630 Plu-

1129 385 1258 419 tarchus
1286 387 1347 431 (de
1370 389 1452 422 facie
1482 390 1516 423 in
1541 390 1634 424 Luna
1659 405 1690 437 Ρ.
1717 393 1805 439 945)
1828 394 1868 427 de
1900 395 2084 429 animabus:

1133 450 1269 496 simpiae
1288 465 1408 496 poenas
1433 455 1624 497 flagitiorum
1648 457 1758 493 luunt.
1792 459 1863 503 piae
1885 459 2084 492 lustrationis

1127 524 1224 545 causa
1245 513 1278 546 in
1301 515 1383 547 aeris
1400 517 1571 560 purissima
1594 524 1683 562 parte
1708 519 1844 562 degunt,
1872 521 1987 553 deinde
2007 534 2084 566 qua·

1128 574 1156 607 si
1177 576 1291 607 exsilio
1306 578 1478 610 redeuntes
1497 577 1647 620 gaudium
1672 582 1868 623 degustant.-
1900 583 2085 616 Macrobius

1129 637 1224 669 etiam
1241 640 1353 682 (somn.
1373 638 1461 684 Seip.
1482 642 1514 682 1,
1537 642 1580 672 12
1598 641 1807 687 s.):»a11i1nau,
1829 644 1946 689 inquit,
1968 657 2084 689 »quum

1126 712 1239 734 rursus
1256 715 1275 735 e
1299 715 1448 748 corpore,
1479 705 1533 737 ubi
1558 708 1710 739 meruerit
1728 710 1917 751 contagione
1935 711 2085 743 vitiorum

1126 765 1256 810 penitus
1287 766 1414 798 elimata
1448 768 1593 811 purgari,
1625 770 1663 800 ad
1687 771 1837 814 perennis
1868 773 1952 804 ritae
1980 773 2086 805 lucem

1126 827 1274 858 restituta
1299 827 1331 859 in
1350 828 1509 870 integrum
1537 831 1733 862 revertitun«
1770 831 1892 876 Sapere
1913 835 1992 866 haee
2008 833 2083 865 Pla-

1127 888 1214 919 tonis
1244 889 1360 933 placita
1387 890 1521 934 quilibet
1549 892 1793 934 aniinadxertet,
1821 895 1875 938 qni
1900 896 1985 928 hune
2015 894 2083 939 phi-

1126 951 1298 996 losophum
1316 954 1362 998 (in
1378 954 1556 987 Phaedone
1577 969 1607 1000 p.
1627 956 1688 999 69)
1707 957 1831 1000 legerit.
1857 959 1956 989 Haud
1978 965 2085 991 tamen

1128 1014 1257 1046 silentio
1275 1017 1506 1059 praetereunda
1522 1017 1617 1049 lectio
1636 1018 1668 1050 in
1685 1018 1943 1062 Cantabrigiensi
1963 1020 2084 1061 codice,

1129 1079 1184 1123 qui
1206 1091 1265 1123 pro
1291 1080 1447 1113 Grotiano
1473 1083 1517 1113 ad
1547 1083 1676 1114 exhibet
1702 1090 1750 1124 ct,
1779 1096 1880 1128 caque
1909 1085 2085 1117 variatione

1127 1143 1326 1175 Eumenides
1361 1157 1378 1176 a
1410 1146 1583 1178 Chaldaeis
1610 1147 1769 1179 miraculis
1801 1148 1950 1190 sejungit.
1988 1149 2083 1192 Quae

1127 1205 1157 1237 si
1181 1206 1287 1238 verior
1318 1206 1415 1239 lectio
1446 1214 1512 1249 est,
1543 1215 1578 1240 ut
1606 1210 1748 1251 videtur,
1784 1210 1858 1253 quia
1885 1222 1960 1242 mox
1988 1213 2084 1243 mira-

1127 1269 1201 1301 cula
1222 1281 1293 1301 eum
1319 1269 1374 1301 illa
1395 1282 1435 1302 ex
1455 1271 1592 1303 oraculis
1613 1272 1711 1315 petita
1734 1272 1996 1317 interpretatione
2019 1285 2085 1305 non

1126 1332 1295 1373 couvenit3
1335 1332 1499 1376 equidem,
1530 1334 1718 1377 pracsertim
1748 1347 1846 1378 quum
1868 1335 1921 1366 hie
1947 1335 1986 1366 de
2011 1337 2083 1367 sub-

1126 1395 1271 1425 vehenda
1290 1396 1325 1425 in
1342 1396 1462 1426 coelum
1479 1395 1663 1437 Philologia
1687 1402 1816 1437 agatur,
1842 1396 1880 1427 de
1904 1396 1961 1428 illo
1986 1396 2083 1429 Chal-

1126 1455 1218 1487 daico
1250 1458 1404 1488 miraculo
1432 1457 1588 1497 cogitavi,
1616 1456 1703 1498 quod
1737 1457 1888 1489 Julianus
1911 1459 2084 1503 imperator

1127 1519 1219 1562 (orat.
1241 1520 1274 1550 5.
1295 1532 1326 1563 p.
1348 1521 1418 1550 178
1437 1517 1539 1562 oper.)
1564 1518 1684 1550 innuit:
1708 1519 1800 1551 »Jam
1821 1532 1897 1552 vero
1915 1521 1943 1552 si
1961 1534 2084 1556 areana

1126 1581 1181 1610 illa
1206 1586 1239 1610 et
1264 1582 1397 1621 mystica
1422 1580 1575 1623 persequi
1603 1580 1712 1621 velim,
1743 1594 1825 1625 quae
1852 1582 1936 1615 eirea
1959 1590 2083 1628 septem

1125 1642 1223 1673 radiis
1246 1643 1404 1684 insignem
1426 1643 1522 1674 deum
1547 1644 1729 1675 Chaldaeus
1754 1646 1941 1688 celebravit,
1967 1654 2002 1678 ut
2025 1660 2083 1692 per

1125 1705 1217 1738 illum
1242 1708 1369 1738 animas
1397 1708 1432 1738 in
1455 1707 1590 1738 sublime
1611 1709 1784 1751 provehat,
1820 1709 1955 1741 obseura
1986 1724 2082 1754 quae-

1126 1771 1199 1803 dam
1220 1771 1370 1815 eloquar,
1394 1771 1478 1803 etin
1504 1772 1620 1814 vulgus
1640 1772 1775 1804 maxime
1800 1773 1927 1815 ignota,
1956 1777 2082 1808 tametsi

1124 1833 1228 1866 beatis
1248 1833 1312 1865 illis
1336 1834 1538 1875 hominibus,
1560 1834 1616 1878 qui
1636 1835 1808 1877 theurgicis
1830 1837 1928 1868 sacris
1949 1849 2080 1882 operan-

1125 1902 1195 1937 tur,
1225 1896 1325 1940 probe
1352 1896 1416 1928 sint
1437 1897 1590 1939 cognitam

1195 1957 1394 2005 formidarit]
1419 1959 1486 1991 Pro
1501 1959 1690 2003 fomnidavit
1711 1960 1882 2002 Hugiauus
1906 1960 2018 2003 codex,
2049 1968 2082 1994 et

1125 2021 1208 2054 infra
1242 2025 1438 2055 consecrarit
1471 2034 1530 2067 pro
1562 2025 1761 2056 consecravit
1787 2024 2080 2067 Cantabrigiensis,

1125 2087 1255 2118 omuino
1280 2087 1410 2119 rectius.

1200 2148 1330 2195 usserit]
1356 2149 1565 2192 subintelligi
1588 2150 1714 2182 videtur
1738 2152 1865 2184 Vedius
1886 2164 1958 2184 cum
1978 2163 2079 2185 uxore

1125 2212 1214 2256 quod
1244 2212 1340 2249 modo
1374 2212 1507 2245 dixerat.
1536 2213 1640 2245 Gno'r.
1666 2234 1714 2239 —
1750 2214 1872 2246 Procul
1904 2214 1988 2246 absit
2016 2214 2078 2246 ista

1123 2276 1353 2321 interpretatio.
1384 2276 1584 2322 Apotheosis
1609 2278 1734 2322 potius,
1763 2291 1858 2322 quam
1883 2278 2078 2310 Athanasiae

1125 2344 1258 2370 matrem
1284 2351 1356 2371 esse
1380 2338 1525 2384 (§.140)
1547 2340 1681 2382 scimus,
1713 2341 1920 2383 intelligenda
1941 2346 2000 2381 est,
2025 2340 2077 2371 cui

1125 2400 1243 2444 gratias
1264 2401 1448 2443 Philologia
1471 2402 1552 2444 agit,
1583 2403 1670 2446 quod
1692 2403 1762 2444 ejus
1780 2403 1897 2434 auxilio
1926 2403 1995 2445 ipsa
2020 2413 2074 2432 ne-

1126 2476 1188 2509 que
1205 2483 1254 2487 —
1275 2465 1494 2509 conspexerit,
1521 2477 1686 2509 neque—
1700 2465 1888 2504 formidarit,
1915 2475 2018 2506 neque
2039 2475 2075 2495 se

1125 2528 1181 2560 illa
1198 2529 1326 2570 usserit,
1345 2541 1405 2561 nee
1427 2529 1592 2561 subluerit.
1618 2529 1762 2562 Verbum
1787 2527 1866 2559 illud
1887 2539 1980 2559 urere
1995 2527 2074 2560 adeo

1125 2593 1228 2627 fmmli
1257 2599 1325 2627 erat
1354 2594 1448 2627 docto
1468 2593 1600 2636 juveni,
1622 2599 1657 2624 ut
1687 2593 1726 2624 ad
1751 2603 1859 2624 orcum
1884 2597 2005 2624 tantum
2026 2604 2073 2623 re-

1625 2655 1672 2686 25
