2310 2860
669 140 868 182 Martiani
900 140 1099 197 Capellae
1130 140 1202 182 lib.
1229 140 1304 182 VI.
1336 143 1366 194 ᾗ.
1389 141 1489 183 662.

1959 149 2045 190 5ss

95 249 216 289 totius
246 246 552 302 longitudinem
577 246 736 287 habere
767 248 954 302 sexagies
986 257 1048 288 ter
1078 248 1243 303 triginta
1274 258 1434 304 septem
1476 249 1607 291 millia
1646 266 1881 308 passusque
1919 254 2047 309 quin-

92 338 248 384 gentos.
306 330 446 370 Hister
471 327 628 369 fluvius
661 336 776 367 ortus
808 328 850 367 in
882 327 1114 369 Germania
1145 328 1197 368 de
1230 330 1452 371 cacumine
1476 331 1628 372 montis
1653 333 1705 374 ad
1734 349 1889 375 novem
1922 349 2047 377 sexa-

92 410 203 465 ginta
231 424 376 451 amnes
403 424 620 451 assumens
651 408 774 448 etiam
803 408 1032 448 Danubius
1063 408 1282 450 vocitatur.
1344 410 1512 451 Dehinc
1536 411 1632 452 litus
1666 413 1915 468 Scythicum
1949 431 2051 457 con-
2082 416 2173 458 665

92 489 248 531 fertum
293 491 516 546 multiplici
554 490 795 531 diversitate
842 489 1093 542 Barbariea,
1149 505 1251 531 nam
1292 491 1376 531 illie
1415 493 1570 543 Getae,
1624 494 1750 545 Daci,
1806 497 2048 550 Sarmatae,

92 572 342 623 Amaxobii,
392 571 698 626 Troglodytae,
753 570 899 621 Alani,
947 572 1294 628 Germaniaeque
1333 574 1470 614 omnis
1502 584 1668 616 tractus.
1724 577 1790 616 Ab
1823 579 1962 619 Histro
1996 580 2050 620 ad

93 653 316 694 Oceanum
348 654 411 694 bis
441 653 577 693 decies
603 661 771 693 centum
798 651 983 692 millium
1017 668 1221 707 passuum
1255 665 1337 706 est,
1380 656 1423 696 in
1454 656 1671 697 latitudine
1707 658 1895 701 millibus
1938 675 2048 715 qua—

91 733 320 789 dringentis
344 749 483 789 usque
507 734 560 775 ad
584 733 813 774 Armeniae
844 733 1100 774 solitudines.
1134 735 1226 775 Nec
1257 735 1406 790 procul
1438 735 1621 787 fluvius,
1656 738 1794 788 laem,
1825 740 2049 794 oppidum,

91 814 173 854 suh
204 829 291 855 uno
330 825 480 856 cuneta
519 819 691 855 nomine
729 814 1038 869 Borysthenes,
1084 825 1257 871 propter
1295 817 1470 858 Achillis
1509 818 1691 860 insulam
1725 820 1815 874 ejus
1852 823 2049 877 sepulcro

92 897 364 938 celebratam.
443 897 656 938 Introrsus
696 895 854 951 degunt
891 896 1132 946 Auchetae,

1195 897 1309 950 apud
1353 913 1460 953 quos
1505 900 1698 954 Hypanis
1742 902 1951 954 nascitur,
2011 913 2051 944 et

87 977 282 1028 Neurae,
346 977 459 1033 apud
507 992 613 1032 quos
659 976 962 1031 Borysthenes;
1016 977 1189 1030 Geloni,
1232 980 1481 1036 Agathyrsi,
1526 982 1898 1039 Anthropophagi,
1948 993 1987 1024 et
2025 999 2050 1025 a

87 1067 202 1113 tergo
242 1073 390 1099 eorum
434 1058 670 1112 Arimaspi;
724 1067 824 1097 tunc
863 1057 1044 1111 Riphaei
1087 1071 1270 1112 montes,
1321 1072 1360 1103 et
1405 1064 1519 1118 regio
1560 1064 1834 1119 caligantibus
1865 1066 2048 1107 tenebris

85 1139 343 1179 inumbrata.
412 1139 511 1178 Post
550 1137 721 1178 eosdem
759 1146 923 1177 montes
968 1147 1081 1180 trans
1133 1142 1393 1195 Aquilonem
1439 1143 1733 1198 Hyperborei,
1793 1146 1907 1200 apud
1946 1160 2054 1200 quos
2083 1143 2170 1184 664

85 1220 238 1261 mundi
264 1221 351 1261 axis
379 1220 578 1261 continua
602 1220 787 1262 motione
810 1229 1051 1274 torquetur,
1083 1235 1184 1275 gens
1210 1221 1416 1271 moribus,
1448 1222 1688 1276 prolixitate
1716 1224 1840 1275 vitae,
1867 1225 2051 1267 deorum

85 1300 226 1350 cultu,
280 1301 388 1340 a'eriS
428 1301 676 1350 elementia,
725 1301 916 1340 semestri
949 1300 1040 1351 die,
1093 1300 1175 1340 fine
1220 1301 1345 1341 etiam
1378 1301 1645 1342 habitationis
1677 1302 1894 1344 humanae
1925 1320 2052 1360 prae-

85 1378 278 1420 dicanda.
335 1380 504 1420 Verum
537 1379 790 1429 Sarmatiae,
823 1379 1040 1434 Scythiae,
1071 1379 1283 1420 Tauricae
1315 1389 1471 1420 tractus
1506 1382 1548 1421 in
1579 1382 1886 1437 longitudinem
1919 1386 2049 1426 habet

792 1459 1012 1499 latitudine
1057 1459 1318 1513 septingenta
1357 1458 1518 1500 decem.

87 1460 219 1500 millia
256 1469 466 1514 nongenta
509 1459 736 1514 octoginta,
1580 1460 1675 1501 Jam
1707 1462 1766 1502 nil
1796 1463 1839 1503 in
1869 1464 2047 1520 Europa

87 1540 260 1580 aestimo
291 1540 646 1593 memorandum,
689 1539 893 1595 quoniam
927 1549 966 1580 et
996 1539 1297 1594 Hyperboreos
1328 1539 1408 1579 sibi
1438 1539 1537 1580 Asia
1569 1539 1811 1582 vindicavit.

158 1693 202 1723 ml
222 1691 347 1738 novem]
375 1693 496 1725 Procul
519 1692 616 1724 dubio
638 1692 808 1734 legendum
824 1691 978 1723 Abnobae
1001 1702 1041 1722 ex
1091 1691 1151 1723 liae
1173 1690 1296 1731 insula,
1324 1703 1405 1735 qnae
1429 1697 1461 1723 et
1484 1693 1589 1725 Leuce
1617 1698 1649 1724 et
1671 1705 1787 1726 cursus
1814 1696 1953 1728 Achillis
1985 1697 2050 1729 sive

84 1754 304 1786 emendatione
327 1754 478 1787 Salmasii
501 1755 555 1798 (ad
574 1754 677 1786 Solin.
694 1767 725 1798 p.
745 1754 844 1796 1813),
870 1754 928 1784 scd
955 1753 1040 1785 codi-

84 1826 157 1847 cum
187 1816 406 1848 auctoritatem
432 1816 572 1859 requiro.
612 1817 662 1847 De
690 1815 830 1847 Abnoba
857 1822 889 1846 et
910 1815 1040 1846 Tacitus

84 1876 249 1921 (German.
264 1877 298 1920 l)
314 1877 500 1908 »Danubius
513 1877 602 1908 molli
618 1884 651 1908 et
666 1877 839 1908 clementer
854 1876 940 1907 edito
952 1888 1040 1907 mon-

82 1938 124 1969 tis
145 1937 305 1970 Abnobae
319 1938 400 1979 jugo
427 1940 563 1969 effusus«
586 1943 645 1969 cet.
669 1938 851 1980 Sea-assium
864 1938 1041 1980 fluviorum

83 2011 250 2031 numerum
266 1999 456 2031 Ammianus
469 2000 547 2044 (22,
567 2001 606 2039 83
624 1999 735 2042 p.254
748 1998 856 2041 Lind.)
866 1999 1039 2030 confirmat.

157 2065 293 2096 Achillis
321 2062 481 2108 insulam]
520 2060 738 2107 Ἀχιλλεὶαν
771 2068 896 2094 vocant.
925 2063 1039 2106 Pomp.

83 2127 121 2158 L.
136 2127 168 2158 2.
195 2128 333 2170 Propter
353 2133 458 2158 antem
478 2127 529 2159 bic
546 2132 595 2158 est
607 2128 718 2171 juxta.
733 2128 837 2159 GnoT.
849 2145 896 2150 -—
919 2126 1041 2158 Confer

83 2190 276 2222 Pausaniam
302 2191 360 2234 (5,
395 2192 459 2231 19,
500 2191 579 2233 ll),
620 2191 760 2222 Plinium
787 2191 840 2234 (43,
870 2191 932 2231 12,
958 2191 1038 2233 26),

83 2251 286 2284 Amniianum
318 2254 396 2295 (22,
424 2255 463 2293 83
490 2266 520 2297 p.
542 2255 628 2287 555.
654 2255 724 2286 541
752 2253 883 2297 G1·on.),
915 2253 1037 2296 Diony-

84 2314 165 2345 sium
203 2313 336 2357 (perieg.
370 2314 476 2357 545),
510 2315 698 2359 Euripidem
724 2315 898 2359 (Androm.
925 2316 1039 2356 1260,

82 2375 151 2420 Ipli.
177 2376 272 2406 Taur.
293 2374 401 2417 456),
431 2375 604 2408 Maximum
629 2377 761 2420 Tyrium
782 2378 860 2421 (15,
889 2380 922 2418 73
950 2378 987 2409 T.
1011 2378 1038 2419 1,

82 2453 112 2484 p.
127 2440 196 2471 281
217 2439 357 2481 miska),
379 2438 610 2471 Philostratum
625 2442 754 2484 (heroic.
770 2455 800 2486 p.
814 2443 915 2486 745),
941 2455 1037 2487 quos-

1091 1755 1233 1787 stadium
1258 1755 1495 1799 appellabatur,
1524 1756 1790 1789 dissertationem.

1164 1817 1314 1863 Rem-ae]
1350 1818 1419 1849 Alii
1450 1819 1586 1860 ZVeutri,
1622 1819 1694 1862 lege
1728 1822 1845 1854 Neam:
1882 1822 1922 1855 In
1953 1824 2051 1856 Plinii

1091 1884 1197 1911 tamen
1211 1880 1375 1911 codicibus
1398 1881 1530 1912 lVeurae
1554 1881 1711 1914 invenio.«
1728 1882 1832 1915 Gnor.
1847 1902 1894 1908 —
1918 1886 2053 1918 Retinui

1093 1943 1294 1987 antiquarum
1324 1943 1497 1974 editionum
1529 1943 1716 1986 lectionem,
1757 1958 1829 1978 nam
1859 1949 1943 1991 apud
1969 1949 2052 1981 Gro-

1094 2004 1174 2035 tium
1196 2005 1282 2036 haud
1306 2004 1372 2035 scio
1397 2016 1437 2034 an
1463 2016 1569 2037 errore
1587 2006 1735 2038 Noun-ae
1753 2014 1829 2039 erat.
1858 2009 2052 2053 Quanquam

1091 2079 1157 2099 non
1183 2068 1287 2099 solum
1310 2067 1417 2099 Plinio
1443 2068 1499 2099 sed
1524 2074 1556 2099 et
1575 2069 1734 2113 Dionysio
1760 2071 1806 2114 (in
1827 2073 1946 2115 perieg.
1963 2073 2052 2116 510)

1090 2131 1186 2162 iidem
1210 2137 1285 2163 sunt
1304 2130 1466 2177 INTEQJQOL',
1489 2132 1606 2164 R'euri.
1632 2133 1716 2165 Mela
1734 2134 1786 2177 (2,
1807 2135 1844 2175 1,
1867 2136 1932 2176 903
1957 2149 1987 2180 p.
2003 2138 2049 2167 28

1090 2191 1219 2235 Voss.):
1249 2192 1384 2224 »Neuris
1416 2198 1532 2225 statum
1564 2194 1698 2235 singulis
1728 2201 1854 2239 tempus
1883 2202 1946 2237 est,
1974 2209 2048 2240 quo,

1091 2255 1118 2287 si
1150 2255 1265 2296 velint,
1299 2255 1333 2287 in
1359 2256 1470 2299 lupos,
1507 2256 1686 2301 iterumque
1712 2258 1746 2289 in
1779 2270 1835 2290 eos
1873 2259 1927 2303 qui
1961 2260 2048 2291 suere

1090 2324 1290 2359 mutentur«;
1315 2318 1369 2350 ubi
1392 2318 1463 2350 vide
1489 2320 1643 2352 Vossinm
1668 2321 1711 2364 (p.
1732 2320 1825 2364 115).

1118 2412 1121 2413 γ
1165 2384 1369 2426 septirzqerzta
1391 2381 1516 2428 decem]
1542 2383 1669 2415 Plinius
1690 2383 1892 2416 DCCXWI.
1911 2383 2046 2416 Grotius

1089 2445 1222 2486 margini
1241 2444 1424 2489 adscripsit:
1449 2446 1508 2480 »aL
1527 2446 1654 2478 additur
1677 2453 1766 2486 octo,
1791 2447 1829 2477 al.
1849 2448 2038 2490 omoynum«

83 2513 145 2546 que
166 2500 273 2532 laudat
294 2501 520 2532 Baclnnannus
543 2501 596 2546 (ad
618 2502 777 2547 Lycophr.
804 2506 890 2545 188,
913 2518 943 2549 p.
960 2506 1033 2550 55),
1083 2508 1153 2540 Nos
1174 2520 1246 2540 cum
1267 2508 1375 2540 Plinio
1392 2508 1542 2541 dicimus:
1568 2521 1645 2551 nego
1671 2509 1824 2543 incertam
1845 2509 1880 2544 in
1898 2511 1958 2545 hac
1982 2517 2043 2544 ter-

84 2565 226 2609 inp1·imis
262 2570 367 2598 antem
397 2570 557 2599 recentem
598 2565 775 2602 doctissimi
805 2568 961 2604 Roehleri
993 2569 1033 2602 de
1083 2584 1189 2605 rarum
1214 2577 1306 2619 parte
1327 2585 1508 2609 mensuram
1531 2573 1694 2608 arbitron«
