2310 2860
685 141 885 183 Martiani
916 142 1114 198 Capellae
1145 141 1215 182 lib.
1241 142 1336 184 VII.
1376 144 1409 194 §.
1440 143 1539 185 754.
2004 148 2092 190 605

135 248 288 290 faciant
318 258 357 289 et
387 263 563 290 normae
593 249 911 290 similitudinem
944 258 1270 305 repraesentent.
1328 249 1460 304 Igitur
1491 251 1523 291 si
1558 251 1600 291 iu
1634 251 1812 293 alterum
1841 252 1949 294 latus
1983 269 2091 309 qua—

134 337 243 380 tuor,
277 330 319 369 in
347 330 529 370 alterum
555 332 632 371 tria
657 331 953 385 porriguntur,
985 330 1029 370 hi
1052 330 1138 370 duo
1164 331 1333 372 numeri
1358 332 1446 386 lege
1472 348 1620 373 eorum
1648 334 1871 375 duodecim
1905 336 2090 391 capiunt,

133 410 401 466 planumque
427 427 527 452 eum
553 427 784 453 numerum
812 412 1042 452 nominant.
1101 412 1155 452 At
1187 413 1504 455 crassitudinem
1531 416 1647 468 ajunt
1678 432 1698 457 a
1725 418 1858 458 tribus
1884 418 2088 459 numeris.

133 491 222 531 Sint
251 491 294 531 in
326 492 505 532 alterum
546 501 646 547 puta
691 492 799 532 latus
838 501 1044 546 quatuor,
1098 494 1140 533 in
1181 494 1360 535 alterum
1403 496 1500 546 tria,
1550 511 1679 552 supra
1715 498 1865 539 deinde
1902 510 2088 554 quatuor

133 572 400 626 adjiciuntur.
460 575 534 614 His
562 574 752 615 numeris
777 573 1037 614 altitudinem
1063 589 1238 629 quoque
1269 591 1398 632 super
1422 577 1666 619 inferiorem
1693 595 1888 621 normam
1917 581 2084 636 impleri

130 653 296 706 dicunt,
350 656 597 711 includique
645 656 789 711 viginti
839 665 1036 710 quatuor.
1114 656 1161 695 In
1213 656 1369 710 quibus
1420 657 1672 699 obscuritate
1723 676 1773 700 ex
1814 676 2082 716 supervacuo

129 737 317 789 quaesita
350 736 710 777 evidentissimum
744 745 803 775 est
829 735 1003 790 planum
1038 750 1125 775 esse
1155 751 1385 778 numerum
1418 741 1475 778 sic
1504 739 1676 794 singulis
1703 742 1875 793 junctis,
1908 760 1959 784 ne
1983 743 2087 799 quid

129 832 257 872 super
284 819 462 859 alterum
491 819 560 867 sit,
593 817 912 858 crassitudinem
943 815 1034 856 fiori
1067 818 1257 858 numeris
1292 833 1421 873 super
1454 834 1683 860 numerum
1713 821 1930 876 impositis.
1992 824 2087 878 Ipsa

129 909 270 941 autem
316 901 505 956 planities
547 901 686 942 varias
734 901 892 941 formas
937 899 1083 950 habet,
1139 900 1328 939 numeris
1375 899 1427 940 ad
1473 900 1792 941 similitudinem
1842 903 2085 958 aliquarum

129 980 361 1035 figurarum
406 981 626 1032 ordinatis3
669 996 781 1035 quae
821 980 1027 1035 incipiunt
1059 995 1080 1020 a
1117 979 1247 1029 linea,
1295 989 1384 1019 tum
1425 981 1490 1020 vel
1523 982 1756 1036 triangulae
1789 982 1913 1035 liunt,
1957 996 2085 1041 atque

125 1076 221 1111 eae,
263 1077 375 1117 quae
407 1073 592 1116 quatuor
625 1063 799 1116 angulos
832 1062 1010 1111 habent,
1056 1060 1122 1101 vel
1156 1059 1390 1114 quadratae
1421 1070 1538 1109 sunt,
1578 1061 1646 1101 vel
1679 1063 1807 1104 altera
1841 1075 1959 1119 parte
1991 1066 2085 1107 lou—

1269 1150 1488 1194 praeterea
1537 1142 1679 1195 plures
1723 1158 1897 1198 quoque.
1944 1147 2084 1200 anguli

121 1141 276 1196 giores,
334 1156 440 1195 quas
482 1140 724 1188 ἑτερομήκεις
768 1142 920 1181 Graeci
972 1140 1209 1194 appellant3

120 1230 295 1277 possunt
331 1221 545 1262 interdum
580 1231 618 1262 et
649 1221 890 1276 inaequalia
922 1221 1091 1261 numeri
1124 1222 1254 1262 latera
1287 1237 1396 1274 esse;
1456 1232 1494 1263 et
1528 1238 1664 1276 quun]
1698 1224 1850 1266 deinde
1883 1227 2083 1267 crassitu-

122 1300 264 1342 dinem
295 1301 505 1355 insurgat,
548 1301 792 1356 figurasque
829 1302 972 1356 plures
1005 1302 1177 1353 efficiat,
1222 1313 1374 1345 tessera
1417 1305 1718 1360 perfectissima
1759 1323 1846 1349 esse
1876 1310 1983 1351 inter
2015 1324 2083 1351 eas

120 1380 303 1421 videtur.
354 1382 425 1421 Est
456 1390 597 1421 autem
632 1381 865 1436 triangulus
898 1382 937 1421 in
969 1383 1233 1436 paucissimis
1267 1385 1415 1434 tribus,
1449 1386 1710 1439 quadratum
1743 1389 1784 1429 in
1818 1391 2081 1444 paucissimis

120 1472 327 1518 quatuor3
371 1462 412 1503 id
445 1472 586 1503 autem
621 1462 737 1517 quod
770 1463 950 1518 imparia
982 1464 1114 1506 latera
1146 1465 1287 1516 habet,
1319 1467 1360 1506 in
1396 1468 1661 1522 paucissimis
1695 1471 1909 1525 quinque,
1952 1473 2079 1514 altera

117 1554 236 1601 parte
267 1545 431 1599 longius
465 1543 812 1599 quadrangulum
847 1544 887 1584 in
921 1547 1187 1599 paucissimis
1220 1562 1313 1598 sex;
1345 1548 1577 1588 crassitudo
1609 1548 1732 1600 item,
1765 1565 1876 1605 quae
1909 1562 2079 1604 tessera,

117 1626 157 1665 in
190 1625 457 1680 paucissimis
497 1634 601 1664 oeto.
662 1625 776 1665 Nam
816 1625 902 1665 duo
943 1625 1179 1680 simplicem
1223 1626 1417 1666 ordinem
1460 1627 1640 1679 saeiunt3
1682 1639 1762 1669 tres
1794 1631 1850 1670 sic
1883 1634 2080 1687 componi

118 1715 310 1761 possunt,
367 1714 414 1745 ut
444 1705 618 1745 totidem
660 1705 836 1760 angulos
874 1706 1078 1756 habeant3
1129 1714 1314 1760 quatuor
1354 1708 1395 1746 in
1428 1706 1644 1759 quadrum
1680 1710 1798 1763 positi
1831 1711 1872 1751 in
1906 1727 2077 1754 omnem

116 1796 279 1841 partem
314 1786 431 1826 binos
459 1786 636 1838 habent3
669 1786 863 1841 quinque
895 1787 953 1826 sic
979 1787 1251 1842 colligantur,
1287 1797 1332 1827 ut
1359 1788 1399 1827 in
1429 1788 1558 1829 altero
1583 1789 1713 1831 latere
1737 1791 1846 1842 dim,
1877 1793 1918 1833 in
1951 1794 2081 1836 altero

189 1888 223 1913 at
234 1880 491 1926 crassitudinem]
504 1881 690 1913 Variantem
701 1881 873 1912 lectionem
888 1881 919 1911 in
933 1881 1073 1922 margine
1127 1883 1165 1913 de
1182 1882 1427 1923 triangularibus
1448 1883 1498 1913 vel
1517 1883 1679 1927 quadratis
1694 1885 1884 1928 ceterisque,
1907 1899 1990 1930 quos
2012 1889 2081 1922 sola

116 1943 250 1976 Grotius
270 1942 404 1973 notavit:
429 1942 485 1973 »ad
509 1941 750 1973 crassitudinem
768 1941 912 1982 junctam
929 1948 993 1973 tres
1016 1955 1072 1973 nu..
1124 1944 1236 1987 pandit
1261 1944 1356 1987 plana
1383 1943 1564 1976 dimensio.«
1605 1945 1701 1978 Adde
1724 1947 1951 1980 Nicomachum
1972 1950 2079 1995 (gn-iu..

114 2006 192 2040 meri
208 2006 285 2037 sint:
301 2005 334 2036 in
347 2005 495 2036 alterumn
508 2010 578 2044 etc.,
600 2005 656 2036 sed
670 2004 797 2046 vulgata
816 2011 900 2037 reete
914 2018 947 2037 se
967 2006 1070 2037 habet.

188 2082 230 2101 ex
245 2067 462 2113 supervacuo]
489 2069 554 2099 Pro
577 2075 607 2100 et
627 2080 825 2112 supervacuo
848 2069 882 2100 iu
906 2069 999 2101 editis
1022 2081 1070 2101 re-

113 2133 206 2177 posui
230 2146 246 2165 e
274 2133 383 2165 codiee
406 2132 592 2164 Monacensi
611 2132 676 2175 (C).

189 2208 270 2243 quae
296 2194 467 2239 incipiunt]
495 2195 580 2226 Male
605 2195 638 2226 in
661 2195 754 2227 editis
781 2195 845 2227 sie:
869 2208 966 2240 »quas
992 2197 1068 2229 inei-

113 2256 214 2300 piunt.
241 2256 334 2287 Aliae
357 2257 451 2288 etiam
475 2256 524 2288 vel
551 2256 727 2298 triangulae
753 2257 869 2297 fiuntm,
897 2270 978 2302 quae
999 2271 1067 2289 eor-

113 2319 182 2352 rexi
206 2332 224 2351 e
252 2319 391 2361 margine
419 2320 590 2361 Gratiana,
617 2320 781 2353 codicibus
805 2322 994 2354 monacensi
1011 2322 1067 2366 (C)

114 2388 145 2415 et
170 2382 419 2414 Darmstattensi
443 2383 720 2426 adstipulantibus.
756 2385 930 2416 Boethius:
954 2386 1066 2418 »Nunc

113 2453 217 2478 autem
251 2446 344 2478 nobis
378 2446 418 2477 de
447 2446 496 2476 his
529 2448 669 2479 numeris
702 2460 806 2481 sermo
839 2449 964 2480 futurus
999 2455 1064 2490 est,

111 2510 166 2553 qui
195 2509 277 2542 eirea
305 2510 422 2551 figuras
450 2511 657 2550 geometricas
687 2517 719 2543 et
749 2525 855 2544 earum
887 2513 989 2557 spatia
1017 2513 1062 2545 di-

111 2572 357 2616 mensionesque
391 2576 572 2613 versantur,
609 2571 641 2604 id
671 2578 721 2604 est
749 2574 788 2606 de
821 2575 996 2607 linearibus
1030 2581 1062 2607 et

1123 2014 1197 2039 met.
1214 2008 1253 2047 2,
1282 2008 1327 2049 6).

1200 2066 1459 2117 ἑτερομήκεις]
1495 2071 1544 2103 Ita
1572 2073 1698 2105 codices
1731 2074 1937 2108 Monacensis
1959 2076 2016 2121 (A)
2047 2084 2078 2109 et.

1121 2134 1397 2166 Reielienauensis
1426 2147 1483 2179 pro
1512 2143 1662 2180 corrupto
1694 2138 1726 2169 in
1758 2139 1853 2170 editis
1887 2138 2077 2187 ἑπαρομή-

1121 2209 1208 2236 κεις.
1245 2198 1379 2229 Rectius
1412 2210 1507 2241 supra
1534 2197 1574 2242 (ξ.
1593 2200 1688 2243 712).
1712 2200 1763 2231 De
1786 2202 1848 2232 hoe
1873 2215 2074 2234 munerorum

1120 2270 1236 2300 genere
1261 2259 1332 2290 vide
1360 2260 1524 2290 Thoonem
1550 2261 1627 2303 (15,
1660 2273 1690 2304 p.
1708 2261 1770 2304 59)
1793 2268 1824 2293 et
1845 2263 2073 2295 Nicomachum

1118 2321 1172 2364 (2,
1197 2321 1256 2363 17)
1278 2333 1348 2352 eum
1370 2327 1445 2352 nota
1472 2321 1559 2352 Astii
1578 2322 1621 2365 (p.
1639 2322 1736 2365 295).

1202 2385 1316 2416 deinde
1346 2385 1611 2430 erassitudinem]
1639 2387 1725 2427 Lege
1756 2388 1791 2417 in
1814 2389 2070 2420 erassitudinem.

1117 2446 1277 2479 Gnor.—
1298 2447 1348 2477 Ne
1370 2447 1524 2488 corrigas!
1549 2447 1649 2478 Afros
1668 2448 1797 2478 verbum
1813 2450 1980 2491 insui-fiere
1997 2463 2068 2481 eum

1116 2514 1228 2551 quarto
1253 2520 1329 2539 casu
1352 2508 1420 2539 siue
1442 2509 1679 2553 praepositione
1705 2520 1874 2552 usurpasse
1903 2511 1992 2542 testis
2019 2518 2068 2544 est

1113 2572 1295 2616 Appulejus
1321 2573 1406 2617 (met.
1429 2574 1465 2613 15
1491 2586 1521 2618 p.
1542 2574 1588 2605 17
1611 2570 1783 2614 Oudend.).

2151 824 2210 865 05
