2310 2860
87 963 174 1005 488

208 172 298 216 426

207 282 333 322 Item:
355 276 444 328 „Ut
473 287 597 330 saepe
628 272 822 314 homines
856 272 966 327 aegri
999 270 1151 312 morbo
1185 271 1328 326 gravi,
1373 285 1509 326 quum
1543 280 1660 312 aestu
1697 271 1892 328 febrique
1918 276 2154 328 jaetantur“

779 164 982 207 Martiani
1012 163 1212 220 Capellae
1241 162 1312 206 lib.
1335 162 1392 206 V.
1421 164 1452 215 ᾗ.
1471 162 1572 205 487.

208 373 281 403 ete.
339 358 448 400 Huic
485 354 780 398 dissimilitudo
821 352 1030 394 contraria
1070 361 1149 402 est,
1190 366 1302 406 quae
1341 368 1366 395 a
1401 354 1609 397 Cicerone,
1634 354 1868 396 differentia
1899 358 2154 413 nominatur,

208 455 323 497 quae
348 453 415 480 res
449 438 557 478 inter
585 452 629 477 se
659 436 869 485 diversas,
911 449 995 475 non
1034 433 1254 485 adversaS,
1292 434 1490 487 ostendit,
1533 435 1654 489 cujus
1685 435 1833 476 Cicero
1865 436 1981 491 ponit
2010 449 2155 479 exem-

206 523 325 579 plum
358 520 400 560 in
431 518 633 559 Verrem:
665 515 777 567 „Sed
814 524 861 556 tu
897 513 1012 555 idem
1050 514 1196 555 fecisse
1236 515 1315 556 eris
1356 515 1680 566 existimandus,
1731 515 1764 556 si
1804 515 1955 556 eodem
1986 516 2154 557 consilio

207 600 377 642 fecisti.“
436 599 527 639 Hoc
562 606 601 637 et
631 597 673 637 in
704 596 892 652 personis
932 595 1185 647 ostenditur,
1224 606 1264 638 et
1293 597 1337 637 in
1365 596 1519 647 rebus,
1565 596 1676 637 etin
1705 596 1991 652 temporibus,
2039 605 2079 637 et
2114 596 2155 638 in

207 680 328 731 locis,
376 687 415 719 et
444 678 486 718 in
522 677 630 728 aliis,
674 691 785 732 quae
818 690 934 717 nunc
964 690 1207 718 memorare
1237 677 1531 734 longissimum
1565 686 1635 718 est.

964 846 1002 888 A
1045 844 1406 887 CONTRARIO.

375 955 411 997 A
443 954 671 1005 contrario,
716 962 763 994 ut
793 953 878 994 vita
909 961 948 993 et
977 966 1116 1002 mors,
1157 966 1210 992 ex
1241 952 1398 1006 quibus
1430 950 1656 992 Terentius
1687 951 1763 991 sic:
1796 951 1937 1002 „Nam
1968 953 2001 992 si
2032 950 2152 991 illum

207 1038 422 1092 objurges,
466 1036 576 1076 vitae
614 1037 688 1089 qui
729 1035 939 1075 auxilium
977 1034 1091 1084 tulit,
1133 1033 1236 1088 quid
1268 1033 1393 1073 facies
1425 1032 1503 1082 illi,
1544 1032 1620 1086 qui
1651 1031 1813 1072 dederit
1843 1032 2053 1073 damnum
2086 1041 2156 1072 aut

207 1117 435 1161 malum?“
496 1115 644 1156 Cicero
674 1116 793 1156 tertio
824 1115 1159 1170 Philippicarum
1192 1122 1336 1153 contra
1368 1111 1601 1152 Antonium
1634 1125 1656 1150 e
1688 1111 1896 1150 contrario
1928 1124 2154 1165 argumen-

206 1209 319 1242 tatur
352 1197 511 1238 dicens:
547 1195 618 1247 „Si
657 1195 726 1236 ille
761 1194 908 1236 consul
946 1194 1206 1236 fustuarium
1244 1192 1468 1242 meruerit,
1524 1189 1706 1246 legiones
1738 1188 1861 1245 quid,
1913 1203 2024 1245 quae
2056 1203 2156 1230 eon-

206 1280 345 1323 sulem
375 1275 667 1333 reliquerunt?
679 1279 705 1299 “

956 1419 993 1460 A

371 1527 408 1568 A
441 1525 670 1579 conjunctis
702 1533 844 1565 autem
876 1522 978 1564 fides
1014 1521 1189 1578 petitur,

274 1658 455 1705 jactantur]
475 1657 664 1702 Sequuntur
687 1656 771 1700 apud
787 1655 977 1688 Ciceronem
997 1654 1042 1696 (in
1060 1653 1155 1685 Catil.

209 1727 245 1764 1,
271 1724 329 1765 15)
352 1723 398 1754 „si
420 1734 534 1765 aquam
555 1721 690 1763 gelidam
710 1719 863 1758 biberint,
894 1718 995 1761 primo
1020 1716 1153 1747 relevari

207 1788 369 1826 videntur,
394 1785 508 1816 deinde
529 1785 628 1816 multo
655 1783 780 1825 gravius
808 1781 1090 1823 vehementiusque
1112 1779 1155 1810 af-

207 1850 383 1881 flictantur:
401 1847 446 1878 sic
470 1846 520 1878 hic
544 1846 690 1885 morbus,
714 1845 768 1888 qui
788 1844 887 1876 estin
906 1842 1079 1886 republica,
1107 1854 1155 1873 re-

205 1911 331 1942 levatus
358 1908 448 1939 istius
473 1919 576 1951 poena
602 1906 820 1939 vehementius
849 1905 927 1936 vivis
953 1903 1086 1947 reliquis
1109 1903 1155 1935 in-

209 1978 382 2016 gravescet.
389 1986 399 1999 u

288 2046 308 2064 a
332 2030 501 2076 Cicerone]
533 2031 688 2063 Nimirum
712 2030 745 2061 in
772 2030 885 2073 topicis
906 2030 951 2073 (c.
975 2028 1039 2071 11)
1062 2034 1093 2060 ct
1118 2027 1156 2059 de

210 2095 392 2129 inventione
416 2094 468 2137 (l,
489 2092 562 2135 44).

285 2154 446 2200 diuersas]
474 2155 529 2187 Sic
554 2166 618 2186 non
643 2155 816 2187 Grotianus
841 2160 979 2194 tantum,
1011 2153 1068 2185 sed
1088 2154 1158 2186 Mo·

209 2220 358 2254 suacensis
387 2217 481 2250 etiam
506 2216 608 2247 codex
636 2216 702 2258 (C)
739 2222 771 2247 ct
802 2215 1075 2247 Reichenauensis
1104 2216 1158 2246 ha-

211 2287 290 2317 bent
306 2295 364 2327 pro
381 2283 500 2312 diuisas
516 2280 548 2310 in
566 2279 675 2318 editis,
703 2279 786 2310 unde
803 2280 898 2322 paulo
916 2279 1047 2310 inferius
1066 2278 1160 2310 etiam

212 2346 447 2383 existimandus
481 2355 538 2387 pro
575 2343 791 2374 aestimandus
822 2342 966 2385 reposui,
1008 2349 1042 2373 ut
1077 2342 1160 2385 apud

213 2411 318 2456 ipsum
343 2408 532 2442 Ciceronem
553 2405 599 2449 (in
620 2404 715 2437 Verr.
733 2405 772 2443 5,
797 2405 858 2447 92)
881 2404 1014 2445 legitur,
1039 2403 1162 2446 reliqua

215 2485 256 2505 ex
280 2472 349 2504 solo
376 2469 534 2502 Cicerone
558 2466 715 2507 corrigere
741 2465 837 2496 nolui.

288 2536 323 2565 in
345 2527 548 2574 temporibus]
582 2527 706 2571 Scripsi
728 2539 745 2558 e
771 2527 878 2558 codice
900 2527 1088 2560 monacensi
1106 2526 1162 2572 (C)

218 2607 274 2639 pro
302 2596 336 2626 in
359 2599 511 2635 tempore,-
538 2590 597 2622 alia
627 2601 678 2622 res
709 2593 808 2629 esset,
839 2588 866 2622 si
893 2589 1014 2633 reliqua
1034 2599 1161 2633 quoque

1040 1417 1159 1458 CON
1163 1416 1182 1455 J
1191 1415 1269 1456 UN
1275 1413 1414 1454 CTIS.

1231 1532 1394 1574 quum,
1425 1532 1536 1573 quae
1566 1517 1729 1573 singula
1763 1516 1933 1558 infirma
1962 1526 2080 1568 sunt,
2111 1531 2159 1557 ea

1209 1651 1362 1692 singulari
1388 1662 1519 1681 numero
1545 1650 1628 1682 dicta
1653 1656 1776 1691 essent,
1805 1656 1840 1681 ut
1865 1650 1949 1693 apud
1971 1649 2159 1682 Ciceronem

1207 1712 1259 1757 (de
1284 1712 1402 1742 invent.
1424 1713 1460 1751 1,
1487 1711 1559 1754 44).

1282 1785 1358 1804 uam
1370 1774 1399 1803 si
1413 1770 1515 1816 illum]
1536 1770 1610 1805 MS.
1625 1772 1709 1803 hunc
1722 1771 1830 1802 locum
1849 1771 1992 1803 Terentii
2007 1771 2053 1802 sic
2066 1770 2158 1803 citat:

1264 1835 1369 1865 „LYam
1395 1839 1429 1864 ut
1454 1834 1543 1864 illum
1567 1833 1731 1876 objurges«
1754 1837 1813 1864 cet.

1207 1897 1281 1930 Nou
1303 1896 1448 1928 absurde.
1467 1896 1628 1928 Gnor.-—
1648 1895 1716 1927 Sed
1737 1895 1820 1939 apud
1840 1895 2024 1926 Terentium
2046 1894 2161 1938 (Andr.

1210 1961 1247 2000 1,
1274 1960 1312 1999 1,
1338 1958 1422 2000 115)
1441 1969 1573 2001 prorsus
1594 1956 1704 1988 eadem
1721 1956 1887 1997 leguntur,
1906 1968 1986 2000 quae
2009 1956 2060 1988 liic
2077 1956 2159 1987 Mar-

1208 2022 1313 2053 tianus
1346 2019 1481 2062 scripsit.
1532 2018 1628 2050 Vitae
1659 2023 1691 2049 et
1719 2018 1831 2049 mortis
1867 2017 2012 2062 exemplo
2046 2016 2160 2050 Cicero

1209 2095 1338 2129 quoquc
1366 2082 1465 2113 utitur
1489 2081 1541 2125 (de
1564 2082 1682 2113 invent.
1702 2082 1740 2122 1,
1764 2080 1836 2123 c28).

1281 2144 1495 2190 fustuarium]
1514 2142 1772 2182 Ξυλοκοπὶαν.
1789 2143 1890 2175 Οιιοτ.
1902 2161 1948 2166 --
1964 2141 2066 2174 Miror
2079 2142 2160 2176 Gro-

1209 2211 1287 2244 tinm
1311 2222 1376 2241 non
1399 2209 1516 2241 vidisse
1537 2210 1615 2240 hace
1637 2206 1785 2240 Mai-finni
1808 2218 1879 2237 cum
1903 2205 2069 2237 Ciceronis
2092 2219 2160 2238 vcr-

1209 2275 1260 2307 bis
1277 2274 1323 2318 (in
1340 2274 1424 2304 Phil.
1439 2275 1480 2314 5,
1507 2272 1545 2316 6)
1568 2283 1631 2302 non
1657 2281 1840 2310 congruere.
1869 2268 2084 2301 statuendum
2102 2270 2158 2312 igi-

1211 2344 1277 2377 tur,
1304 2336 1399 2368 verba
1422 2336 1478 2367 illa
1503 2335 1542 2366 ab
1563 2345 1601 2365 eo
1621 2333 1655 2364 in
1679 2345 1771 2364 suum
1794 2344 1886 2363 usum
1911 2344 2080 2374 conversa,
2107 2338 2160 2363 aut

1211 2409 1343 2444 prorsus
1373 2397 1490 2428 omissa
1519 2395 1628 2426 fuisse.
1661 2394 1746 2427 Sunt
1772 2393 1856 2426 enim
1877 2393 2021 2435 codices,
2051 2406 2069 2426 a
2093 2394 2159 2438 qui·

1212 2462 1272 2493 bus
1292 2469 1424 2503 prorsus
1445 2457 1570 2488 absunt.

1287 2518 1483 2567 conjunctis]
1511 2519 1660 2554 Ciceroni
1684 2519 1797 2565 (topic.
1819 2520 1843 2555 4
1865 2524 1897 2553 et
1921 2518 1986 2563 11)
2009 2518 2158 2564 adjuncta

1213 2585 1366 2619 dicuntur.
