2310 2860
759 136 959 182 Martiani
996 133 1196 191 Capellae
1231 132 1303 175 lib.
1334 131 1411 174 IV.
1451 133 1484 184 ᾗ.
1504 131 1608 173 425.

601 246 740 290 Multo
772 242 1077 288 adstruendum
1111 240 1285 283 contulit
1315 240 1548 282 volumine.

599 333 673 374 Sat
703 341 762 372 est
792 327 1031 386 profundae
1062 325 1176 366 frons
1208 322 1360 364 decens
1395 320 1611 370 scientiae,

604 413 728 464 Quae
760 411 951 452 abstrusa
981 406 1160 464 promit,
1198 403 1256 444 nil
1291 416 1514 443 morosum
1544 400 1751 441 disserens

599 490 980 539 Praetervolando,
1019 488 1167 543 nilque
1197 486 1388 541 ignotum
1419 482 1628 523 deserens.

602 575 719 616 Nam
751 586 862 627 quae
896 577 1125 626 supersunt
1154 565 1306 608 fraude
1338 565 1473 606 multa
1507 562 1688 612 consita,

606 654 715 705 Quis
747 653 850 694 falsa
885 661 1026 707 captos
1057 649 1205 691 circuit
1234 647 1448 702 deceptio,

603 736 726 777 Dum
762 733 938 789 ambage
969 730 1064 773 ficta
1094 731 1323 785 praestruis
1353 728 1634 784 sophismata,

607 813 924 870 Captentulisve
953 811 1064 853 ludis
1098 811 1376 866 illigantibus,

602 895 749 937 Pellax
780 895 924 936 soritas
955 905 1182 948 quumque
1213 892 1368 932 sensim
1401 891 1614 946 congeris,

601 976 838 1019 Formasve
867 975 1067 1026 mendas,
1101 974 1353 1029 comprobat
1387 988 1494 1028 quas
1526 972 1701 1024 veritas;

602 1056 734 1099 Nefas
764 1057 943 1097 tonantis
974 1056 1130 1111 garriat
1159 1055 1240 1095 sub
1273 1054 1450 1095 auribus

603 1136 878 1190 Facinusque
911 1135 1079 1186 diru1n3
1117 1133 1278 1188 quippe
1308 1132 1470 1172 summi
1500 1131 1667 1173 coelites
1710 1180 1714 1183 Α

606 1214 750 1256 Odere
779 1214 914 1270 turpis
945 1229 1072 1255 omne
1105 1212 1263 1254 falsum
1294 1212 1491 1253 feminae.

607 1296 723 1339 Nam
753 1296 788 1337 si
817 1295 1036 1346 revolvas,
1082 1292 1187 1348 quid
1218 1292 1370 1334 cavilla
1398 1290 1598 1333 saevius?

282 1438 395 1485 frons]
431 1439 565 1472 Grotius
595 1439 626 1470 in
653 1440 794 1481 margine
819 1438 968 1483 apposuit
990 1438 1164 1470 variantem

209 1504 378 1537 lectionem
402 1503 497 1546 sons,
533 1515 614 1547 quac
645 1508 677 1534 et
702 1503 736 1534 in
767 1503 877 1535 codiee
906 1501 1165 1534 Reiehenauensi

210 1573 315 1598 exstat
337 1566 538 1610 multumque
559 1565 656 1596 hahet
676 1576 740 1607 quo
764 1576 799 1596 se
823 1565 1040 1604 eommendetg,
1074 1575 1165 1607 prae·

210 1629 269 1661 tuli
289 1635 395 1660 tamen
411 1628 587 1669 vulgatam,
614 1625 706 1666 cujus
722 1625 773 1657 hic
798 1636 912 1656 sensus
931 1637 1002 1656 esse
1022 1625 1165 1656 videtur:

211 1692 354 1724 sufficere
380 1690 540 1733 frontem,
570 1689 604 1720 id
627 1693 677 1719 est
700 1690 893 1720 anteriorem
917 1694 1042 1731 purtem
1064 1687 1165 1719 scien-

210 1753 290 1793 tiae,
324 1751 481 1784 elementa
505 1750 593 1791 ejus,
621 1761 703 1793 quae
727 1749 834 1781 statim
856 1749 890 1781 in
912 1749 1020 1781 limine
1040 1748 1165 1780 tradan-

210 1821 278 1855 tur,
314 1815 442 1860 penitus
471 1814 590 1845 intrare
616 1818 780 1857 totamque
806 1813 846 1845 ab
870 1813 957 1845 omui
981 1818 1072 1859 parte
1093 1824 1166 1855 eog-

211 1888 344 1908 noscere
369 1876 447 1907 deos
472 1875 570 1907 nolle.

283 1960 525 2007 captentulisve]
544 1961 706 1993 Elcnehos
724 1961 916 2006 sophisticos
934 1960 1045 1992 innuit.
1056 1959 1168 1993 Gloss.

211 2023 340 2056 Isidor.:
358 2020 588 2069 incaptentula,
615 2023 756 2066 captio«,
792 2028 824 2055 ct
845 2022 935 2053 alibi:
962 2022 1169 2066 »muscipula,

211 2086 424 2132 captentula.‹=
459 2086 506 2117 At
535 2086 634 2116 amieo
664 2097 735 2116 meo
764 2086 885 2117 Joanni
910 2086 1053 2117 Meursio
1082 2085 1168 2117 vide-

210 2149 306 2182 hatur
327 2147 498 2190 legendum
523 2148 774 2190 captensulisve,
802 2147 877 2178 item
901 2147 1106 2190 captensula,
1133 2152 1170 2179 ut

212 2213 297 2246 enim
312 2224 330 2243 a
348 2208 508 2246 ὄκάπτω
522 2212 724 2253 scaptensula
749 2215 831 2242 teste
848 2211 960 2252 Festo,
978 2211 1023 2242 ita
1040 2223 1058 2243 a
1077 2216 1170 2255 capto

213 2276 411 2321 captensula.
445 2274 631 2307 Lueretius:

271 2349 405 2394 »Qualis
430 2351 559 2393 expires
581 2349 785 2392 scaptensula
807 2350 917 2382 subter
937 2349 1078 2383 adoream

216 2424 319 2458 Gno'r.
334 2445 381 2451 —
400 2425 439 2457 In
461 2423 616 2457 vocabulo
636 2434 708 2454 raro
733 2436 768 2455 ac
790 2435 890 2469 prope
911 2424 1007 2459 unico
1025 2423 1171 2459 codicum

217 2489 284 2521 sola
305 2488 477 2520 auctoritas
503 2499 575 2519 esse
600 2491 718 2530 potest.

286 2562 407 2608 pellax]
434 2563 508 2594 Hoc
531 2561 656 2594 restitui
676 2572 715 2593 cx
742 2561 953 2595 anterioribus
976 2562 1169 2595 editionibus

1214 1451 1273 1485 pro
1305 1439 1463 1472 Grotiano
1491 1439 1606 1483 pellex.
1647 1438 1767 1471 Totum
1805 1438 1912 1471 locum
1948 1439 1995 1473 sie
2028 1439 2170 1484 explico:

1223 1502 1316 1534 »dum
1349 1501 1524 1546 praestruis
1558 1501 1688 1543 ambage
1719 1501 1793 1533 fieta
1827 1501 2022 1545 sophismata
2058 1502 2170 1533 fraude

1215 1564 1315 1595 multa
1335 1563 1474 1603 consita,
1505 1562 1621 1605 quibus
1647 1562 1727 1593 salsa
1754 1562 1901 1606 deceptio
1930 1563 2041 1595 circuit
2062 1569 2172 1607 captos

1217 1643 1265 1648 ——-
1296 1636 1458 1668 quumque
1495 1624 1603 1667 pellax
1636 1624 1783 1665 congeris
1823 1624 1942 1656 sensim
1976 1625 2092 1657 soi-itas
2122 1625 2173 1657 vel

1216 1685 1347 1717 mendas
1367 1686 1502 1725 formas,
1532 1696 1612 1727 quas
1635 1684 1751 1716 veritas
1774 1686 1989 1729 comprobat«
2015 1687 2173 1719 Blendarc

1217 1759 1301 1779 novo
1332 1747 1479 1790 exemplo
1511 1746 1630 1778 dictum
1656 1752 1706 1778 est
1734 1758 1794 1791 pro
1822 1759 2042 1791 corrumpere,
2070 1748 2109 1779 ab
2134 1760 2173 1780 eo

1217 1808 1305 1854 quod
1333 1813 1383 1840 cst
1411 1809 1579 1848 mendum5
1613 1808 1763 1840 Martiani
1796 1809 1881 1840 enim
1908 1809 2066 1841 sententia
2095 1811 2174 1842 haee

1218 1878 1283 1913 est,
1308 1871 1534 1913 Dialectieam,
1560 1871 1635 1903 dum
1656 1872 1871 1915 sophistarum
1888 1884 1976 1904 more
1998 1872 2174 1913 cavilletur,

1218 1946 1273 1967 eas
1298 1935 1434 1974 formas,
1466 1945 1547 1977 quae
1573 1933 1699 1966 veritati
1723 1939 1957 1967 consentaneae
1980 1935 2060 1977 sint,
2086 1935 2174 1967 adul·

1217 2002 1321 2029 terare
1344 2001 1376 2027 et
1401 1995 1603 2039 detorquere.

1294 2056 1432 2102 yarriat]
1459 2058 1570 2090 Malim
1586 2060 1745 2102 flam-iant.
1771 2057 1815 2090 Et
1832 2058 1975 2091 tollenda
1993 2063 2043 2089 est
2063 2057 2173 2089 distin-

1217 2120 1280 2152 ctio
1306 2132 1346 2151 ex
1375 2131 1470 2151 versu
1498 2120 1713 2163 praecedenti.
1729 2119 1897 2152 Gnor.—
1923 2118 2089 2150 Brevitate
2117 2119 2172 2151 ob-

1220 2192 1332 2215 scurus
1352 2181 1422 2224 ipse
1448 2180 1608 2226 interpres
1635 2187 1698 2212 est:
1718 2181 1794 2224 quid
1816 2180 1900 2212 enim
1923 2180 2061 2212 voluerit
2080 2193 2173 2212 nemo

1218 2245 1383 2278 divinabit.
1419 2244 1610 2287 Subjectum
1638 2243 1726 2276 verbi
1750 2245 1875 2287 ῃαννὶαι
1902 2250 1952 2276 est
1977 2244 2069 2288 nefas
2092 2244 2172 2288 faci-

1219 2318 1345 2354 nusque
1371 2307 1486 2338 dimm.

1291 2368 1419 2415 cavilla]
1446 2369 1815 2414 Sophistica.Vutc.-—
1835 2369 1926 2401 Idem
1947 2375 1996 2401 est
2013 2369 2102 2414 quod
2124 2381 2174 2402 ca-

1220 2435 1353 2467 villatio.
1373 2433 1511 2477 Accepit
1536 2439 1647 2465 noster
1670 2445 1687 2465 a
1703 2432 1822 2464 Plauto
1849 2432 1972 2477 (Aulul.
1989 2434 2025 2474 4,
2045 2434 2081 2474 4,
2104 2432 2174 2475 11).

1220 2498 1378 2530 Revolvas
1398 2495 1466 2531 scil.
1483 2497 1592 2527 animo
1609 2499 1658 2527 est
1679 2494 1764 2527 idem
1791 2495 1879 2540 quod
1904 2495 2085 2529 consideres
2108 2494 2174 2527 sive

1220 2558 1408 2597 recwdere's.
