2310 2860
244 147 336 187 544

822 143 1021 184 Martiani
1051 142 1250 198 Capellae
1279 140 1351 181 lib.
1377 140 1453 182 VI.
1481 142 1509 192 ᾗ.
1534 141 1633 181 667.

248 265 397 294 rumor
436 247 650 289 vetustatis
691 247 853 300 allusit3
907 264 983 290 nec
1012 249 1135 303 longe
1167 263 1287 288 mons
1318 247 1434 289 Atlas
1464 246 1517 288 de
1547 248 1708 302 gremio
1740 263 1944 292 cacumen
1977 251 2194 308 proferens

250 342 490 371 arenarum.

562 328 687 368 Hunc
716 327 879 368 incolae
909 327 1075 369 Adirim
1118 336 1291 380 vocant3
1338 327 1371 368 is
1408 342 1548 383 usque
1578 331 1620 368 in
1653 327 1832 369 confinia
1862 329 2023 371 lunaris
2052 331 2200 373 circuli

249 418 419 450 evectus
463 409 576 449 ultra
629 409 812 450 nubium
858 419 1127 465 potestatem,
1182 410 1257 464 qui
1305 410 1356 450 ab
1401 425 1574 451 occasus
1618 420 1737 466 parte
1783 411 1922 452 littora
1967 421 2201 468 prospectat

249 490 423 541 Oceani,
454 505 718 540 nemorosus,
754 490 938 531 sontibus
967 501 1142 542 scatens,
1170 490 1243 531 sed
1267 492 1448 547 rupibus
1472 491 1746 544 insecundus3
1778 507 1866 547 qua
1889 507 1993 533 vero
2012 491 2201 533 Africam

247 581 427 628 spectat,
458 572 626 626 opimus
657 572 815 623 omnis;
847 572 1019 613 arbores
1045 581 1263 628 praeterea
1293 573 1421 627 gignit
1456 587 1654 628 cupresso
1680 572 1850 623 similes,
1881 571 2012 612 odore
2037 585 2200 627 graves,

251 668 363 708 quae
394 653 536 693 lanam
570 651 789 693 obducunt
817 653 948 694 instar
977 653 1097 694 serici
1129 654 1369 709 pretiosam.
1412 654 1491 694 Per
1525 653 1638 694 diem
1673 654 1784 705 silet,
1814 663 1937 694 nocte
1971 663 2011 694 et
2040 654 2205 709 ignibus

249 735 397 784 micat,
435 733 566 783 tibiis,
607 732 763 784 fistula,
805 733 1034 788 cymbalis,
1073 737 1375 791 tympanisque
1406 744 1651 790 percrepat,
1701 736 1860 790 Satyris
1894 736 2207 791 Aegipanisque

128 816 217 857 (368
249 814 569 858 bacchantibus.
626 814 747 855 Ultra
779 815 919 870 ipsum
954 815 1006 857 ad
1038 831 1235 858 occasum
1268 817 1381 857 littus
1412 829 1489 870 per
1525 813 1835 869 quadringenta
1874 816 2099 870 nonaginta
2130 829 2205 855 sex

253 897 400 948 millia,
431 895 560 936 saltus
588 894 683 935 feris
714 895 886 950 Lybicis
919 898 1133 951 occupati3
1172 913 1250 939 nec
1281 895 1520 953 plurimum
1553 895 1706 936 distant
1732 905 1892 951 septem
1925 905 2102 947 montes,
2133 895 2209 951 qui

253 993 277 1020 a
317 977 526 1033 parilitate
571 975 801 1015 cacuminis
841 975 992 1017 fratres
1032 986 1130 1017 sunt
1173 979 1393 1034 appellati;
1446 977 1519 1018 sed
1563 978 1889 1034 elephantorum
1933 978 2048 1033 pleni
2091 984 2209 1025 sunt,

259 1073 307 1100 ac
340 1057 454 1098 ultra
487 1057 752 1113 provinciam
784 1058 1085 1113 Tingitanam,
1129 1061 1250 1113 cujus
1281 1059 1500 1115 longitudo
1531 1068 1699 1098 centum
1733 1059 1994 1113 septuaginta
2026 1058 2211 1097 millium

256 1149 328 1179 OSC-

256 1218 306 1260 In
345 1218 481 1260 littore
533 1231 707 1273 quoque
753 1216 994 1269 Caroenna,
1048 1218 1275 1273 majusque
1325 1219 1532 1276 oppidum
1579 1218 1809 1271 Caesarea3

255 1384 330 1416 Stil.
354 1386 390 1424 1,
420 1385 504 1415 252.
540 1384 627 1416 Mela
660 1386 700 1424 5,
728 1384 789 1424 10,
822 1385 845 1415 4
875 1390 907 1415 et
937 1386 999 1424 153
1026 1385 1128 1427 p.G!1.
1151 1385 1208 1416 63.

255 1446 354 1477 Voss.
378 1444 514 1477 Salmas.
536 1446 574 1476 ad
599 1445 704 1478 Solin.
727 1458 756 1488 p.
773 1446 847 1477 572
864 1457 952 1489 sequ.
980 1445 1154 1489 Spanhein.
1171 1445 1211 1476 ad

256 1508 382 1540 Gallim.
403 1521 434 1552 p.
454 1510 539 1541 669.
562 1510 724 1550 Musgrav.
749 1509 788 1540 ad
815 1509 959 1553 Euripid.
982 1509 1115 1553 llippol.
1138 1509 1210 1540 742

255 1576 287 1601 et
319 1570 508 1601 Valkenaer.
526 1571 566 1601 ad
588 1570 708 1613 eund.).

328 1632 476 1677 Adirim]
503 1634 591 1674 Lege
616 1634 734 1664 Dirim.
768 1632 857 1663 Idem
882 1644 923 1663 ex
950 1632 1065 1664 Solino
1091 1633 1215 1664 monuit

258 1693 431 1728 Mem-sius.
451 1695 556 1727 Gnor.
572 1714 619 1719 —
656 1695 723 1726 Sed
749 1694 854 1726 Soliui
879 1695 952 1726 libri
978 1708 1088 1727 omnes
1111 1696 1213 1727 Addi-

261 1759 323 1787 rim
342 1758 391 1788 vel
414 1758 579 1788 Adderim.
607 1758 707 1789 Error
730 1763 778 1789 est
799 1758 899 1801 ipsius
924 1758 1045 1799 solini,
1075 1759 1130 1802 qui
1146 1759 1213 1790 Ad-

260 1820 356 1851 dirim
383 1821 475 1852 unica
503 1832 581 1852 voce
610 1822 642 1852 in
669 1821 776 1853 Plinio
808 1822 885 1863 legit
902 1823 965 1866 'pro
991 1823 1033 1853 ad
1054 1823 1161 1854 Dirim
1182 1822 1216 1854 in

260 1883 311 1914 his
334 1884 455 1915 verbis:
485 1896 576 1915 »mox
604 1897 727 1916 amnem
753 1897 847 1929 quem
870 1892 986 1917 vocant
1008 1886 1087 1926 Fut,
1116 1892 1149 1917 et
1177 1886 1216 1917 ab

259 1957 300 1977 co
315 1945 356 1976 ad
374 1946 547 1987 Dyrim—
562 1947 624 1977 hoe
646 1946 730 1977 enim
746 1959 861 1978 nomen
874 1946 999 1978 Atlanti
1017 1960 1088 1979 esse
1107 1960 1217 1979 eorum

261 2006 371 2048 lingua
386 2008 731 2040 convenit—ducenta
745 2009 842 2040 millia
858 2022 1036 2053 passuum.«
1060 2011 1097 2042 In
1113 2023 1217 2042 exem-

264 2070 405 2113 plaribus
430 2070 527 2101 Plinii
553 2072 776 2115 manuscriptis
800 2073 893 2103 etiam
916 2074 1074 2117 hodieque
1096 2073 1216 2104 inveni-

264 2139 317 2164 tur
345 2138 506 2164 exaratum
536 2135 686 2166 Abdirim
706 2140 760 2166 aut
788 2136 946 2167 Addirim.
974 2136 1127 2169 Straboni
1145 2132 1219 2170 Λύ-

268 2195 489 2241 pag-Sums-
515 2196 569 2239 (ad
588 2197 690 2228 Solin.
718 2210 749 2241 p.
769 2198 921 2241 505).—-
951 2197 1093 2230 Atlantis
1121 2199 1222 2242 ipsius

269 2259 516 2302 descriptionem
541 2259 613 2291 vide
640 2260 723 2304 apud
746 2261 919 2294 Maximum
948 2262 1080 2306 Tyrium
1109 2262 1162 2305 (8,
1187 2262 1221 2301 73

267 2333 298 2363 p.
318 2321 384 2352 141
411 2320 544 2363 Reisk.).

346 2390 436 2415 nocie
454 2389 484 2415 et
505 2381 647 2427 ignibus]
674 2383 765 2414 Haec
790 2396 829 2415 ex
849 2384 1019 2417 Hannonis
1043 2384 1165 2428 periplo
1185 2383 1224 2415 ad
1241 2399 1251 2407 ·

271 2442 437 2475 Atlantem
467 2444 618 2475 translata
638 2455 709 2474 esse
732 2444 895 2485 videntur,
924 2447 1000 2477 lieet
1016 2446 1081 2478 illie
1099 2447 1138 2477 de
1159 2446 1225 2477 Ae-

272 2506 411 2550 ssiiopiae
433 2507 540 2550 potius
563 2519 617 2539 ora
639 2518 741 2538 sermo
763 2507 816 2538 sit:
839 2508 880 2542 ἐν
895 2507 934 2542 δὲ
957 2505 1084 2555 τούτῳ
1105 2508 1226 2554 νῆόος

276 2562 324 2613 ἦν
342 2565 505 2615 μεγάλη,
531 2568 595 2604 καὶ
619 2570 662 2606 ἐν
689 2569 735 2616 τῇ
753 2567 860 2617 νήσῳ
887 2570 1000 2617 λίμνη
1023 2567 1226 2607 θαλαόόώ-

384 1139 489 1178 Item
531 1138 626 1192 Siga
665 1137 873 1192 oppidum
909 1152 931 1177 e
963 1137 1131 1191 regione
1170 1139 1381 1180 Malacam
1429 1139 1582 1179 urbem
1626 1139 1854 1194 Hispaniae
1889 1136 2211 1192 contemplatur.

1886 1218 1985 1258 item
2024 1215 2209 1256 Icosium

1261 1387 1342 1430 ὃης,
1367 1384 1408 1419 ἐν
1422 1383 1462 1419 δὲ
1481 1382 1602 1431 ταύτῃ
1620 1384 1742 1430 νῆσος
1763 1383 1889 1431 ἑτέρα·
1911 1383 1964 1424 εἰς
1983 1380 2034 1429 ἢν
2049 1379 2216 1423 ἀποβάν·

1261 1460 1325 1488 τες
1340 1445 1487 1495 ἡμέρας
1503 1448 1573 1493 μὲν
1587 1445 1702 1483 οὐδὲν
1715 1444 1953 1495 ἀφεωρώμεν
1968 1443 2027 1481 ὅτι
2039 1444 2090 1492 μὴ
2105 1442 2215 1491 ὕλην,

1262 1508 1404 1550 νυκτὸς
1429 1509 1469 1545 δὲ
1489 1507 1596 1556 πτρά
1622 1520 1662 1544 τε
1689 1507 1820 1544 πολλὰ
1846 1506 2027 1552 καιόμενα
2052 1506 2116 1542 καὶ
2136 1519 2217 1555 φω·

1261 1571 1337 1618 viv
1359 1570 1492 1607 αὐλών
1509 1568 1717 1618 ἠκούομεν,
1746 1569 1957 1615 κυμβάλων
1980 1583 2022 1605 τε
2040 1568 2104 1604 καὶ
2126 1581 2216 1612 τυμ-

1265 1633 1402 1669 πάνων
1427 1634 1622 1680 πάταγον,
1652 1633 1717 1669 καὶ
1737 1631 1914 1680 κραυγήν
1935 1631 2079 1678 μυρίαν
2092 1645 2124 1665 κ.
2137 1643 2170 1666 τ.
2183 1632 2215 1666 λ.

1264 1699 1404 1741 Propius
1436 1699 1475 1729 ad
1502 1699 1695 1729 Hannonem
1716 1698 1839 1729 aceedit
1869 1697 1953 1728 Mela
1978 1697 2036 1739 (5,
2058 1696 2098 1735 93
2125 1708 2156 1738 p.
2171 1697 2219 1728 (35

1265 1760 1395 1802 Voss.)3
1426 1765 1535 1790 noster
1569 1759 1710 1791 Plinium
1740 1759 1799 1802 (5,
1829 1758 1867 1801 l)
1899 1763 1931 1789 et
1960 1756 2108 1790 Solinnm
2135 1757 2220 1801 (24)

1265 1824 1373 1868 potins
1399 1823 1552 1865 seqnitur.

1342 1882 1602 1931 Aegipanisque]
1637 1884 1687 1914 De
1726 1883 1775 1914 his
1807 1883 1878 1914 suse
1909 1883 1974 1924 egit
2001 1882 2142 1916 Vossius
2167 1881 2221 1925 (ad

1267 1946 1385 1979 Melam
1413 1958 1443 1990 p.
1463 1946 1511 1976 46
1521 1945 1542 1988 ).
1575 1945 1703 1977 Choros
1737 1956 1847 1975 eorum
1872 1944 2024 1976 describit
2051 1943 2220 1975 Lueretius

1269 2011 1321 2051 (4,
1346 2010 1420 2041 584
1451 2009 1563 2052 sequ.).
1589 2008 1674 2041 Vide
1692 2014 1725 2039 et
1747 2014 1891 2039 nostrum
1914 2008 1995 2039 infra
2018 2006 2168 2051 (§.ss7!1).

1343 2077 1461 2114 septem
1481 2069 1616 2114 montes]
1639 2069 1771 2113 Septem
1794 2071 1924 2100 statrum
1947 2072 2150 2099 monumenta
2169 2078 2221 2110 ap-

1269 2133 1369 2177 pellat
1396 2131 1514 2164 Strabo
1538 2132 1611 2175 (17,
1638 2143 1669 2174 p.
1687 2131 1783 2172 827).
1809 2130 1928 2161 Noster
1950 2127 2098 2159 solinum
2117 2128 2221 2172 sequi·

1270 2199 1322 2225 tur
1345 2194 1386 2237 (c.
1400 2193 1472 2235 23).

1345 2254 1506 2300 oppidum]
1534 2254 1679 2287 Verbum
1700 2258 1766 2291 est,
1799 2252 1886 2295 quod
1911 2263 2076 2296 perperam
2100 2251 2226 2284 additur

1272 2320 1305 2352 in
1329 2320 1438 2359 editis,
1473 2330 1538 2350 non
1571 2321 1748 2358 agnoscunt
1777 2315 1903 2347 codices
1931 2315 2144 2347 Monaeenses
2171 2314 2226 2359 (Α.

1276 2382 1337 2425 C),
1364 2378 1657 2418 Reielnenaueusis‚
1681 2383 1713 2408 et
1733 2375 2006 2408 Darmstattensis.

1351 2441 1532 2487 Carcenna]
1560 2441 1686 2473 Plinius
1709 2441 1891 2480 Cartenna,
1916 2440 1974 2471 sed
1990 2439 2122 2471 varianti
2148 2450 2225 2483 quo·

1277 2518 1338 2550 que
1356 2506 1492 2537 lectione
1510 2505 1687 2536 carneuna.
1708 2502 1829 2534 Nostro
1846 2502 1979 2534 Grotius
1998 2502 2037 2532 ad
2055 2501 2226 2542 marginem

1279 2567 1446 2612 adscripsit
1471 2583 1481 2596 υ
1490 2567 1528 2599 al.
1539 2566 1730 2599 carneuna«
1741 2587 1751 2605 ‚
1765 2564 1946 2608 similesque
1962 2563 2116 2594 lectiones
2125 2563 2225 2594 VVes-
