2310 2860
706 164 905 206 Martiani
944 163 1142 219 Capellae
1179 163 1251 204 lib.
1279 162 1312 202 I.
1351 164 1381 213 ᾗ.
1397 161 1467 203 67.

114 274 277 329 pictura
320 272 538 314 vernabat.

112 354 305 397 subditus
336 355 511 395 Junonis
557 368 802 404 consessus,
847 351 965 393 haud
1006 350 1246 392 indecenter
1288 358 1473 390 ornatus.

607 271 696 313 Sub
739 272 885 312 calceis
932 284 1034 312 vero
1074 269 1284 310 fuscinam
1323 267 1601 322 deprimebat.

1982 165 2065 206 109

1532 348 1627 404 Ipsa
1658 365 1760 390 vero
1792 359 1896 390 tecto
1927 351 2063 405 capite

111 434 248 476 lacteo
273 435 464 490 quodam
488 434 747 475 calummate
783 433 1066 489 praenitebat,
1098 433 1166 472 cui
1203 431 1382 486 gemmis
1418 431 1592 471 insitum
1626 431 1823 472 diadema
1853 433 2064 487 pretiosis:

110 527 214 554 nam
252 528 394 568 neque
426 514 635 569 Scythidis
666 515 846 565 virecta,
890 528 968 554 nec
1000 511 1314 554 Cerauniorum
1347 511 1520 551 vibrans
1558 511 1866 568 fulguransque
1897 514 2059 566 lumen,

111 654 305 687 chenauensi
323 655 431 687 codice
450 657 616 699 variegata
637 654 769 695 legitur,
799 659 831 685 et
850 665 890 684 ex
914 657 1062 695 corrupta

110 718 310 761 quorundam
338 718 492 761 scriptura
515 723 713 749 constantem
735 717 767 747 in
795 716 927 758 reliquis
954 714 1063 746 lectio-

109 791 183 811 nem
206 780 363 821 corrigere
389 781 478 811 nefas
497 785 565 819 est,
598 779 784 822 praesertim
805 780 866 809 lunc
890 779 973 816 loco,
999 788 1064 819 quo

108 848 221 874 noster
242 844 355 875 eodem
369 843 442 885 jure
465 842 582 882 utitur,
610 854 674 886 quo
693 840 876 885 Appulejus
899 839 1063 884 popularis

108 903 191 945 ejus,
216 905 300 948 apud
322 916 416 948 quem
436 903 570 945 legimus
594 903 646 947 (de
676 902 794 934 mundo
816 914 847 946 p.
866 901 972 945 296)=
993 913 1064 933 »co-

108 964 231 997 loribus
258 966 432 1006 variatur«,
457 965 509 997 vel
525 964 692 1005 Catullus,
719 964 774 1007 qui
797 963 877 1007 (Gti,
902 962 962 1006 50)
995 974 1063 994 »ve-

109 1026 167 1057 stis
190 1027 303 1070 priscis
328 1026 490 1058 hominum
507 1028 635 1058 variata
650 1025 777 1068 figuris«
800 1037 858 1069 per
874 1025 1064 1069 hypallagen

109 1088 288 1133 scripserat.

177 1148 353 1194 fuscinam]
379 1148 579 1192 Bongarsius
597 1148 761 1193 fuscinam
769 1170 782 1189 ‚
811 1149 912 1180 male!
945 1148 1064 1181 Subiu-

106 1210 315 1253 telligendum
339 1211 407 1243 sine
429 1211 527 1243 dubio
551 1223 648 1242 utare.
682 1212 795 1243 Infima
820 1211 977 1242 Latinitas
1000 1211 1064 1242 sns-

108 1273 213 1306 ciuum
234 1287 292 1318 pro
320 1276 429 1314 fusco,
464 1281 498 1306 ut
520 1275 664 1306 aurinum
691 1287 749 1318 pro
781 1286 895 1315 aureo,
929 1279 960 1306 et
984 1287 1064 1305 mar-

108 1337 265 1369 morinum
278 1350 337 1381 pro
353 1350 529 1369 marmoreo
551 1339 641 1371 dixit.
653 1339 755 1370 Gosz.
767 1357 814 1361 —
829 1339 980 1370 Profecto
999 1350 1065 1370 non

108 1406 192 1440 crat,
222 1401 309 1445 quod
336 1407 520 1444 corruptum
540 1401 699 1432 Martiano
721 1401 887 1443 sitsi-inum
914 1402 1063 1432 obtrude-

106 1467 155 1493 ret
177 1462 224 1493 vir
242 1463 367 1494 doctus.
394 1463 571 1493 Fuseinam
591 1473 656 1493 non
673 1462 846 1503 Bongarsii
864 1467 988 1493 tantum
1011 1474 1062 1494 co-

106 1525 187 1565 dex,
212 1525 268 1556 sed
287 1525 481 1555 Dresdensis
507 1525 617 1564 etiam,
640 1525 857 1564 Basileensis,
880 1525 1062 1565 lIugianus,

105 1587 322 1627 Britannicus,
346 1587 629 1630 Guelferbytanus,
647 1592 680 1618 ct
695 1587 908 1618 Monacenses
924 1587 965 1630 (C
978 1587 1060 1630 etE)

105 1649 239 1689 habent,
263 1655 359 1693 atque
382 1648 545 1691 antiquam
567 1649 647 1679 hauc
668 1647 840 1679 lectionem
864 1659 935 1679 esse
952 1647 1060 1688 glossa

105 1711 162 1756 (E)
185 1718 336 1753 testatur,
371 1724 434 1756 qua
465 1711 634 1755 υίίιεοίηα,
673 1711 740 1743 sive
772 1711 930 1751 tridente,
974 1723 1060 1742 mare

107 1774 292 1815 significari«
321 1774 421 1817 probe
449 1778 635 1814 annotatur,
666 1784 748 1817 quae
766 1778 932 1817 praeterea
960 1773 1060 1804 notis-

106 1836 185 1869 sima
204 1848 256 1867 res
282 1842 331 1868 est
353 1837 406 1880 (cf.
428 1836 498 1868 Cic.
515 1842 581 1868 nat.
604 1836 691 1868 deor.
709 1838 742 1869 1.
762 1836 836 1879 56).

178 1901 323 1931 subditus
342 1898 498 1944 Jnnonis]
524 1899 574 1930 lta
604 1900 722 1931 rectius
746 1899 940 1942 transposita
965 1899 1061 1931 verba

106 1961 138 1994 in
158 1963 309 2004 llugiano
328 1963 454 2003 codiee,
480 1962 688 2003 Britannico,
710 1961 978 2004 Cantabrigiensi,
996 1962 1059 1993 Ba-

106 2024 237 2057 sileensi
258 2029 290 2055 et
311 2023 572 2055 Darmstattensi.

179 2085 383 2131 calummate]
412 2087 626 2119 Galummaee.
665 2087 753 2128 Lege
783 2088 836 2119 vel
860 2089 1061 2131 calymmate,

107 2150 138 2183 G
153 2162 211 2195 pro
230 2150 259 2182 C
278 2150 434 2194 positum,
459 2162 523 2181 vox
535 2156 590 2192 ,est
611 2149 735 2182 Graeca
754 2147 1062 2195 κάλυμμα.6ῐιοτ.

106 2229 154 2235 -—
171 2212 334 2254 Quoniam
357 2217 463 2243 antem
480 2211 652 2243 Leidensis
678 2211 780 2243 codex
809 2212 851 2257 (v.
867 2212 991 2257 Appul.
1014 2214 1058 2248 Π.

104 2286 141 2332 Ρ..
153 2275 226 2306 560
241 2280 309 2306 not.
326 2274 425 2318 oud.)
445 2281 532 2307 recte
553 2275 650 2307 habet
663 2275 787 2307 Latinis
807 2277 935 2320 quidem
957 2277 1059 2309 literis

106 2338 257 2381 seriptum
274 2339 482 2379 calnmmate,
503 2341 585 2372 hane
611 2339 782 2372 lectionem
804 2340 838 2372 in
865 2346 989 2373 textum
1009 2354 1057 2374 re-

106 2400 187 2444 cepi.
211 2399 280 2432 Sed
296 2401 432 2433 liberum
447 2407 483 2434 ut
501 2402 542 2433 sit
559 2403 723 2434 arbitrium
742 2403 792 2444 iis,
813 2404 868 2448 qui
887 2405 1059 2437 maluerint

106 2464 268 2506 chlamyde
305 2464 429 2506 legere,
473 2465 525 2497 hic
561 2467 643 2499 addo
690 2467 861 2499 lectionem
905 2469 1059 2512 clamide,

107 2536 200 2570 quam
228 2523 358 2556 Cortius
384 2536 402 2557 e
423 2524 675 2570 Guelferbytano
703 2529 812 2561 codice
840 2529 1012 2563 adnotavit.

180 2585 324 2634 gemmis]
340 2587 476 2621 Nonnus
498 2588 546 2633 (in
565 2589 700 2634 Dionys.
715 2591 737 2623 l.
753 2592 819 2634 525
845 2604 877 2638 p.
893 2593 955 2638 82)
974 2606 1058 2637 gem-

1115 652 1173 683 mis
1197 655 1289 685 etiam
1320 654 1469 698 pretiosis
1498 661 1639 687 ornatam
1662 655 1803 689 Junonis
1827 670 1975 690 coronam
1996 659 2066 703 plu-

1116 715 1203 745 ribus
1226 715 1395 759 descripsit
1418 716 1573 748 versibus.

1189 777 1362 822 Seylhialis]
1390 779 1427 809 ld
1448 784 1497 810 est
1523 778 1698 821 Smaragdi.
1719 781 1820 812 Gom.
1836 799 1882 806 ——·
1902 783 1949 814 Ita
1970 783 2066 815 etiam

1116 837 1295 871 Salmasius
1320 839 1373 883 (ad
1395 839 1499 871 Solin.
1514 853 1542 883 p.
1561 841 1633 872 195
1656 842 1704 873 ed.
1726 842 1844 882 1829).
1871 842 1937 875 Sed
1962 845 2069 885 legere

1116 901 1274 932 debebant
1299 901 1358 932 viri
1374 901 1460 932 docti
1484 907 1627 933 nostrum
1651 904 1746 946 paulo
1775 903 1907 935 inferius
1934 904 1978 949 (ἓ.
1998 905 2068 949 73),

1115 963 1184 994 ubi:
1208 974 1436 1004 »gemmarum,
1467 963 1587 1006 inquit,
1614 964 1813 1009 Smarayclus
1838 978 1916 1006 una,
1943 966 2070 1009 Scythis

1116 1025 1233 1064 altera,
1259 1023 1370 1067 «Iaspis
1394 1024 1486 1055 tertia
1516 1025 1723 1066 voeabatnru3
1751 1039 1814 1070 quo
1836 1033 1923 1071 patet
1947 1041 1964 1060 a
1985 1029 2069 1061 Mar-

1115 1088 1201 1119 tiano
1231 1087 1359 1118 minime
1391 1087 1600 1129 Smaragdum
1633 1095 1664 1120 et
1697 1089 1884 1133 Scytlnidem
1916 1104 1974 1136 pro
2007 1104 2070 1124 una

1114 1149 1289 1192 eademque
1312 1160 1434 1190 gemma
1458 1155 1603 1192 acceptas
1624 1162 1705 1183 csse.

1188 1208 1323 1256 virecta]
1350 1210 1399 1242 Ita
1432 1211 1551 1242 habent
1579 1217 1703 1242 veteres
1724 1212 1925 1245 membranae
1957 1214 2070 1246 biblio-

1116 1276 1226 1307 thecae
1244 1274 1430 1315 Leidensis3
1456 1286 1523 1306 non
1538 1277 1655 1314 vireta,
1681 1281 1714 1306 ut
1735 1276 1913 1308 ediderunt.
1938 1278 2072 1309 Festus:

1124 1339 1300 1370 „Dumecta
1322 1338 1445 1382 antiqui
1464 1339 1556 1382 quasi
1573 1339 1732 1371 dumiceta
1749 1341 1963 1384 appellabant,
1989 1353 2073 1385 quae

1114 1414 1175 1434 nos
1197 1402 1353 1433 dzuneta.-‹
1386 1402 1495 1433 Idem:
1515 1402 1683 1435 »Vestia-cs
1702 1404 1844 1446 frutecta
1868 1405 1968 1437 densa
1988 1406 2074 1438 dieta

1115 1476 1133 1495 a
1161 1463 1366 1494 similitudine
1394 1463 1520 1493 vestis«
1567 1463 1714 1495 Lactant.
1731 1464 1922 1506 Argument.
1942 1467 2071 1499 Metam.

1116 1528 1154 1566 1,
1179 1539 1246 1570 cap.
1271 1528 1311 1559 5:
1333 1526 1506 1557 »Fruteeta
1534 1525 1721 1569 sylvarumm
1757 1528 1935 1561 Marcellin.
1960 1529 1982 1561 l.
2008 1531 2070 1563 14:

1120 1589 1293 1619 „Fruteeta
1322 1588 1503 1630 prensando
1535 1587 1587 1618 vel
1613 1588 1754 1620 dumosa«
1799 1590 1892 1632 Virg.
1916 1590 2001 1624 Aen.
2029 1593 2070 1624 6:

1118 1648 1284 1680 »Amoena
1304 1650 1454 1679 virectum
1476 1648 1605 1679 Mes-ca.
1625 1649 1678 1692 (ad
1700 1650 1793 1691 Fulg.
1808 1663 1839 1693 p.
1855 1651 1924 1694 12).
1938 1670 1985 1676 ——-
2001 1652 2070 1684 Ad—

1112 1712 1186 1743 dere
1210 1717 1336 1755 poterat
1355 1711 1525 1743 Sedulinm
1545 1710 1638 1754 (57),
1664 1713 1719 1756 qui
1735 1713 1906 1755 Virgilium
1930 1715 2072 1748 imitatus

1112 1779 1170 1805 est.
1199 1774 1338 1806 Codices
1366 1773 1460 1805 etiam
1487 1773 1699 1814 Dresdensis,
1732 1775 1955 1818 Britannicus,
1985 1778 2070 1810 Can-

1112 1837 1324 1878 tabrigiensis,
1347 1837 1530 1878 Hugiauus,
1548 1837 1758 1880 Basileensis,
1781 1839 2069 1881 ReielnenauensiS,

1111 1899 1388 1939 Darmstattensis,
1414 1903 1445 1929 et
1459 1898 1674 1931 Monacenses
1697 1899 1751 1943 (B.
1763 1900 1804 1933 I).
1817 1901 1858 1934 Ε.
1873 1901 1928 1946 G.)
1948 1905 2071 1941 virecta

1110 1964 1240 1995 hahent.

1183 2022 1432 2068 Cerauniomm]
1462 2024 1677 2056 Claudianus:

1161 2102 1210 2110 *-
1229 2104 1276 2110 —
1295 2087 1554 2133 »Pyrenaeisque
1571 2087 1631 2118 sub
1656 2087 1762 2118 antris

1160 2151 1263 2195 Ignea
1280 2149 1458 2193 fulmineae
1482 2151 1586 2194 'egere
1613 2150 1777 2183 Ceraunia
1801 2152 1985 2196 nymphaea

1109 2214 1159 2246 Ita
1191 2219 1224 2246 et
1249 2215 1310 2245 hoe
1329 2213 1408 2251 *loco
1441 2213 1595 2246 Ceraunii
1628 2214 1717 2246 color
1753 2227 1770 2246 e
1801 2227 1943 2260 pyropo:
1968 2229 2065 2260 quare

1110 2277 1277 2310 manifesto
1298 2277 1493 2310 Ceraunium
1516 2277 1601 2310 inter
1623 2279 1772 2310 ardentes
1789 2285 1822 2310 et
1842 2279 1958 2321 ignitas
1979 2293 2063 2323 gem-

1109 2352 1176 2371 mas
1206 2339 1344 2371 retulere
1381 2345 1492 2372 eontra
1528 2344 1671 2372 veterum
1707 2341 1914 2382 sententiam,
1947 2342 2061 2386 quihus

1109 2402 1236 2435 Plinius
1260 2402 1359 2434 utitur
1382 2402 1575 2434 auctoribus.
1599 2401 1741 2435 Samus.
1762 2403 1805 2446 (p.
1823 2403 1909 2445 278)
1924 2422 1972 2428 --
1998 2403 2059 2434 Ce-

1109 2465 1256 2497 raunium
1285 2464 1481 2497 recentiores
1509 2463 1682 2508 scriptores
1711 2465 1938 2496 carbunculum
1967 2475 2058 2496 voea-

1110 2532 1195 2560 runt.
1204 2526 1355 2564 TertuIL:
1371 2525 1560 2558 »Cerauniis
1575 2525 1707 2567 gemmis
1720 2537 1784 2556 non
1797 2525 1869 2556 ideo
1883 2525 2060 2558 substantia

1109 2591 1209 2635 ignita
1233 2596 1301 2632 est,
1334 2590 1422 2636 quod
1448 2595 1617 2624 coruscent
1639 2588 1767 2621 rutilato
1792 2587 1936 2620 rubore«
1958 2589 2059 2623 Gonz.

1677 270 1815 324 Hujus
1854 271 2064 325 suggestui
2091 267 2152 310 67
