2310 2860
697 159 897 202 Martiani
928 158 1128 217 Capellae
1156 159 1228 201 lib.
1258 159 1333 201 VI.
1364 161 1395 211 ᾗ.
1422 160 1525 200 619.

126 270 290 326 quique
328 278 412 311 tres
443 269 558 310 sinus
598 267 739 309 habet.

2001 159 2091 205 551

799 267 944 309 Italiae
976 267 1091 309 frons
1121 266 1286 322 incipit,
1336 280 1448 321 quae
1480 266 1633 321 Magna
1666 266 1846 308 Graecia
1877 266 2089 323 appellata

125 361 203 403 est,
241 351 318 393 ubi
350 352 545 394 amnium
585 359 624 390 et
653 348 912 404 oppidorum
953 349 1095 404 copia3
1142 361 1191 388 ac
1229 356 1330 387 tunc
1371 355 1537 402 portus,
1571 347 1645 401 qui
1676 347 1924 391 Hannibalis
1953 358 2088 391 castra

124 432 345 486 dicuntur,
385 433 459 475 ubi
493 430 669 474 latitudo
699 430 844 473 Italiae
876 429 1023 485 viginti
1054 429 1150 472 solis
1181 428 1369 470 millibus
1404 428 1661 470 aestimatur.

804 623 884 665 DE
928 622 1205 666 SECUNDO
1248 620 1398 664 SINU.

291 730 460 774 Dehinc
498 745 521 774 a
558 730 732 774 Lacinio
772 730 1064 787 promontorio
1108 728 1320 771 secundus
1360 728 1505 785 incipit
1541 729 1656 771 sinus
1693 729 1894 786 Europae
1929 743 2084 786 magno
2114 724 2205 768 650

125 811 291 854 ambitu
338 813 497 865 flexus,
556 822 596 855 et
631 812 916 855 Acroceranio
966 811 1085 867 Epiri
1124 811 1375 852 terminatus
1414 811 1724 866 promontorio,
1783 826 1805 852 a
1844 826 1931 867 quo
1972 812 2089 853 abest

124 895 331 950 octoginta
362 895 556 950 quinque
590 894 778 935 millibus
811 891 1018 950 oppidum
1055 891 1195 933 Croto.
1254 891 1324 932 Ex
1359 890 1458 931 hinc
1490 900 1664 946 propter
1696 891 1851 947 oppida
1883 892 2088 946 sinusque

123 977 405 1033 quamplures
437 978 478 1018 in
516 992 634 1018 mare
665 977 785 1018 Italia
815 975 1054 1032 plurimum
1087 987 1266 1030 pergens
1296 972 1338 1012 in
1363 971 1644 1025 Hydruntum
1672 972 1824 1013 urbem
1857 974 1984 1024 venit,
2014 973 2091 1013 ubi

122 1072 333 1114 superum
375 1058 653 1113 inferumque
698 1073 819 1099 mare
856 1058 1004 1099 decem
1042 1066 1082 1098 et
1125 1065 1310 1111 quatuor
1351 1055 1540 1096 millibus
1581 1054 1843 1111 disparatur,
1891 1055 2004 1096 unde
2043 1055 2085 1095 in

122 1138 350 1179 Graeciam
391 1138 670 1178 brevissimus
709 1139 922 1179 transitus.

979 1139 1041 1179 Ac
1071 1136 1227 1178 dehinc
1258 1136 1378 1177 Italia
1413 1151 1489 1191 per
1519 1136 1720 1191 populos,
1765 1136 1904 1187 sinus,
1949 1135 2092 1186 urbes,

121 1217 301 1272 fluvios,
345 1229 533 1270 montes,
578 1220 874 1276 barbarosque
919 1219 1203 1276 quamplures
1244 1218 1417 1259 ducitur
1458 1218 1500 1258 in
1541 1216 1644 1258 fines
1679 1217 1862 1272 Illyrici,
1914 1217 2036 1270 eujus
2068 1230 2091 1256 a

196 1349 350 1396 Ausonii]
379 1350 443 1383 Ilie
477 1363 605 1394 quoque
637 1351 742 1382 omnia
774 1351 915 1382 confusa.
956 1350 1084 1381 Plinius

121 1414 205 1447 enim
224 1417 303 1447 haee
326 1416 422 1447 habet
445 1416 492 1458 (5,
521 1416 583 1454 10,
615 1414 688 1457 15):
711 1414 895 1445 »Hactenus
918 1413 957 1445 de
981 1413 1083 1457 primo

121 1476 273 1520 Europae
291 1476 380 1517 sinu3
403 1490 420 1508 a
438 1477 552 1508 Locris
568 1476 680 1507 Italiae
706 1476 794 1507 frons
817 1475 938 1519 incipit,
966 1476 1084 1516 Magna

122 1537 260 1571 Graecia
287 1539 464 1582 appellata,
492 1538 525 1569 iu
558 1543 624 1568 tres
651 1537 739 1568 sinus
766 1537 920 1569 recedens
944 1535 1084 1567 Ausonii

121 1601 233 1641 maris,
254 1605 258 1617 “·
281 1602 433 1645 qnoniam
470 1600 624 1632 Ausones
666 1606 799 1632 tenuere
839 1600 950 1644 primi5
996 1605 1085 1644 patet

120 1664 296 1697 LXXXVI
321 1665 358 1698 M
378 1676 500 1708 pass.«3
531 1670 643 1697 noster
670 1670 775 1696 autem
802 1663 961 1707 loquitur,
992 1663 1085 1708 quasi

121 1732 209 1759 totus
230 1726 320 1758 sinus
339 1725 523 1758 Ausonium
547 1738 632 1758 mare
656 1726 843 1770 appelletur.

198 1779 371 1834 dicuntur]
404 1788 545 1821 Codices
574 1787 866 1828 Reiduenmmnsis,
905 1787 1083 1818 Darmstat-

123 1852 240 1892 tensis,
276 1858 310 1884 et
340 1852 548 1885 Monacensis
581 1852 636 1895 (C)
668 1853 807 1890 dicitur,
840 1851 926 1893 quod
959 1861 1082 1881 corree-

123 1916 244 1948 tionem
269 1915 346 1948 olet.
377 1916 428 1947 De
452 1914 645 1946 Hannibalis
674 1915 787 1947 castris
815 1914 886 1945 vide
913 1925 1008 1957 supra
1031 1912 1085 1956 (ad

123 1977 265 2024 §.G40).
306 1978 373 2010 Pro
404 1980 523 2022 viqinti
552 1977 603 2010 hie
637 1977 765 2021 quidem
792 1977 926 2010 Grotius
951 1975 1085 2018 margini

124 2042 294 2086 adscripsit
310 2042 542 2089 quadraginta,
564 2047 597 2072 nt
615 2047 664 2072 est
682 2041 765 2084 apud
786 2039 933 2072 Solinum
946 2039 994 2084 (2,
1012 2039 1084 2083 25).

199 2105 288 2136 abest
311 2102 493 2149 octoginta]
529 2103 655 2135 Plinius
679 2101 931 2135 Lxxv.Gnor.
947 2119 994 2125 —
1023 2101 1085 2133 La-

124 2166 241 2199 cinium
260 2166 397 2207 seilicet,
418 2177 484 2198 non
506 2165 656 2209 oppidum
676 2164 794 2204 Croto,
824 2164 909 2207 quod
930 2163 1085 2207 seqnitur,

127 2230 286 2274 siquidem
318 2230 376 2262 CL
407 2229 536 2270 stadiis,
571 2230 632 2260 hoc
661 2234 711 2260 est
739 2228 836 2272 paulo
872 2227 976 2259 minus
1006 2227 1085 2258 xlx

125 2290 171 2324 Μ.
194 2302 281 2335 pass.
305 2290 403 2322 distat
431 2303 449 2322 a
474 2291 606 2323 Lacinio
634 2291 752 2330 Croto,
783 2288 938 2322 Straboni
965 2289 1003 2321 L.
1025 2289 1086 2329 VI,

126 2367 159 2399 p.
175 2354 263 2388 262.
298 2352 352 2385 Ex
377 2365 440 2396 qua
464 2359 573 2385 nostra
598 2353 873 2386 animadversione
895 2353 1086 2386 Martianum

127 2416 231 2461 ipsum
254 2414 448 2447 emendabis.
457 2414 618 2446 {Imm-tx.
637 2416 691 2459 (ad
713 2415 797 2447 Plin.
814 2417 855 2456 5,
885 2416 947 2456 11,
977 2415 1046 2458 15).

202 2476 313 2524 Croto]
339 2478 405 2511 Hic
425 2478 534 2511 docuit
556 2479 772 2522 Pythagoras,
803 2480 888 2512 unde
914 2479 1089 2512 Crotonius

129 2540 242 2574 dictus.
274 2540 337 2572 Est
371 2540 458 2572 enim
489 2536 720 2587 κροτώνειος
749 2541 867 2584 gentile
893 2554 911 2573 a
943 2537 1094 2587 κροτῶν

129 2607 212 2635 teste
235 2601 413 2648 Stephano.
439 2601 623 2636 Arnobius:
648 2602 737 2636 »Vos
761 2603 907 2644 Platoni,
922 2615 992 2652 'vos
1012 2602 1091 2637 Cro-

1136 1351 1241 1391 tonio,
1271 1363 1329 1382 vos
1353 1350 1529 1391 Numenio,
1557 1350 1608 1381 vel
1630 1350 1678 1382 cui
1704 1349 1833 1381 libuerit
1854 1348 2020 1387 creditis‹=;
2047 1347 2092 1378 ni·

1134 1415 1179 1445 hil
1212 1414 1296 1445 enim
1323 1414 1508 1445 mutandum
1534 1413 1647 1444 sentio.
1679 1412 1858 1454 Conjungit
1880 1417 1912 1442 et
1936 1411 2011 1442 alibi
2030 1410 2092 1442 Ar-

1134 1475 1251 1507 nohius
1277 1475 1493 1518 Pythagoram
1518 1486 1588 1505 cum
1614 1474 1769 1513 Platone,
1801 1478 1836 1504 nt
1858 1472 1912 1503 lib.
1935 1472 1983 1504 II:
2011 1471 2093 1514 »Py-

1134 1540 1283 1581 thagoras
1302 1550 1452 1570 numeros
1475 1537 1556 1569 seit‘?
1582 1537 1804 1580 Incorporales
1824 1537 1941 1568 formas
1963 1535 2086 1566 Plana«

1135 1602 1299 1634 Gnor.—
1331 1601 1484 1633 Crotonis
1513 1601 1662 1631 laudibus
1689 1600 1803 1643 plenus
1829 1605 1878 1631 est
1902 1598 2019 1632 Strabo
2045 1598 2093 1640 (6,

1133 1679 1165 1710 p.
1179 1666 1253 1697 262
1273 1663 1437 1706 Casaub.).
1463 1663 1651 1696 variantem
1667 1662 1837 1696 lectionem
1855 1662 1997 1695 Crotona
2013 1673 2091 1692 mar-

1135 1726 1200 1769 gini
1228 1726 1362 1759 Grotius
1392 1725 1573 1768 adscripsit.

1207 1786 1400 1832 plurimum]
1449 1787 1563 1818 Codex
1598 1785 1804 1818 Monacensis
1840 1783 1908 1830 (Cf)
1938 1786 2095 1829 primum,

1133 1852 1233 1891 male3
1252 1851 1392 1882 Plinium
1405 1850 1487 1881 enim
1502 1851 1549 1894 (5,
1570 1851 1627 1890 11,
1647 1850 1705 1893 16)
1716 1855 1826 1881 noster
1840 1849 1994 1893 sequitur,
2011 1848 2095 1892 apud

1134 1928 1228 1960 quem
1252 1921 1315 1946 est:
1340 1926 1422 1958 »quo
1441 1915 1623 1958 longissime
1641 1916 1675 1945 in
1693 1926 1781 1946 mare
1799 1915 1946 1946 excurrit
1966 1912 2088 1945 Italiam

1208 1976 1443 2022 Ilydruntnm]
1477 1978 1565 2019 Lege
1592 1978 1817 2020 Ilydruntem5
1847 1973 1995 2024 ὕδρους
2017 1976 2093 2007 Pto-

1134 2039 1268 2072 lemaeo.
1295 2038 1370 2071 Alia
1395 2039 1434 2071 al)
1453 2040 1511 2071 hae
1532 2038 1870 2083 Hydrusa.Gn01-.-—-
1892 2039 2005 2071 Codex
2022 2037 2091 2070 Μο-

1135 2101 1282 2134 nacensis
1297 2100 1355 2145 (A)
1375 2101 1571 2140 Forentum,
1595 2101 1677 2132 alter
1696 2101 1751 2145 (C)
1775 2107 1806 2132 et
1826 2098 2092 2132 Darmstattensis

1134 2167 1335 2204 Foruntum,
1362 2165 1448 2209 quod
1472 2171 1504 2197 et
1528 2164 1820 2205 Reichenauensis,
1847 2165 1905 2196 sed
1928 2177 1946 2196 a
1969 2174 2091 2196 corree-

1136 2235 1205 2262 tore
1233 2229 1373 2273 praebet.
1417 2229 1539 2261 Verum
1571 2229 1699 2261 Plinius
1732 2230 1942 2272 IIydrunlnm
1981 2226 2092 2258 habet,

1137 2293 1224 2337 quod
1251 2292 1349 2334 igitur
1383 2292 1522 2333 servavi,
1566 2292 1711 2336 quamvis
1742 2292 1811 2336 ipsc
1841 2290 1966 2322 Plinius
1996 2287 2091 2332 paulo

1138 2353 1271 2387 inferius
1293 2355 1332 2385 ab
1354 2354 1530 2397 Hydrunte
1553 2354 1679 2387 scribat.

1215 2416 1321 2448 decem
1351 2421 1382 2447 et
1408 2414 1565 2463 quatuor]
1606 2416 1649 2447 Et
1675 2420 1740 2446 tres
1768 2411 1902 2444 Plinius.
1923 2411 2028 2443 Gnor.
2044 2427 2090 2432 —

1141 2478 1256 2511 Codex
1281 2476 1556 2509 Reiehenauensis
1587 2483 1618 2508 et
1646 2487 1776 2513 novem,
1807 2484 1900 2517 qnam
1923 2470 2092 2503 lectionem

1138 2541 1205 2584 jam
1233 2538 1368 2571 Grotius
1391 2538 1525 2581 margini
1551 2537 1771 2580 adscripscrat.

1217 2598 1388 2647 barbaros]
1417 2600 1548 2646 Alpium
1577 2597 1700 2630 incolae
1730 2593 1928 2637 intelligendi
1954 2604 2026 2626 esse
2051 2592 2095 2626 vi-

1603 2661 1650 2694 07
1674 2657 1697 2683 ἧς
