2310 2860
87 642 175 685 959

201 139 292 183 746

210 246 291 289 alia
328 243 605 286 modulamur
641 255 718 296 per
763 253 940 295 agogen,
983 237 1065 278 alia
1104 252 1180 292 per
1218 237 1379 293 plocen.

769 131 968 175 Martiani
1000 130 1201 187 Capellae
1228 129 1300 172 lib.
1331 130 1410 172 IX.
1442 132 1474 183 §.
1497 131 1596 173 958.

1447 238 1529 279 Per
1570 252 1726 294 agogen
1774 250 1853 291 est,
1903 257 2041 297 quum
2083 258 2159 298 per

205 328 396 370 ordinem
429 337 556 364 sonus
587 321 804 377 sequitur3
835 319 954 375 ploce
980 327 1122 360 autem
1148 317 1324 370 dicitur,
1355 332 1494 373 quum
1525 318 1693 361 diversa
1724 320 1946 363 sociamus,
1988 324 2156 366 Exhinc

206 410 248 452 in
276 404 535 448 modulando
567 404 647 445 alia
681 403 825 444 euthia
860 402 1035 453 dicitur,
1081 399 1198 457 quod
1232 410 1457 454 estrecta3
1504 401 1583 442 alia
1616 389 1909 458 anacamptos,
1947 405 2063 458 quod
2096 416 2156 447 est

206 494 444 537 revertens3
489 484 568 524 alia
607 483 877 539 periplierOS‚
922 482 1004 523 hoe
1036 492 1095 523 est
1125 483 1422 525 circumstans:
1468 484 1610 525 euthia
1642 494 1723 535 est,
1769 500 1880 540 quae
1911 501 1933 526 a
1965 486 2084 541 gravi
2117 487 2158 528 in

209 581 391 609 acumen
425 565 618 620 erigitur3
664 572 959 619 anacamptos,
1010 577 1121 618 quae
1156 578 1179 604 e
1217 564 1425 606 contrario
1457 563 1615 616 deficit3
1663 564 1928 621 peripheres,
1966 579 2077 620 quae
2110 564 2161 607 ad

207 656 436 700 utramque
462 655 533 686 aut
555 643 854 685 commodatur
879 653 951 685 aut
970 644 1113 687 servit.
1149 643 1231 685 Sed
1259 659 1397 700 quum
1422 644 1814 696 tetrachordorum,
1846 660 1953 701 quos
1983 644 2160 700 quadri-

205 727 309 769 fidos
332 726 611 782 appellamus,
641 725 866 767 divisiones
890 725 1224 766 innumerabiles
1246 726 1339 778 sint,
1370 741 1443 768 sex
1468 736 1566 768 sunt
1591 735 1734 767 notae:
1759 727 2033 775 enarmoniae
2052 741 2160 781 una3

206 807 434 849 chromatis
465 816 567 858 tres,
610 820 796 862 quarum
830 806 968 862 prima
1000 820 1111 860 quae
1144 807 1284 847 mollis
1320 821 1368 848 ae
1398 807 1555 859 soluta,
1601 808 1787 850 secunda
1818 823 1929 864 quae
1959 807 2160 850 hemiolia

206 900 285 942 est,
325 891 444 931 tertia
490 904 601 945 quae
642 899 701 931 est
740 889 873 942 tonia3
920 889 1154 930 diatonicae
1191 888 1324 939 duae,
1373 902 1459 930 una
1503 889 1663 941 mollis,
1704 890 1833 931 altera
1864 890 2049 931 robusta.

2107 889 2161 930 Et

203 970 353 1014 modos
381 970 557 1027 quidem
589 972 738 1028 accipit
767 971 1017 1013 enarmonia
1049 985 1074 1013 a
1107 970 1393 1012 tetartemoria
1417 969 1541 1022 diesi,
1572 970 1616 1011 id
1640 980 1700 1012 est
1728 971 1813 1012 toni
1837 980 1955 1026 parte
1980 979 2159 1026 quarta3

276 1141 334 1174 per
363 1128 506 1176 aqoqen]
546 1130 685 1162 Uberius
719 1129 881 1162 Aristides
918 1130 1158 1174 Quinctilianus

203 1192 246 1236 (p.
261 1192 309 1224 29
326 1192 490 1235 Meibom.)
514 1192 651 1235 explicat
673 1204 753 1236 quae
779 1198 957 1235 sequuntur
982 1193 1068 1223 hisce
1090 1204 1158 1224 ver-

203 1255 268 1287 bis:
301 1252 490 1300 ιιἈγωγῆς
526 1253 596 1297 μὲν
635 1247 708 1288 οὖν
743 1254 821 1300 εἴδη
857 1253 962 1300 τρια·
1005 1251 1156 1297 εὐθεῖα,

203 1312 528 1360 ἀνακάμπτουσα,
556 1313 779 1361 περιφερής.
814 1312 965 1350 Εὐθεῖα
993 1314 1064 1359 μὲν
1086 1309 1159 1350 οὖν

205 1381 324 1422 ἐστιν,
352 1375 375 1424 ἦ
399 1375 462 1413 dcci
485 1377 565 1411 τῶν
591 1377 685 1423 ἑξῆς
711 1375 904 1425 φθόγγων
929 1376 1004 1423 τήν
1029 1378 1157 1412 ἐπιτα-

204 1446 265 1477 σιν
283 1440 510 1486 ποιουμένη.
537 1437 853 1484 Ἀνακιὲμπτουσα
870 1439 929 1482 δὲ,
951 1438 973 1486 ἠ
993 1438 1056 1475 ὃιὰ
1076 1440 1158 1474 τῶν

204 1503 406 1547 ἑπομένων
432 1500 677 1538 ἀποτελοῦσα
706 1501 780 1549 τήν
802 1500 1013 1549 βαρύτητα.
1047 1504 1157 1549 Περι-

203 1564 327 1614 φερὴς
357 1564 416 1608 δὲ,
451 1562 475 1610 ἡ
511 1562 610 1600 κατὰ
642 1564 899 1610 συνημμένων
927 1564 998 1609 μὲν
1021 1564 1156 1601 ἐπιτει-

202 1630 343 1670 νουσα,
367 1622 466 1661 κατὰ
480 1624 763 1672 διεζευγμένων
777 1623 975 1670 δ’ἀνιεῐσα,
1003 1623 1029 1672 ἢ
1048 1627 1157 1677 ἐναν-

203 1690 329 1732 τίως.«

277 1751 426 1797 erigitur]
454 1752 527 1786 MS.
546 1768 557 1782 υ
565 1754 675 1784 oritur.
683 1767 694 1782 «
714 1752 788 1785 Non
802 1754 899 1793 male,
924 1766 994 1785 nam
1012 1754 1158 1797 sequitur

202 1814 394 1847 contrarium
420 1813 567 1856 »deficihu
584 1813 688 1846 Gnor.
702 1833 749 1838 —
767 1814 886 1847 Melius
910 1817 1059 1859 erigitur,
1082 1816 1156 1859 quia

203 1875 348 1919 sequitur
367 1876 401 1906 in
423 1887 568 1906 acumen.

279 1936 487 1985 quadrifidos]
515 1937 547 1969 Α
562 1944 700 1985 quatuor
716 1944 748 1970 et
760 1939 840 1982 fides
856 1939 959 1971 minus
975 1940 1053 1972 scite
1072 1952 1155 1972 com-

203 2000 344 2045 positum
364 2000 563 2032 vocabulum.
582 2000 723 2033 Mnmou.
743 2019 791 2023 —
821 2001 1003 2045 Usurputur
1029 2002 1156 2046 quidem

203 2076 267 2096 vox
293 2064 347 2095 illa
373 2064 412 2094 ab
438 2063 564 2106 optimis
597 2063 820 2106 scriptoribus,
845 2065 998 2107 Virgilio,
1023 2066 1155 2098 Valerio

203 2127 337 2165 Flacco,
373 2124 570 2163 Columella,
610 2124 805 2165 Claudiano,
841 2126 925 2166 aliis,
955 2127 1011 2158 sed
1030 2132 1153 2159 utnon

204 2202 223 2222 a
247 2190 364 2233 fidibus
390 2188 446 2220 sed
466 2200 482 2219 a
505 2187 656 2231 findendo
679 2188 848 2221 derivanda
872 2191 913 2221 sit
933 2196 964 2222 et
989 2191 1154 2238 quadrifa-

203 2254 286 2284 riam
304 2251 415 2294 fissum
436 2249 609 2291 significet3
637 2255 746 2281 nostro
772 2251 842 2282 loeo
869 2252 908 2282 ab
933 2264 971 2283 eo
995 2253 1080 2295 quod
1105 2259 1155 2285 est

202 2316 297 2359 fides,
329 2310 471 2359 χορδή,
506 2312 670 2344 formatam
695 2326 765 2345 esse
790 2314 925 2346 dubitari
951 2327 1016 2347 non
1038 2321 1156 2360 potest.

279 2373 505 2420 enarmoniae]
532 2374 646 2407 Codex
674 2375 907 2408 Meiboinianus
927 2378 1006 2409 alter
1024 2378 1080 2421 (B)
1101 2391 1155 2410 en-

205 2442 360 2479 armonii,-
387 2439 443 2471 sed
469 2440 635 2471 divisionis
658 2439 870 2483 supplendum
892 2453 963 2473 esse
986 2442 1054 2485 ipse
1076 2442 1155 2474 Mei-

204 2502 330 2534 homins
353 2501 485 2532 inferius
510 2501 677 2532 intellexit.
711 2500 768 2534 Sic
794 2514 868 2534 mox
897 2504 1093 2543 diatonicae,
1124 2509 1157 2536 ct

206 2564 241 2596 in
261 2564 323 2595 fine
355 2563 541 2608 paragraphi
564 2563 677 2595 iterum
707 2566 931 2604 enm-moniue,
967 2566 1019 2597 ubi
1046 2567 1157 2599 eadem

1358 1074 1369 1089 Ι

1209 1131 1357 1164 varietas.
1390 1128 1452 1160 Rei
1477 1128 1684 1160 illustrandae
1705 1128 1893 1168 inservient,
1931 1139 2012 1172 quae
2040 1127 2116 1159 olim
2142 1139 2160 1159 a

1208 1192 1372 1223 Boeckhio
1392 1202 1464 1222 cum
1480 1190 1669 1220 Heindorlio
1693 1189 1745 1232 (ad
1769 1190 1851 1220 Plat.
1874 1189 2006 1232 sophist.
2028 1202 2057 1232 p.
2071 1189 2161 1232 568)

1209 1254 1438 1287 communicata
1466 1252 1587 1294 integra
1618 1251 1668 1283 liic
1691 1264 1851 1296 apponere
1881 1253 1991 1284 liceatz
2010 1252 2158 1284 „Etenim

1209 1330 1248 1349 ex
1269 1330 1326 1348 sex
1352 1317 1415 1348 illis
1434 1316 1596 1348 coloribus
1619 1327 1702 1347 uuus
1726 1315 1757 1346 in
1774 1315 2014 1355 enharmonico,
2046 1315 2110 1347 duo
2126 1315 2159 1348 in

1208 1379 1382 1419 diatonica,
1407 1378 1528 1409 tresin
1552 1377 1743 1409 chromatico
1765 1389 1880 1418 genere
1905 1382 1991 1411 sunt.
2016 1376 2055 1409 In
2071 1378 2160 1410 chro-

1208 1448 1290 1474 mate
1316 1448 1365 1474 est
1389 1442 1479 1473 color
1496 1437 1689 1487 ἡμιόλιος,
1712 1441 1802 1473 color
1825 1444 2013 1485 τονιαῖος,
2042 1447 2075 1473 et
2093 1453 2160 1486 μα·

1207 1502 1342 1543 λακὸςε
1381 1504 1446 1535 sive
1481 1499 1661 1550 ἡμιόλιον
1695 1502 1856 1549 χρῶμα,
1892 1507 2067 1538 τονιαῖον
2090 1503 2158 1537 sive

1208 1562 1398 1601 σύντονον
1410 1563 1572 1611 χρῶμα,
1598 1570 1630 1596 et
1647 1563 1791 1611 χρῶμα
1817 1560 2003 1608 μαλακόν.
2030 1565 2071 1597 In
2092 1565 2158 1598 dia-

1207 1635 1284 1662 tono
1304 1631 1367 1662 duo
1390 1630 1515 1662 colores
1535 1635 1609 1661 sunt
1630 1624 1812 1663 ὃιάτονον
1826 1626 2017 1664 σύντονον
2036 1635 2069 1662 et
2082 1626 2159 1665 ὃιά-

1206 1703 1325 1726 τονον
1352 1688 1538 1735 μαλακόν.
1578 1691 1637 1722 Illa
1668 1686 1836 1725 σύντονα
1865 1696 1940 1722 sunt
1970 1693 2157 1733 intentior-a,

1206 1750 1361 1797 μαλακὰ
1378 1754 1531 1784 molliora.
1558 1752 1684 1784 Euclid.
1701 1752 1968 1784 introd.harn10n.
1982 1766 2012 1797 p.
2026 1748 2083 1786 10ss
2103 1756 2159 1788 11.

1205 1817 1352 1850 Aristox.
1370 1819 1469 1850 hal-m.
1493 1817 1584 1849 elem.
1605 1816 1636 1856 I,
1665 1829 1694 1860 p.
1712 1817 1759 1848 24
1783 1829 1870 1860 sequ.
1911 1817 2069 1851 Gaudent.
2088 1819 2158 1851 liar·

1206 1892 1289 1912 mon.
1306 1880 1420 1910 inti-od.
1441 1892 1472 1923 p.
1489 1880 1561 1910 17.«
1595 1879 1694 1910 Plura
1716 1879 1804 1910 dabit
1823 1879 1906 1910 idem
1923 1879 1995 1912 loco
2012 1881 2159 1925 superius

1206 1942 1301 1975 citato
1320 1941 1373 1984 (de
1399 1946 1489 1972 metr.
1510 1940 1605 1972 Pind.
1627 1952 1657 1983 p.
1675 1940 1772 1983 207).

1281 2001 1387 2047 tonia]
1420 2003 1560 2033 Toniaea
1587 2002 1752 2034 emendavi
1778 2002 1944 2046 utriusque
1969 2003 2079 2049 scripti
2094 2004 2157 2037 lee-

1205 2065 1325 2097 tionem
1350 2066 1456 2103 tonia,
1482 2076 1564 2108 quae
1588 2064 1682 2095 etiam
1704 2064 1736 2095 in
1758 2065 1898 2107 margine
1918 2066 1994 2097 editi
2016 2067 2158 2098 hahetur.

1205 2127 1352 2159 Pessime
1367 2126 1400 2158 in
1415 2131 1503 2158 textu
1513 2127 1866 2159 ‹limonia-Blnmou—
1876 2127 2065 2159 Antei-iores
2079 2140 2157 2172 quo·

1207 2202 1270 2235 que
1303 2190 1459 2221 editiones
1486 2192 1574 2222 tonia
1602 2190 1735 2230 liabent,
1772 2202 1866 2234 quam
1890 2190 2060 2223 lectionem
2083 2192 2156 2224 reti-

1205 2253 1277 2294 nui⁷
1307 2252 1409 2284 donee
1430 2251 1555 2284 codices
1578 2251 1773 2283 usitatiorem
1795 2253 1925 2283 fon-mam
1944 2253 2156 2296 praebuerint.

1278 2313 1404 2360 modos]
1432 2315 1488 2348 Sic
1513 2321 1647 2358 uterque
1672 2315 1818 2358 scriptus.
1851 2315 1968 2347 Editus
1991 2329 2155 2361 perperam

1206 2377 1326 2409 modus.
1341 2377 1545 2409 anon.—
1579 2375 1695 2406 Editus
1722 2388 1835 2419 nempe
1859 2388 1876 2408 a
1901 2376 2034 2420 Groti03
2070 2391 2155 2411 iiam-

1207 2453 1270 2486 que
1298 2445 1369 2472 ante
1393 2452 1466 2471 eum
1489 2439 1566 2471 editi
1593 2445 1679 2471 reete
1701 2440 1861 2472 habebant
1882 2441 1999 2473 modos.

1281 2499 1486 2546 enarmonia]
1514 2500 1635 2545 Scripti
1663 2504 1894 2544 enarmonion5
1933 2503 2037 2535 editus
2062 2516 2154 2536 enar·

1208 2565 1332 2604 monia,
1356 2563 1442 2609 quod
1463 2562 1536 2595 ferri
1557 2568 1666 2610 potest
1689 2563 1857 2597 subaudito
1884 2565 2152 2600 ‹livisio.ltlnrno‚1.
