2310 2860
747 140 945 183 Martiani
985 141 1183 199 Capellae
1225 143 1296 184 lib.
1320 143 1352 184 Ι.
1383 145 1413 195 §.
1438 144 1512 186 64.

2030 151 2113 191 105

156 246 350 289 Adrastia
388 246 631 300 dicebatur,
680 261 838 290 urnam
877 249 1071 291 coelitem
1109 263 1402 305 superamque
1439 259 1597 292 sortem
1635 252 1925 295 irrevocabilis
1965 263 2110 309 raptus

156 327 367 368 celeritate
397 328 646 383 torquebat,
686 330 1011 386 excipiebatque
1043 347 1096 372 ex
1137 330 1319 373 volubili
1349 330 1452 371 orbe
1483 330 1718 373 decidentes
1749 333 1949 389 sphaeras
1980 334 2108 389 peplo

155 407 300 450 inflexi
332 410 510 466 pectoris
537 416 766 464 Εἱμαρμένη.

229 502 400 549 Adrastia]
429 502 479 537 CR
507 505 703 548 praeclarum
718 505 824 537 locum
844 504 1005 538 Ammiani
1025 507 1109 539 Mar-

153 565 261 599 cellini
284 567 364 611 (14,
390 569 431 600 11
445 591 456 609 ,
477 582 507 612 p.
528 570 576 601 (35
602 569 774 614 Gronov.)=
799 570 914 601 »ndu-ix
934 571 1109 602 facinorum

151 626 331 672 impiorum,
356 629 578 674 honorumque
593 631 796 675 praemiatrix
815 632 991 671 Adrastea,
1014 644 1109 675 quam

151 690 309 723 vocabulo
339 692 459 736 duplici
495 693 589 725 etiam
619 694 774 726 Nemesin
805 694 1024 737 appellamus,
1053 694 1108 736 jus

152 752 314 795 quoddam
330 753 464 786 sublime
483 755 620 787 numinis
635 755 781 796 efficacis,
802 757 1009 788 humanarum
1023 768 1109 787 mcu-

151 814 231 846 tium
252 815 402 859 opinione
426 816 529 848 lunari
554 817 672 849 circulo
699 819 952 862 superpositum,
979 818 1048 858 vel,
1074 823 1109 849 ut

152 877 308 910 definiunt
332 878 405 919 alii,
439 879 658 911 substantialis
682 880 782 911 tutela
804 881 944 922 generali
966 880 1109 924 potentia

151 940 320 984 partilibus
347 940 533 985 praesidens
563 941 655 982 satis3
696 954 792 985 quam
820 942 962 984 theologi
984 947 1108 973 veteres

150 1002 308 1046 fingentes
333 1002 486 1035 Justitiae
514 1005 611 1036 filiam
643 1017 684 1037 ex
714 1005 820 1036 abdita
849 1005 985 1049 quadam
1008 979 1108 1036 aete-1·-

149 1064 250 1097 uitate
274 1065 403 1098 tradunt
428 1065 613 1110 despectare
637 1073 774 1099 terrena.
799 1067 907 1108 Hace,
928 1068 1050 1111 iuquit,
1073 1072 1109 1097 ut

149 1126 259 1168 regina
294 1139 461 1159 causarum
490 1134 523 1159 et
549 1129 665 1160 arbitra
700 1141 805 1160 rerum
837 1142 872 1160 ac
903 1128 1109 1172 disceptatrix

149 1200 266 1221 urnam
275 1190 409 1221 sortium
425 1194 590 1233 temperat,
606 1191 816 1222 accidentium
832 1191 917 1221 vices
936 1190 1109 1231 alternans,

150 1251 412 1295 voluntatumque
430 1257 610 1284 nostrarum
627 1264 742 1284 exorsa
759 1253 917 1284 interdum
933 1251 996 1283 alio
1014 1263 1109 1295 quam

153 1324 219 1357 quo
247 1313 478 1345 contenderant
496 1314 584 1345 exitu
610 1314 783 1346 terminans
805 1313 997 1358 multiplices
1019 1319 1108 1345 actus

153 1376 365 1421 permutando
390 1376 571 1417 convolvit,
606 1378 781 1420 cademque
805 1377 1004 1409 necessitatis
1022 1378 1108 1409 inso—

152 1438 243 1470 lubili
261 1437 437 1470 retinaculo
463 1438 663 1469 mortalitatis
681 1438 823 1470 vinciens
851 1439 952 1469 fastus
985 1444 1108 1469 tumen-

151 1508 200 1534 tes
228 1502 407 1542 incassum,
432 1507 463 1533 et
490 1502 759 1533 incrementorum
783 1502 1109 1545 detrimentorumque

152 1569 312 1597 momenta
341 1575 473 1595 versans
506 1574 592 1594 nunc
626 1568 748 1593 erectas
781 1563 934 1594 mentium
970 1563 1108 1594 cervices

152 1628 302 1674 opprimit
337 1633 369 1659 et
407 1632 582 1666 enervat«,
628 1632 689 1658 cet.
729 1625 830 1656 Plura
873 1625 912 1656 de
948 1624 1110 1656 Adrastea

152 1690 240 1723 dabit
270 1689 456 1735 Spanlieim.
481 1689 521 1720 ad
535 1687 662 1720 Gallim.
680 1689 712 1720 h.
729 1686 840 1731 Apoll.
857 1699 886 1718 v.
901 1688 989 1726 1073
1007 1687 1110 1729 &Vlt-

153 1754 300 1788 tenhacli.
322 1753 364 1785 ad
383 1753 469 1785 Plut.
493 1751 534 1783 de
564 1763 634 1783 sera
659 1763 746 1783 num.
770 1751 854 1783 vind.
876 1763 908 1795 p.
927 1750 997 1782 107
1017 1755 1049 1781 et
1071 1748 1110 1781 ad

153 1818 238 1850 Plat.
269 1816 391 1850 Phaed.
424 1830 456 1862 p.
486 1816 580 1857 251,
619 1821 652 1848 et
678 1815 861 1847 Blomfield.
889 1814 929 1846 ad
956 1813 1109 1856 Aeschyl.

154 1880 317 1912 Prometh.
339 1891 368 1912 v.
392 1879 476 1910 972.
512 1877 659 1910 Eandem
685 1889 756 1908 esse
779 1889 850 1909 eum
879 1876 960 1907 Fato
990 1880 1023 1906 et
1045 1875 1109 1906 Ne-

155 1942 303 1974 cessitate
328 1939 524 1973 Aristoteles
555 1939 721 1971 confirmat
750 1939 803 1982 (de
832 1937 951 1969 mundo
980 1949 1007 1968 c.
1031 1938 1052 1968 7
1078 1943 1110 1968 et

155 2005 188 2036 in
210 2001 346 2036 Stobaei
362 2002 483 2044 eclogis
511 2002 540 2032 1.
558 2002 593 2034 6.
609 2001 669 2041 22,
689 2013 721 2044 p.
740 2001 811 2032 190
827 1998 992 2043 Heeren.),
1011 2009 1109 2042 quare

155 2080 266 2112 parurn
297 2066 405 2106 abest,
437 2065 516 2109 quin
545 2076 586 2096 ex
609 2065 680 2108 ipso
711 2064 849 2098 Platone
881 2063 1026 2095 hausisse
1052 2073 1108 2093 no-

155 2137 255 2165 strum
289 2129 438 2169 arbitrer,
470 2128 526 2172 qui
549 2127 701 2173 (Repuhl.
727 2129 791 2169 10,
825 2141 856 2172 p.
885 2128 958 2160 (316
985 2125 1111 2170 Ste'ph.)

154 2194 260 2226 fusum
282 2188 519 2238 (ἄτρακτον),
545 2202 609 2234 quo
634 2189 734 2221 totius
751 2189 861 2220 mundi
884 2189 984 2220 forma
1007 2188 1110 2231 expri-

155 2256 259 2295 mitur,
281 2253 323 2290 ἔν
335 2249 518 2299 Ἀνάγκης
529 2247 668 2298 >rimam
685 2248 923 2297 ὄτρέφεόθαι
940 2250 1000 2291 ait3
1030 2249 1112 2280 sicut

158 2321 250 2352 etiam
273 2318 468 2363 Apollonius
495 2316 643 2349 Rhodius
665 2315 809 2360 (Argon.
831 2316 865 2347 5.
890 2314 980 2359 155)
1009 2313 1111 2345 simile

159 2381 339 2420 artificium,
374 2391 439 2422 qno
473 2379 597 2410 orbium
632 2377 820 2410 coelestium
850 2388 963 2407 cursus
995 2375 1110 2417 signiti-

159 2448 286 2482 cantur,
311 2442 349 2473 ah
373 2440 532 2472 Adrastea
557 2440 640 2472 dono
666 2439 774 2470 datum
794 2437 873 2469 «Iovi
897 2437 989 2469 canit.
1024 2437 1112 2469 Urna

158 2518 234 2539 vero
259 2510 309 2536 est
342 2504 426 2536 unde
454 2508 557 2534 sortes
581 2508 719 2544 exeunt,
754 2502 881 2546 qualem
908 2501 1010 2538 Minoi
1034 2511 1111 2544 qno-

160 2580 222 2613 que
244 2565 355 2600 tribuit
379 2564 534 2607 Virgilius
560 2563 655 2607 (Aen.
683 2566 715 2597 G.
739 2563 837 2608 452).

829 411 981 452 Clotho
1012 429 1138 464 vero,
1184 412 1402 463 Lachesis,
1447 413 1738 469 Atroposque,
1776 415 1982 470 quoniam
2013 429 2110 456 sen·
2139 414 2198 457 65

1235 503 1416 553 torquebat]
1445 504 1570 538 Verba:
1593 505 1779 549 »torquebat
1807 506 2048 550 excipiebatque
2071 518 2112 538 ex

1160 568 1310 600 volubili«
1340 570 1375 601 in
1401 569 1552 610 Hugiano
1576 569 1685 601 codice
1711 569 1821 613 culpa,
1848 575 1884 601 ut
1903 569 2043 610 videtur,
2074 568 2112 600 li-

1159 632 1255 663 brarii
1280 632 1516 672 desiderantur,
1550 644 1723 676 eorumque
1749 633 1820 664 loco
1848 632 2020 663 absurdum
2052 633 2114 663 hoe

1160 694 1320 736 glossema
1346 695 1501 726 inscrtum
1531 701 1596 726 est:
1626 694 1758 728 „Sortes
1791 695 1875 726 enim
1899 700 2030 739 propter
2053 695 2111 725 hu-

1159 768 1283 787 manam
1305 756 1524 800 impotentiam
1548 762 1692 800 repertae
1713 761 1799 796 sunt,
1827 757 1900 799 quia
1921 768 1978 800 per
2004 767 2038 787 se
2056 766 2110 786 ne-

1160 817 1304 849 sciebant
1337 818 1483 849 homines
1520 817 1597 861 quid
1628 822 1734 857 esset,
1766 816 1818 848 vel
1843 816 1920 860 quid
1949 816 2112 848 vitandum

1159 881 1268 911 soret«

1233 939 1400 985 sphaeras]
1437 939 1475 972 ld
1507 945 1556 972 cst
1592 951 1708 983 gyros,
1746 951 1829 983 quos
1864 946 1933 971 rota
1969 938 2114 971 faciebat.

1159 1002 1262 1034 Vtro.
1278 1023 1325 1028 ——
1340 1003 1406 1035 'Vix
1425 1003 1569 1034 arbitror.
1592 1003 1643 1035 Cf.
1663 1003 1909 1046 descriptionem
1926 1002 2007 1041 Fati,
2026 1001 2114 1045 quod

1160 1065 1276 1097 Graeci
1293 1064 1561 1111 Πεπρωμένην
1577 1066 1644 1097 sive
1661 1064 1908 1111 Εἱμαρμένην
1925 1069 2051 1105 vocant,
2073 1075 2114 1096 ex

1160 1127 1334 1171 Chrysippi
1368 1127 1472 1159 Stoici
1509 1129 1667 1159 sententia
1704 1129 1789 1171 apud
1817 1127 1959 1160 Gellium
1990 1128 2037 1170 (G.
2059 1126 2113 1170 2):

1166 1191 1300 1222 »Fatum
1330 1195 1396 1230 est,
1433 1190 1555 1233 inquit,
1595 1190 1787 1234 sempiterna
1825 1189 1982 1234 quaedam
2011 1194 2045 1220 et
2068 1188 2116 1220 in-

1160 1253 1361 1286 declinabilis
1387 1254 1486 1285 series
1508 1265 1613 1285 rerum
1636 1260 1668 1285 et
1694 1259 1823 1293 catena,
1845 1253 1977 1284 volvens
2001 1257 2115 1283 semet-

1159 1317 1229 1360 ipsa
1258 1328 1330 1348 sese
1365 1322 1397 1348 et
1424 1316 1592 1360 implicans
1613 1328 1671 1361 per
1690 1323 1840 1348 aeternos
1869 1316 2116 1362 consequentiae

1161 1379 1313 1416 ordines,
1347 1389 1387 1408 ex
1412 1377 1529 1421 quibus
1560 1384 1634 1421 apta
1659 1389 1867 1420 connexaque
1898 1381 1975 1408 est«
2019 1374 2116 1408 Adde

1161 1438 1229 1470 Cic.
1256 1439 1295 1468 de
1320 1438 1383 1469 div.
1401 1439 1433 1478 1,
1456 1440 1514 1478 53,
1542 1438 1631 1478 1255
1666 1444 1698 1470 et
1720 1437 1842 1469 Euseh.
1865 1438 1981 1481 Praep.
2004 1447 2114 1479 evangr

1163 1502 1227 1540 15,
1258 1501 1322 1540 15,
1349 1512 1380 1543 p.
1403 1501 1488 1531 818.

1234 1563 1325 1605 peplo
1356 1563 1471 1605 inflexi
1497 1560 1646 1606 pectoris]
1688 1560 1870 1606 Hypallage
1904 1572 1963 1605 pro
1995 1561 2115 1593 inflexo

1160 1623 1256 1666 peplo
1291 1623 1441 1666 pectori«
1471 1622 1574 1655 Vuae.
1598 1641 1645 1645 —
1673 1622 1804 1653 Etenim
1836 1627 1872 1653 ut
1898 1623 1992 1653 orbes
2017 1621 2114 1666 peplo

1161 1683 1265 1727 excipi
1290 1689 1443 1726 possent,
1473 1684 1535 1714 hoe
1565 1683 1716 1713 inflexum
1743 1694 1815 1713 esse
1841 1683 1986 1714 debebat.

1235 1744 1472 1792 Εἱμαρμένη]
1502 1745 1540 1777 Iu
1563 1745 1657 1776 editis
1676 1745 1767 1777 libris
1787 1746 1965 1777 Imm—mine
1988 1744 2114 1787 legitur,

1160 1807 1194 1839 in
1221 1817 1316 1838 mauu
1342 1807 1467 1850 scriptis
1490 1806 1695 1847 Britannico,
1721 1806 1996 1849 Cantabrigiensi,
2026 1806 2114 1838 Bod-

1159 1871 1265 1913 lcjano
1290 1870 1411 1914 primo,
1438 1870 1687 1902 Monacensibus
1714 1870 1766 1914 (Β.
1786 1869 1824 1902 C.
1840 1869 1894 1914 E.)
1918 1861 2114 1908 Imamnen‘e,

1160 1931 1193 1963 in
1215 1931 1367 1975 Hugiano
1397 1943 1564 1976 perperam
1590 1933 1626 1963 in
1652 1944 1820 1963 marmore.
1855 1931 1977 1964 Glossa
2000 1931 2112 1964 Mona-

1162 1993 1265 2024 censis
1293 1992 1349 2036 (E)
1382 1992 1485 2024 addit:
1515 1992 1726 2024 »Ymarmene
1758 1992 1850 2036 quasi
1877 1992 2043 2036 proprium
2067 1992 2112 2023 fe-

1160 2056 1281 2096 minae,
1304 2067 1384 2099 quae
1400 2057 1462 2088 hoe
1483 2055 1628 2088 faciebat.
1654 2056 1886 2099 Interpretatur
1907 2055 1981 2100 (sic)
2007 2060 2112 2086 autem

1162 2132 1202 2152 ex
1230 2119 1355 2152 Graeco
1384 2120 1577 2151 Ymarmene
1607 2120 1732 2152 chrona
1759 2121 1927 2160 seneclaes,
1959 2118 2111 2163 temporis

1162 2181 1385 2213 continuatim«
1418 2181 1457 2213 In
1474 2180 1655 2223 Bodlejano
1679 2181 1774 2212 etiam
1793 2180 1902 2212 codiee
1924 2180 2033 2222 glossa
2057 2179 2109 2211 ad-

1161 2243 1224 2274 dit:
1253 2243 1408 2274 »Lunai-is
1434 2242 1512 2283 dea,
1549 2242 1625 2286 quia
1652 2254 1743 2274 mene
1771 2242 1865 2274 Luna
1894 2242 2044 2282 dieitur«,
2077 2246 2110 2271 et

1159 2306 1194 2338 in
1216 2305 1418 2339 Britannico:
1431 2306 1540 2338 »firma
1561 2306 1742 2339 memoriam
1776 2306 1868 2348 Quas
1888 2305 2040 2336 absurdas
2062 2303 2108 2334 in-

1161 2369 1405 2412 terpretationes
1432 2381 1505 2400 eum
1527 2368 1561 2401 in
1578 2369 1674 2400 finem
1694 2378 1918 2406 commemoro,
1946 2370 1980 2396 ut
2000 2363 2106 2408 palam

1160 2432 1234 2472 fiat,
1261 2432 1339 2464 nihil
1356 2433 1422 2464 fere
1438 2433 1478 2464 ab
1502 2432 1573 2464 istis
1599 2431 1779 2464 scholiastis
1795 2429 1873 2462 disci
1897 2439 1993 2472 posse
2009 2425 2051 2470 (ἓ.
2071 2427 2104 2457 2.

1161 2495 1250 2538 ΒΜ.)-
1281 2492 1522 2540 Εἱμαρμένην
1545 2500 1651 2525 autem
1679 2493 1802 2524 Latinis
1830 2489 1930 2521 literis
1955 2487 2105 2532 scriptam

1163 2558 1362 2591 Imarminen
1386 2568 1480 2591 nemo
1503 2555 1687 2594 mirabitur,
1719 2553 1836 2599 pariter
1859 2555 1944 2583 cei-tc
1969 2548 2106 2582 Ovidius

1664 2614 1709 2647 14
