2310 2860
183 207 269 251 122

785 199 985 245 Martiani
1014 197 1217 256 Capellae
1246 198 1318 240 lib.
1341 197 1372 240 I.
1412 199 1443 251 §.
1465 198 1535 241 81.

104 317 161 358 81
192 314 380 371 corporis
410 310 668 362 mundatus,
700 322 748 352 ae
773 308 985 366 despuens
1016 306 1181 349 divitias
1213 305 1485 361 oppressione
1516 307 1741 361 quaesitas.
1771 306 1942 349 Verum
1972 307 2148 363 utrique

194 397 364 439 diversa
394 394 575 448 conjux:
599 406 701 434 nam
732 391 802 433 hic
832 391 973 433 nudus
1006 390 1203 431 omnium
1225 388 1436 429 nutricem
1467 386 1738 444 deorumque
1763 388 1975 446 hospitam
2003 403 2152 431 seeum

192 478 327 530 ducit3
369 477 439 517 ille
479 474 668 532 puellam
708 473 944 516 accessibus
984 470 1290 527 gratulantem,
1336 483 1448 525 quae
1487 469 1543 510 ita
1583 469 1842 527 plerumque
1873 472 2044 528 frugem
2074 487 2152 514 ex-

192 556 461 613 poscentibus
503 555 670 607 tribuit,
717 564 763 596 ut
794 554 936 610 magni
967 551 1154 594 numinis
1187 560 1283 593 vota
1321 550 1402 592 sint
1433 549 1572 592 eidem
1603 549 1829 593 redhibere
1860 554 2152 594 centesimam.

109 637 167 680 82
195 624 362 678 Dehinc
395 635 567 677 admissi
598 636 803 678 Tonantis
833 635 964 692 ipsius
993 632 1081 675 filii.
1124 631 1239 673 Inter
1270 646 1377 687 quos
1408 632 1573 688 primus
1604 632 1782 688 quidem
1810 634 1942 676 ruber
1971 634 2153 685 iuvenis,

191 732 241 760 ac
263 733 401 760 vorax
424 719 619 760 omnium
643 719 862 774 sititorque
892 718 1017 758 etiam
1048 714 1263 770 sanguinis
1292 713 1577 769 gradiebatur.
1635 714 1755 756 Alter
1775 714 1918 756 suavis
1942 723 1981 756 et
2006 714 2154 764 comis,

241 823 315 861 nDi,
334 824 449 870 quibus
464 824 671 855 innumerum
690 824 786 854 vacui
800 822 1005 866 famulantur
1018 821 1146 853 Auerni

242 888 370 930 Vulgus
394 889 500 926 iners,
523 887 637 931 opibus
666 899 802 934 quorum
824 887 964 918 donatur
992 885 1094 917 avaris

241 951 408 997 Quidquid
434 952 468 981 in
495 952 567 982 orbe
591 952 674 993 perit
681 966 1013 978 ——————

189 1012 312 1044 Confer
340 1012 510 1042 Platonem
544 1010 597 1054 (in
621 1009 708 1042 Crat.
734 1023 766 1054 p.
787 1011 860 1042 405
889 1010 1039 1054 Steph.),
1067 1009 1143 1041 Dio-

187 1072 303 1103 dorum
324 1073 372 1115 (5,
396 1073 444 1104 [19
463 1078 494 1103 et
513 1072 589 1114 77),
617 1072 811 1104 scholiasten
832 1073 871 1104 ad
894 1072 1146 1116 Aristophanem

188 1134 290 1177 (Plut,
314 1134 418 1178 757),
439 1133 592 1165 Ovidium
613 1133 700 1177 (met.
727 1135 759 1174 1,
789 1134 890 1177 140),
912 1140 945 1166 et
961 1135 1145 1166 Phaedrum

187 1197 241 1241 (4,
271 1199 333 1237 11,
369 1197 413 1240 1).
451 1197 648 1228 Posidonius
677 1209 806 1241 quoque
842 1198 925 1241 apud
951 1198 1145 1230 Strabonem

187 1260 234 1303 (5.
260 1271 290 1302 p.
315 1259 402 1302 147)
427 1258 487 1299 ait,
514 1270 598 1290 »non
619 1263 743 1290 tantum
767 1264 884 1290 terram
907 1271 979 1290 esse
1003 1260 1144 1299 divitem,

188 1323 245 1354 sed
268 1322 350 1353 infra
377 1327 493 1354 terram
518 1323 612 1353 etiam
638 1334 710 1365 opes
736 1334 808 1354 esse
836 1324 999 1362 conditas,
1025 1323 1144 1367 quippe

186 1397 253 1417 non
274 1385 422 1425 ssadem,
447 1386 503 1417 sed
528 1386 701 1416 Plutonem
723 1385 767 1416 ibi
788 1386 958 1416 habitare.«

262 1445 438 1491 despuens]
472 1446 678 1478 Britannicus
713 1445 842 1489 quidem
873 1446 993 1486 codex,
1026 1446 1143 1478 Canta-

186 1511 371 1553 brigiensis,
398 1510 616 1550 BasileensiS,
643 1515 675 1541 et
695 1510 939 1542 Monacensiimi
960 1521 1044 1540 unus
1075 1509 1148 1554 (C),

186 1574 458 1618 Guelferbytanus
485 1573 579 1604 etiam
598 1578 682 1604 teste
703 1573 817 1605 Cortio
835 1574 985 1616 dispuens
1005 1573 1143 1614 habent,

185 1636 242 1668 sed
257 1642 367 1667 nostra
382 1635 490 1674 lectio,
507 1646 602 1677 quam
617 1633 712 1665 etiam
732 1634 860 1665 codices
877 1634 1142 1665 Darmstattensis

185 1705 217 1732 et
236 1699 407 1740 Hugianus
427 1697 597 1741 praebent,
623 1696 752 1728 omnino
773 1697 887 1728 melior
909 1703 973 1737 est,
1000 1697 1142 1741 quando-

187 1760 315 1805 quidem
337 1771 423 1791 mare
446 1758 671 1800 naufragorum
691 1759 777 1791 bona
799 1759 924 1802 despuit
945 1759 984 1790 ad
1009 1759 1094 1790 litus.

259 1822 383 1868 vemm]
411 1822 526 1856 Codex
548 1822 718 1865 Hugianus
745 1823 877 1867 fuerat3
903 1823 995 1854 male.
1031 1823 1143 1866 Oppo-

185 1891 305 1918 nuntnr
329 1884 413 1917 enim
446 1885 523 1917 haec
554 1883 833 1925 antecedentibus,
871 1885 926 1917 ubi
957 1885 1142 1929 Neptunum

185 1948 303 1992 pariter
320 1958 356 1978 ae
374 1946 549 1978 Plutonem
569 1946 714 1978 diadema
735 1952 860 1989 gestare
882 1947 1015 1988 dixerat,
1033 1959 1141 1991 quam-

186 2012 233 2043 vis
270 2011 448 2051 diversum3
500 2011 654 2054 conjuges
693 2017 798 2044 autem
835 2012 963 2045 omnino
999 2012 1142 2044 diversas

186 2079 354 2117 utriunque
377 2073 494 2104 habere
517 2073 569 2104 ait.

257 2133 426 2179 hospitam]
445 2134 588 2178 Neptuni
607 2134 726 2177 conjux
745 2134 815 2167 aliis
833 2134 1044 2179 Amphitrite,
1070 2136 1140 2168 aliis

185 2194 330 2236 Venilia,
361 2196 430 2227 aliis
454 2195 581 2228 Salacia
611 2196 807 2240 appellatur,
840 2209 973 2241 quarum
1009 2211 1141 2242 ecquam

185 2257 362 2290 Martianus
386 2257 597 2297 intellexerit,
620 2268 686 2289 non
708 2257 894 2299 decernam,
932 2260 1012 2292 illud
1035 2267 1140 2292 tamen

187 2320 391 2365 perspicuum
419 2326 470 2353 est
500 2326 643 2352 nostram
674 2321 792 2365 pariter
820 2329 915 2367 atque
942 2323 1014 2355 illas
1042 2326 1141 2357 maris

187 2385 240 2419 vel
268 2398 372 2434 aquae
404 2398 575 2431 personam
605 2398 734 2429 gerere,
771 2401 866 2432 quam
898 2391 1057 2422 nutricem
1086 2402 1140 2422 on·

187 2450 278 2480 nium
309 2449 352 2480 ait
383 2448 496 2480 codem
529 2460 626 2481 sensu
657 2461 722 2493 quo
752 2450 870 2483 Thales
906 2456 1043 2496 anteque
1069 2464 1143 2484 cum

187 2509 350 2542 Homerus

223 2565 404 2606 Ὠκεανὸν
421 2583 461 2606 τε
476 2569 745 2617 θεώνγένεόιν
763 2571 826 2608 καὶ
841 2573 988 2621 μητέρα
1003 2571 1143 2621 Τηθὺν

193 2630 289 2673 (Plat.
322 2631 451 2662 Theaet.
483 2647 513 2675 p.
543 2634 632 2674 1523
677 2634 798 2678 Cratyl.
831 2649 861 2681 p.
894 2637 968 2669 402
997 2637 1142 2682 Steph.);

1198 818 1319 861 Tethys
1340 817 1424 848 enim
1444 816 1574 849 Platoni
1591 817 1686 862 (Tim.
1702 831 1732 863 p.
1747 817 1811 863 40)
1828 830 1911 863 quae
1933 817 2083 852 Ciceroni
2098 819 2154 863 (de

1196 880 1280 912 univ.
1300 878 1359 923 11)
1379 877 1513 912 Salacia.
1534 880 1707 923 Hospitam
1725 886 1832 912 antem
1849 881 1982 913 deorum
2003 880 2154 925 appellat,

1197 943 1271 988 quia
1300 943 1406 975 sidera
1431 942 1509 974 deos
1531 955 1603 975 esse
1625 949 1735 975 censet
1762 942 1805 987 (ξ.
1826 943 1929 988 811),
1961 955 2043 988 quae
2068 955 2154 976 mare

1195 1005 1229 1037 in
1244 1016 1360 1037 occasu
1378 1005 1520 1048 recipere
1539 1004 1777 1049 hospitiumque
1793 1004 1832 1035 iis
1848 1006 2002 1048 praebere
2020 1006 2155 1038 w'detur.

1270 1067 1508 1113 ¹qratulantem]
1535 1069 1647 1101 Verbo
1678 1070 1840 1113 qrutulan'
1868 1075 1979 1101 noster
2008 1080 2067 1113 pro
2091 1070 2155 1101 lae-

1197 1133 1260 1163 tam·
1278 1132 1344 1163 sive
1361 1123 1503 1176 flander}
1526 1130 1568 1175 (g.
1591 1133 1660 1163 107
1684 1132 1704 1163 f.
1726 1133 1799 1164 695
1825 1131 1860 1176 f.)
1886 1131 2000 1163 untur:
2019 1131 2076 1163 sed
2092 1133 2158 1165 hoe

1195 1195 1267 1227 loco
1292 1195 1516 1237 laetificantem
1536 1195 1714 1236 significare
1735 1195 1870 1227 videtur.

1271 1257 1488 1303 centesimam]
1502 1259 1707 1300 Fulgentius:
1719 1259 1963 1303 »Proserpinam
1975 1270 2051 1291 vero
2063 1258 2154 1302 quasi

1197 1327 1337 1361 segetem
1362 1322 1549 1361 voluerunt,
1576 1322 1610 1353 id
1639 1327 1688 1353 est
1711 1328 1827 1352 terram
1855 1322 1939 1364 (lege
1967 1321 2083 1364 terrac)
2106 1333 2154 1352 ra-

1196 1384 1320 1416 dicibus
1350 1391 1608 1427 proserpentem,
1645 1395 1726 1427 quae
1758 1389 1792 1414 et
1820 1379 1936 1429 ἑκάτη
1961 1384 2086 1416 Graece
2109 1384 2154 1415 di-

1196 1445 1293 1485 eitur-5,
1328 1442 1468 1480 ἑκατὸν
1492 1445 1576 1476 enim
1601 1444 1726 1478 Graece
1753 1449 1881 1476 centum
1904 1450 1995 1486 sunt,
2025 1451 2058 1477 et
2080 1445 2154 1477 ideo

1194 1509 1256 1540 hoc
1279 1508 1327 1538 illi
1352 1520 1469 1539 nomen
1491 1508 1660 1551 imponunt
1685 1508 1759 1552 quia
1784 1508 2033 1551 centuplicatum
2052 1508 2154 1541 Ceres

1195 1568 1322 1612 (melius
1342 1573 1429 1600 esset
1454 1568 1561 1611 seges)
1581 1569 1722 1611 proferat
1743 1569 1909 1600 fructum.«
1946 1568 2101 1600 Ovidius:

1251 1645 1262 1660 ι)
1270 1631 1379 1662 Obrue
1403 1637 1533 1662 versata
1551 1631 1698 1663 Cerealia
1723 1634 1846 1664 semina
1869 1638 1976 1672 terra,

1245 1692 1336 1735 Quae
1361 1693 1418 1724 tibi
1441 1704 1512 1724 cum
1535 1705 1652 1736 maqno
1669 1692 1803 1735 foenore
1823 1694 1938 1726 reddat
1960 1705 2066 1737 afferas

1195 1754 1328 1799 Capella
1351 1755 1443 1787 alibi:
1470 1756 1579 1798 »cujus
1608 1756 1689 1788 satio
1712 1757 1887 1789 centesimo
1910 1757 2026 1789 messis
2049 1756 2152 1789 incre-

1195 1825 1302 1851 mento
1326 1820 1537 1850 foeneratum«
1566 1819 1671 1852 Gnor.
1688 1838 1736 1844 —·
1769 1820 1887 1855 Isidor.
1919 1820 1997 1862 orig.
2023 1820 2088 1860 14,
2113 1820 2152 1851 ὃς

1200 1882 1334 1915 „Glebis
1358 1882 1403 1914 ita
1426 1883 1648 1927 praepinguis,
1672 1888 1708 1915 ut
1725 1884 1813 1925 jacto
1834 1883 1880 1915 ibi
1907 1883 2027 1915 semine
2049 1883 2151 1915 inere-

1192 1951 1300 1977 mento
1322 1957 1424 1990 paene
1447 1948 1618 1979 centesimo
1635 1947 1744 1988 fruges
1761 1953 1962 1979 nascantur.«
1983 1946 2086 1979 Gonz.
2102 1964 2151 1970 —

1193 2010 1407 2043 Centesimum
1429 2015 1512 2042 teste
1537 2009 1652 2042 Cortio
1680 2009 1953 2053 Guelferbytanus
1978 2010 2098 2050 codex,
2119 2015 2152 2041 et

1192 2077 1273 2103 teste
1305 2071 1431 2103 Pedero
1461 2071 1685 2111 Britannicus,
1724 2071 1926 2113 Bodlejanus
1950 2071 2090 2115 primus,
2115 2074 2151 2100 et

1193 2134 1476 2177 Cantabrigiensi5‚
1498 2135 1712 2167 Monacenses
1728 2140 1893 2179 praeterea
1909 2134 1963 2177 (B.
1977 2133 2014 2166 C.
2027 2133 2067 2165 Ε.
2082 2132 2148 2177 6.),

1190 2197 1360 2240 Hugianus
1381 2202 1413 2228 et
1428 2196 1628 2229 Basileensis
1645 2197 1774 2237 liabent,
1800 2195 1867 2228 scil.
1884 2199 2025 2240 partem3
2047 2194 2148 2236 ‘vulgo

1192 2262 1374 2301 centesima,
1394 2261 1482 2303 quod
1506 2272 1564 2304 pro
1583 2261 1763 2293 accusativo
1785 2259 1902 2303 plurali
1924 2259 2068 2290 neutrius
2094 2270 2147 2300 ge-

1192 2325 1278 2358 neris
1300 2323 1452 2356 hahuisse
1469 2324 1633 2365 videntur,
1660 2323 1718 2355 sed
1739 2323 1844 2355 minus
1871 2323 2047 2356 commode.

1266 2383 1381 2431 ruber]
1416 2385 1692 2427 Cantabrigiensis
1728 2386 1874 2430 »juvenis
1904 2385 2053 2417 rubens.-
2096 2383 2147 2416 De

1191 2449 1311 2489 Marte,
1334 2447 1428 2479 «Iovis
1448 2447 1525 2487 filio,
1547 2459 1650 2478 sermo
1674 2452 1739 2487 est,
1760 2447 1852 2489 cujus
1878 2447 2034 2478 Planctae
2052 2445 2147 2478 etiam

1192 2511 1287 2544 tribui
1308 2509 1398 2542 illum
1424 2509 1564 2542 colorem
1592 2520 1687 2553 supra
1712 2507 1757 2553 (ξ.
1777 2509 1838 2553 14)
1857 2508 2005 2541 vidimus.

1267 2572 1385 2619 sititor]
1407 2572 1464 2606 Sic
1486 2573 1682 2617 antiquiores
1702 2573 1860 2605 editiones
1881 2584 2009 2613 omnes,
2025 2569 2144 2613 pax-iter

1193 2643 1288 2682 atque
1306 2634 1601 2669 coddBasileensis
1619 2640 1652 2666 et
1666 2631 1946 2670 Damnstattensis3
1963 2629 2047 2674 apud
2058 2629 2141 2662 Gro-
