2310 2860
706 124 907 168 Martiani
940 125 1138 182 Capellae
1175 125 1245 167 lib.
1266 124 1341 169 IV.
1378 128 1408 179 §.
1430 125 1532 168 384.
2000 131 2090 172 559

131 249 185 278 ex
210 234 388 277 adverso
412 234 612 277 videntur
638 232 851 285 obsistere,
882 243 932 274 ut
957 232 1188 284 contraria3
1218 247 1296 273 nec
1322 241 1463 273 tamen
1490 234 1647 285 omnia,
1675 249 1786 288 quae
1811 247 2087 293 opponuntur

127 315 227 367 sibi,
267 316 477 358 contraria
511 326 632 366 sunt,
678 315 752 358 sed
778 315 921 357 omnia
955 313 1166 356 contraria
1198 312 1388 368 opposita
1420 321 1531 354 sunt.
1606 315 1896 370 Opponuntur
1942 327 2084 359 autem

127 395 207 436 sibi
242 397 320 448 ita,
354 406 400 438 ut
434 407 507 438 aut
534 397 711 439 relative
742 405 1035 452 opponantur,
1080 405 1126 437 ut
1162 410 1367 451 magnum
1403 411 1560 452 parvo,
1607 406 1647 438 et
1673 397 1899 441 dimidium
1932 398 2084 455 duplo3

127 488 202 519 aut
236 488 281 519 ut
312 480 540 531 contraria,
581 489 628 521 ut
658 479 827 521 stultitia
857 479 1106 534 sapientiae3
1147 488 1220 520 aut
1250 488 1296 520 ut
1329 478 1500 520 habitus
1535 480 1765 532 orbationi,
1796 491 1843 522 ut
1876 483 2086 523 cernentia

127 560 337 613 caecitati3
391 570 464 602 aut
495 571 543 602 ut
580 561 733 616 ajentia
775 561 1003 615 negationi,
1055 569 1103 601 ut
1145 559 1294 601 Cicero
1328 559 1533 615 disputat,
1579 559 1727 602 Cicero
1765 576 1848 602 non
1889 563 2086 618 disputat.

127 639 244 680 Haec
274 650 416 681 autem
443 641 549 682 inter
578 655 621 681 se
648 639 840 681 nonnihil
874 638 1088 680 differunt.
1143 641 1256 681 Nam
1289 640 1517 681 relativum
1549 641 1727 682 relativo
1758 643 1812 683 ita
1844 643 2085 698 opponitur,

126 730 173 762 ut
203 721 285 763 hoc
316 723 479 778 ipsum,
519 723 636 779 quod
671 723 920 778 opponitur,
952 723 1042 777 ejus
1076 721 1150 771 sit,
1181 720 1250 761 cui
1276 721 1526 776 opponitur,
1564 732 1636 763 aut
1667 722 1718 763 ad
1749 723 1790 763 id
1821 737 2084 777 quoeunque

124 802 254 844 modo
288 804 519 857 reseratum
564 818 666 845 nam
695 803 922 845 dimidium
957 806 1188 859 opponitur
1221 802 1375 858 duplo,
1411 812 1449 844 et
1481 803 1673 857 ejusdem
1706 804 1828 860 dupli
1855 803 2085 844 dimidium

124 891 204 934 est,
243 884 298 924 ita
335 899 433 939 ergo
472 884 532 925 illi
569 885 819 940 opponitur,
864 894 910 926 ut
936 886 1025 939 ejus
1061 886 1132 938 sit,
1173 886 1242 927 cui
1271 885 1519 941 opponitur3
1560 895 1599 926 et
1632 900 1818 941 parvum
1856 885 2083 940 opponitur

124 977 301 1019 magno,
343 974 385 1004 ut
423 965 512 1019 ejus
548 965 618 1016 sit,
663 966 719 1006 ita
752 973 798 1005 ut
835 965 977 1020 ipsum
1018 981 1207 1021 parvum
1251 966 1304 1007 ad
1339 966 1421 1007 hoc
1458 981 1686 1020 magnum,
1727 966 1795 1007 cui
1833 966 2083 1021 opponitur,

120 1057 306 1098 parvum
330 1047 392 1084 sit.
429 1044 652 1086 Contraria
678 1059 782 1086 vero
807 1045 864 1086 ita
896 1045 977 1085 sibi
1007 1055 1309 1101 opponuntur,
1351 1055 1397 1087 ut
1422 1061 1506 1086 non
1535 1061 1686 1087 eorum
1720 1047 1800 1086 sint
1825 1046 1983 1100 quibus
2009 1060 2086 1099 op-
2116 1044 2203 1087 585¹

119 1134 361 1180 ponuntur,
392 1125 464 1166 sed
495 1125 548 1166 ad
579 1141 627 1166 ea
661 1140 923 1180 quocunque
951 1126 1079 1167 modo
1103 1127 1366 1180 reserantur3
1406 1127 1617 1181 siquidem
1649 1126 1844 1166 stultitiae
1881 1125 2086 1179 sapientia

118 1207 173 1248 ita
199 1206 409 1248 contraria
436 1215 516 1258 est,
550 1216 598 1247 ut
622 1221 705 1247 non
733 1206 924 1262 ejusdem
953 1207 1184 1262 sapientiae
1216 1207 1389 1247 stultitia
1413 1207 1482 1256 sit,
1519 1206 1592 1246 sed
1615 1215 1661 1246 ut
1685 1205 1737 1245 ad
1763 1205 1878 1245 illam
1905 1206 1955 1245 sit
1979 1206 2083 1246 stul-

117 1288 218 1328 titia.
249 1286 478 1328 Sciendum
505 1297 725 1328 esttamen
753 1289 967 1341 quaedam
995 1289 1206 1329 contraria
1230 1288 1422 1329 medium
1448 1288 1629 1338 habere,
1656 1287 1872 1341 quaedam
1896 1303 1980 1328 non
2004 1287 2082 1328 ha—

119 1368 233 1408 here.
268 1367 471 1421 Namque
492 1376 589 1407 sunt
613 1367 706 1418 alia,
737 1381 848 1421 quae
875 1368 930 1408 ita
951 1377 998 1408 ut
1019 1370 1061 1407 in
1088 1383 1137 1409 ea
1166 1383 1226 1418 re,
1261 1369 1301 1408 in
1322 1383 1407 1422 qua
1430 1384 1516 1409 esse
1540 1379 1729 1424 possunt,
1765 1369 1965 1410 alterutra
1990 1370 2081 1409 vice

117 1448 356 1490 necessario
390 1447 535 1498 insint,
571 1456 610 1488 et
642 1447 783 1487 medio
818 1458 1007 1500 careant,
1048 1458 1096 1489 ut
1124 1449 1277 1490 sanitas
1311 1458 1350 1489 et
1375 1449 1652 1490 imbecillitas.
1712 1450 1829 1490 Haec
1859 1450 1945 1490 duo
1980 1465 2081 1489 con-

116 1530 247 1572 traria
273 1537 427 1569 natura
458 1528 601 1568 insunt
630 1527 881 1583 corporibus
919 1528 1194 1580 animalium,
1239 1539 1365 1584 atque
1398 1530 1453 1570 ita
1486 1529 1579 1570 vice
1613 1529 1814 1570 alterutra
1845 1530 2079 1570 necessario

115 1611 278 1660 insunt,
326 1617 373 1649 ut
410 1607 622 1657 diximus,
663 1616 709 1647 ut
747 1607 791 1647 in
829 1621 917 1662 quo
957 1608 1148 1649 animalis
1188 1624 1365 1665 corpore
1405 1610 1558 1650 sanitas
1599 1625 1682 1649 non
1718 1619 1797 1660 est,
1844 1610 2078 1650 necessario

114 1690 380 1733 imbecillitas
414 1688 485 1741 sit3
525 1697 566 1728 et
595 1688 637 1728 in
674 1702 761 1742 quo
792 1688 1056 1728 imbecillitas
1086 1703 1171 1729 non
1207 1698 1286 1740 est,
1318 1689 1554 1730 necessario
1585 1689 1737 1729 sanitas
1769 1691 1832 1730 sit.
1889 1691 1943 1730 At
1975 1704 2077 1730 vero

116 1771 348 1815 candidum
388 1779 427 1811 et
463 1770 634 1825 nigrum
674 1784 813 1825 quum
850 1770 931 1810 sint
967 1770 1178 1812 contraria
1226 1779 1264 1811 et
1294 1770 1542 1811 naturaliter
1585 1770 1627 1810 in
1666 1770 1916 1826 corporibus
1949 1771 2074 1810 inve-

114 1851 307 1902 niantur,
355 1859 580 1906 propterea
623 1849 764 1891 medio
803 1865 889 1890 non
930 1860 1092 1902 carent,
1134 1851 1236 1906 quia
1273 1867 1359 1892 non
1403 1860 1462 1892 est
1502 1866 1673 1892 necesse
1707 1866 1865 1907 corpus
1904 1849 2079 1905 aliquod

116 1931 347 1973 candidum
385 1946 473 1971 esse
520 1940 592 1972 aut
627 1931 822 1986 nigrum3
876 1940 1014 1986 potest
1058 1933 1171 1974 enim
1206 1934 1262 1974 ita
1297 1932 1441 1973 deesse
1485 1933 1738 1985 candidum,
1782 1942 1830 1974 ut
1867 1948 1952 1974 non
1983 1932 2078 1973 insit

113 2012 309 2068 nigrum,
353 2021 482 2066 atque
521 2011 603 2051 hoc
640 2011 769 2052 modo
809 2027 860 2052 ex
905 2011 986 2053 alia
1029 2021 1167 2066 parte,
1214 2028 1313 2068 ergo
1358 2013 1473 2055 color
1514 2014 1667 2069 aliquis
1698 2014 1864 2055 medius
1896 2014 2078 2056 inveniri

115 2102 268 2150 potest,
304 2101 353 2134 ut
390 2092 550 2144 luteus,
598 2091 666 2134 vel
703 2091 862 2133 viridis
930 2092 1111 2135 Habitus
1143 2104 1183 2135 et
1213 2094 1375 2136 orbatio
1406 2095 1463 2136 ita
1502 2095 1580 2135 sibi
1612 2105 1912 2151 opponuntur,
1957 2105 2002 2136 ut
2032 2096 2074 2136 in
2105 2100 2192 2142 58(ss

189 2254 247 2281 aut
270 2255 305 2281 ut
328 2246 503 2293 contraria]
530 2248 580 2280 Ita
605 2260 677 2280 cum
697 2247 812 2281 Grotio
837 2249 938 2281 codex
958 2250 1071 2281 Darm·
1199 2246 1336 2293 ajentz'a]
1368 2248 1494 2280 Eodem
1518 2248 1675 2281 vocabulo
1702 2259 1760 2292 pro
1790 2248 1985 2280 nominativo
2011 2247 2074 2278 sin—

115 2312 294 2353 stattensis,
322 2325 420 2356 quum
442 2313 475 2344 in
502 2313 714 2345 anterioribus
738 2312 931 2345 editionibus
955 2320 990 2345 ut
1017 2314 1070 2345 de·
1124 2311 1224 2353 gulari
1254 2312 1353 2343 utitur
1375 2312 1456 2344 infra
1484 2312 1530 2357 (ξ.
1551 2313 1654 2356 591).
1681 2313 1813 2353 Cicero,
1842 2313 1896 2356 qui
1918 2312 1980 2343 (luo
2007 2316 2073 2341 tan—

117 2372 281 2405 sidu-etur.
306 2373 356 2404 De
378 2385 413 2404 re
434 2373 504 2417 ipsa
524 2374 596 2406 vide
619 2373 828 2406 Aristotelem
849 2375 882 2406 in
899 2376 1072 2418 Postprae-
1124 2380 1190 2406 tum
1213 2374 1432 2418 oppositorum
1460 2386 1576 2416 genera
1600 2374 1688 2406 novit
1711 2375 1763 2418 (de
1789 2374 1906 2405 invent.
1930 2374 1966 2412 l,
1997 2372 2074 2415 27),

116 2435 301 2468 dicamentis
322 2436 433 2480 (categ.
454 2436 505 2479 8),
536 2437 652 2480 quibus
677 2444 744 2470 tota
773 2439 828 2470 illa
852 2439 1072 2483 oppositorum
1122 2436 1155 2467 id
1178 2436 1265 2480 quod
1296 2436 1335 2468 ab
1360 2436 1465 2481 aliqua
1494 2448 1528 2468 re
1554 2448 1614 2481 per
1641 2436 1873 2480 oppositionem
1896 2433 2074 2474 negationis

115 2505 148 2531 et
171 2499 400 2532 contrariorum
424 2499 604 2532 distributio
631 2501 757 2546 nititur,
783 2503 984 2548 eundemque
1007 2503 1069 2535 alio
1120 2503 1301 2542 separetur,
1333 2503 1368 2530 ut
1391 2510 1636 2542 sapere—non
1662 2509 1790 2541 sapere,
1826 2507 1888 2526 uno
1918 2495 2074 2527 vocabulo

115 2560 187 2594 loco
213 2562 401 2606 (metaphys.
421 2560 461 2602 4ρ
492 2562 514 2592 9
533 2566 564 2593 et
591 2561 657 2605 10).
1121 2563 1319 2606 disparatum
1344 2563 1500 2608 appellat5
1527 2563 1583 2595 sed
1609 2560 1784 2595 accuratius
1809 2559 1847 2591 ad
1874 2571 1945 2591 eum
1962 2559 2072 2592 Victo—
