2310 2860
762 171 961 214 Martiani
993 169 1193 227 Capellae

1223 169 1296 212 lib.
1321 169 1401 211 IX.
1432 171 1462 221 ᾗ.
1484 169 1585 211 9θ9..
2070 170 2159 212 699

517 279 735 337 Hesperus
769 279 968 321 intactam
1000 285 1140 319 servet
1170 276 1266 316 licet
1295 289 1434 331 usque
1469 276 1682 332 puellam,

600 363 670 404 Nu
678 371 792 418 ptam
825 360 987 403 videbis
1018 358 1288 413 Phosphore3

515 443 607 486 Nec
638 442 782 484 matris
817 442 1035 496 lacrymae
1068 440 1198 495 pressi

1228 454 1308 480 nec
1338 439 1503 481 viribus
1534 454 1698 494 ungues

601 526 751 567 Naxus
782 523 986 565 valebunt
1016 536 1232 577 rumpere.

516 606 582 649 Ne
612 607 821 647 thalamos
852 614 1038 657 metuas,
1078 604 1158 646 eris
1189 604 1271 645 hoc
1302 603 1420 659 quod
1449 603 1560 645 Juno
1581 603 1782 649 ,Tonanti
1815 612 1894 655 cst,

606 689 731 737 Quae
761 702 876 729 nunc
902 702 1048 728 sorore
1078 686 1265 739 dulci0r3

516 770 559 810 Si
591 769 749 825 placuit
779 769 887 809 docti
919 768 1102 809 sollertia
1132 783 1251 809 sacra
1283 768 1444 819 mariti,

603 852 738 907 Magis
770 851 999 907 placebunt
1029 852 1187 892 oscula.

516 933 686 974 Aurora
720 933 913 974 exoriens
944 933 1073 973 roseis
1108 946 1206 987 spec

604 1015 740 1056 Floris
772 1014 919 1055 resecti
951 1014 1163 1068 pracmia3

1210 931 1311 972 tabit
1341 930 1483 972 ocellis

517 1095 614 1151 Ipse
646 1112 720 1150 ego
752 1096 980 1150 pallentem
1015 1094 1269 1150 speculabor
1302 1095 1399 1135 luce
1431 1094 1622 1150 puellam

611 1177 710 1216 Sese
737 1176 1001 1216 occulentcm
1035 1175 1208 1218 visibus.

516 1256 695 1297 Conscia
724 1257 812 1311 jam
845 1256 1025 1300 Veneris
1056 1271 1169 1298 nova
1198 1265 1309 1297 serta
1340 1265 1486 1312 parate
1515 1255 1741 1312 Napaeae,

605 1337 791 1378 Crocum
799 1351 884 1392 que
915 1337 1021 1378 lecto
1055 1338 1236 1392 spargite
1245 1369 1257 1388 ‚

529 1417 668 1473 Inque
700 1418 875 1459 thorum
908 1418 1040 1459 violas
1073 1418 1263 1458 certatim
1293 1416 1457 1458 fundite
1484 1417 1678 1469 conchis,

606 1500 812 1541 Pulvinar
844 1500 1007 1541 almum
1041 1500 1208 1541 comite.

520 1581 737 1623 Crinalem
773 1582 940 1637 spicum
972 1581 1181 1636 pharetris

280 1722 461 1770 Hesperus]
481 1723 638 1757 Similiter
656 1724 806 1757 Catullus
823 1724 856 1755 in
875 1723 1012 1756 carmine
1027 1722 1163 1767 nuptiali

205 1788 283 1832 (62,
310 1787 372 1831 55)
394 1799 435 1819 ex
459 1787 642 1819 felicissima
668 1786 842 1819 Schraderi
863 1785 1102 1817 emendatione:

264 1853 384 1884 »ZVocte
400 1852 501 1883 latent
519 1851 632 1894 fures,
660 1863 739 1897 qnos
764 1851 847 1882 idem
866 1862 961 1892 saepe
982 1855 1162 1889 revertens,

255 1913 422 1958 Hespere,
450 1918 573 1944 mulcato
602 1913 802 1955 comprendis
819 1914 948 1943 nomine
965 1912 1082 1943 Eous«

281 1978 404 2009 viribus
437 1974 585 2021 unques]
627 1976 784 2007 Heinsius
817 1976 877 2020 (ad
908 1974 1004 2007 ovid.
1035 1979 1108 2006 met.
1129 1976 1162 2016 5,

208 2043 297 2083 1953
330 2054 360 2086 p.
376 2042 451 2074 550
472 2039 599 2084 Burm.)
627 2051 685 2083 pro
708 2041 830 2072 viribus
858 2040 923 2082 legi
944 2039 1044 2082 jussit
1069 2040 1165 2071 crini·

206 2107 285 2147 ὑμᾶς
315 2106 416 2138 multo
440 2105 554 2137 melius
576 2105 744 2137 Roeverus
766 2104 812 2149 (in
837 2105 947 2136 Burin.
965 2103 1084 2136 anthol.
1110 2103 1164 2136 lat.

207 2169 240 2209 I,
271 2182 301 2214 p.
319 2169 392 2201 '747
410 2167 446 2211 f.)
469 2169 630 2212 virgyinis3
656 2167 760 2211 possit
783 2172 890 2199 tamen
916 2166 1013 2198 etiam
1036 2166 1165 2208 vulgata

209 2230 360 2276 explicari
393 2242 536 2273 »ungues
559 2230 645 2261 omni
667 2230 698 2261 vi
721 2229 898 2273 impressi.«

281 2293 465 2339 pallentem]
493 2294 549 2327 Sic
570 2294 698 2327 codices
721 2294 909 2334 Grofianus,
932 2294 1165 2325 Darmstatten-

211 2359 271 2399 sis,
310 2364 343 2391 et
370 2359 577 2392 Monacensis
605 2359 692 2405 (C),
728 2359 825 2402 vulgo
852 2360 1062 2403 psallentem,
1100 2369 1165 2402 quo

210 2421 290 2453 nihil
318 2421 469 2465 ineptius.

282 2482 430 2528 conseia]
458 2482 573 2515 Codex
597 2483 864 2516 Darmstattensis
886 2485 1052 2523 consciae,
1079 2483 1167 2528 quod

212 2545 341 2578 omnino
364 2545 574 2590 praeferrem,
607 2546 669 2578 nisi
703 2552 839 2578 metrum
868 2552 1073 2590 repugnaret.
1119 2545 1171 2578 De

212 2608 351 2653 Napaeis
378 2607 527 2653 nymphis
551 2608 699 2653 superius
723 2608 789 2641 dixi
811 2609 864 2653 (ad
889 2608 917 2654 ἓ.
934 2608 1032 2652 425).

1212 1579 1419 1636 deprome
1451 1578 1642 1635 Cupido,

1289 1719 1437 1767 conchis]
1475 1721 1627 1754 conchae
1653 1720 1776 1755 Veneri
1806 1730 1915 1754 sacrae
1945 1726 2051 1764 erant,
2083 1721 2169 1753 unde

1213 1784 1350 1816 Plautus
1377 1784 1462 1827 (rud.
1481 1785 1521 1824 5,
1550 1785 1589 1824 5,
1622 1783 1700 1827 45):

1272 1848 1338 1879 »Te
1362 1859 1405 1879 ex
1427 1847 1550 1879 concha
1581 1852 1692 1878 natam
1718 1857 1787 1879 esse
1815 1852 2006 1887 aztlnmant,
2036 1857 2113 1879 cave
2134 1852 2171 1879 tu.

1621 1912 1737 1942 harum
1764 1911 1903 1943 conchas
1926 1920 2069 1953 spernas.
2078 1923 2090 1938 u

1291 1974 1445 2006 crinalem
1467 1972 1607 2019 spicum]
1635 1974 1760 2006 Forsan
1783 1975 2002 2022 crinalemqne
2024 1971 2170 2018 spicum?

1216 2038 1419 2071 Vincam—
1438 2038 1526 2080 Lege
1545 2039 1666 2070 crinale
1689 2039 1832 2081 spiclum.
1863 2038 2020 2071 vocalem
2040 2037 2169 2069 brevem

1215 2101 1365 2146 producit
1380 2101 1421 2132 ob
1438 2106 1611 2145 sequentes
1628 2112 1804 2143 consonas,
1822 2100 1868 2134 sie
1880 2099 2078 2133 Prudentius
2096 2103 2169 2130 ante

1216 2164 1350 2196 eandem
1377 2175 1504 2196 vocem:

1273 2229 1432 2261 »lt-’ibrum
1455 2229 1557 2272 capite
1584 2227 1708 2271 spicula
1732 2227 1905 2259 dentium«

1215 2293 1279 2326 Est
1299 2297 1404 2324 autem
1422 2292 1544 2325 crinale
1564 2292 1722 2335 spiculum
1743 2292 1833 2322 hasta
1849 2287 2028 2330 coeliharis,
2050 2287 2092 2320 de
2109 2299 2172 2332 qua

1216 2357 1289 2390 vide
1322 2357 1455 2388 Festum
1487 2355 1688 2399 Pompejum.
1728 2353 1800 2385 Nisi
1829 2357 1936 2384 tamen
1967 2353 2090 2395 spicum
2120 2352 2172 2384 hie

1216 2425 1303 2451 recte
1329 2419 1471 2461 legatur,
1499 2418 1586 2462 quod
1618 2427 1669 2448 me
1700 2414 1823 2447 monuit
1849 2424 1983 2456 magnus
2017 2412 2172 2455 Scaliger.

1218 2482 1349 2526 Spicum
1373 2480 1457 2512 enim
1482 2479 1621 2523 antiquis
1641 2479 1750 2521 spica,-
1777 2476 1823 2508 sie
1848 2475 1979 2507 Cicero:

1270 2545 1414 2591 »Spicum
1429 2545 1555 2576 illustre
1577 2549 1690 2575 tenens
1705 2540 1887 2584 splendenti
1907 2551 2037 2583 corpore
2056 2541 2170 2584 vinja«

1221 2609 1308 2646 Hine
1339 2608 1380 2640 ad
1414 2605 1653 2645 similitudinem
1690 2602 1790 2634 telum
1823 2602 1946 2646 spicum
1979 2600 2115 2644 dictum,
2145 2609 2175 2633 et

1678 2665 1725 2696 88
1745 2661 1767 2688 ss

2196 1254 2289 1297 905
