2310 2860
167 205 255 246 720

731 200 932 241 Martiani
965 198 1165 254 Capellae
1195 198 1268 238 lib.
1292 198 1372 237 IX.
1402 200 1435 249 ᾗ.
1460 197 1563 238 926.

171 311 287 366 quod
341 308 609 364 Asclepiades
662 322 838 362 quoque
895 306 1083 347 medicus
1128 304 1338 354 imitatus,
1395 318 1535 358 quum
1589 304 1904 345 consulentibus
1956 304 2136 345 urbium

170 394 363 450 patribus
411 391 544 446 plebis
595 389 833 430 inconditae
876 388 1033 442 vulgus
1086 386 1354 435 infremeret,
1409 385 1632 426 seditiones
1679 400 1873 425 accensas
1924 385 2138 425 crebriore

173 482 297 514 cantu
327 471 523 511 inhibuit.

581 469 734 511 Ebrios
764 470 942 523 juvenes
975 466 1240 521 perindeque
1275 466 1516 521 improbius
1548 466 1783 522 petulantes
1817 466 1991 506 Damon
2023 478 2135 506 unus

173 567 195 591 e
218 547 492 592 sectatoribus
518 550 621 590 meis
647 549 923 590 modulorum
951 549 1155 603 gravitate
1181 547 1446 603 perdomuit3
1479 548 1640 604 quippe
1657 547 1870 589 tibicinem
1894 546 2136 603 spondeum

173 647 324 672 canere
369 631 522 684 jubens
559 631 817 672 temulentae
862 629 1189 685 perturbationis
1228 628 1486 669 dementiam
1519 628 1699 684 infregit.

1760 628 1876 678 Quid
1909 627 2141 669 afflictatio-

172 711 297 751 nibus
333 712 547 766 corporcis
587 727 727 752 nonne
767 711 934 753 assidua
974 709 1253 751 medicatione
1292 709 1516 751 succurri?
1574 710 1761 751 Febrem
1802 711 2012 751 curabant
2039 709 2139 750 vul-

173 805 363 844 neraque
404 802 563 833 veteres
605 793 818 845 cantione;
873 792 1143 848 Asclepiades
1188 793 1288 832 item
1321 791 1424 831 tuba
1459 790 1716 832 surdissimis
1749 791 2015 832 medebatur.
2073 789 2140 832 Ad

175 872 415 914 affectiones
448 874 577 914 animi
613 875 733 915 tibias
760 875 1089 930 Theophrastus
1123 873 1364 915 adhibebat.

173 999 270 1033 Adde
299 1001 470 1033 Platonem
495 1003 544 1045 (in
571 1002 742 1034 Charmide
769 1015 801 1046 p.
822 1003 892 1034 153
911 1001 1050 1046 Stcph.).
1083 1001 1136 1032 In-

172 1063 283 1107 primis
315 1070 420 1095 autcm
444 1065 660 1108 Pythagoram
685 1064 815 1095 morbos
842 1076 971 1096 curasse
997 1063 1136 1095 musicae

174 1137 235 1171 ope
269 1128 376 1159 serunt
414 1129 601 1172 (Jamblich.
637 1128 692 1162 vit.
724 1129 898 1172 Pythagor.
923 1129 970 1160 ‘23
1005 1133 1037 1159 ct
1070 1128 1137 1167 543

1020 1189 1137 1233 p.57).

240 1248 460 1298 Asclepiades]
476 1254 611 1297 Recepit
626 1256 703 1286 hace
722 1254 761 1285 ad
775 1254 907 1285 verbum
920 1253 1136 1285 Cassiodorus

173 1201 204 1232 p.
220 1189 267 1221 95
288 1195 320 1220 et
346 1191 417 1221 196
438 1191 569 1222 Ruster.
592 1191 750 1234 Porphyr.
778 1190 832 1221 vit.
852 1191 990 1233 Pythag.

174 1313 229 1356 (dc
251 1315 372 1347 musica
394 1316 427 1347 in
456 1327 507 1359 op.
534 1316 573 1356 2,
601 1328 630 1359 p.
645 1317 717 1348 557
738 1315 844 1358 Gan).
871 1314 1137 1358 Asclepiadarum

173 1377 340 1410 historiam
365 1380 509 1411 invenies
536 1380 620 1423 apud
643 1379 836 1411 WValcliium
860 1379 906 1422 (in
932 1379 1052 1421 antiqu.
1071 1390 1136 1409 mc-

176 1440 276 1482 dicis,
302 1442 406 1474 «Jcnae
431 1443 544 1483 1772,
580 1456 611 1486 p.
632 1444 702 1474 119
731 1442 852 1486 sequ.)‚
885 1442 936 1474 cui
961 1442 1042 1473 adde
1067 1441 1136 1473 An-

174 1503 255 1534 tonii
285 1504 419 1536 Cocchii
450 1505 699 1548 disputationem
728 1505 885 1547 (discorso
911 1505 1013 1549 primo
1041 1516 1137 1548 supra

174 1564 381 1609 Asclepiade,
403 1565 452 1597 ed.
471 1567 575 1598 Raim.
590 1567 727 1607 Coechi‚
750 1567 837 1598 Flor.
856 1566 966 1609 1758)
980 1572 1012 1598 et
1027 1566 1136 1611 Fabri-

176 1626 258 1658 cium
283 1627 329 1670 (in
353 1628 430 1659 bibl.
453 1628 510 1660 Gr.
529 1630 569 1669 G,
591 1630 636 1669 93
663 1629 702 1660 Τ.
723 1629 820 1668 XIII,
844 1642 876 1672 p.
895 1630 943 1660 87
961 1627 1073 1672 sequ).

247 1699 440 1745 seditiones]
475 1701 598 1733 Confer
624 1701 861 1744 Terpandmin,
888 1698 958 1735 τὸν
982 1698 1057 1746 τῂν
1078 1713 1137 1745 γε-

178 1762 346 1808 νομένην
379 1762 475 1798 ποτὲ
511 1761 618 1810 παρὰ
652 1763 973 1808 Λακεδαιμονίοις
1004 1760 1138 1799 ῦτάσιν

178 1823 470 1870 καταλύσαντα,
495 1828 579 1871 apud
596 1828 804 1860 Plutarchum
818 1829 870 1871 (de
886 1840 967 1860 mus.
983 1841 1015 1872 p.
1027 1826 1138 1873 1146)

178 1894 210 1919 ct
232 1888 477 1920 Christodorum
498 1889 543 1934 (in
562 1891 681 1921 anthol.
710 1891 780 1922 Pal.
811 1892 848 1922 T.
867 1891 899 1931 Ι,
922 1904 953 1935 p.
968 1890 1045 1935 42)=

220 1961 292 2005 Ὦς
312 1975 408 2003 ποτε
429 1965 631 2012 ὂινηέντος
657 1967 716 2003 ἐπ’
735 1964 934 2013 Εὐρώταό
949 1964 1079 2015 ῥοάων

229 2036 477 2087 Μυστιπόλῳ
499 2037 684 2087 φόρμιγγι
704 2038 919 2088 κατεπρήῠι
930 2054 971 2075 ,εν
996 2039 1136 2076 ἀείδων

224 2111 484 2160 Ἀγχεμάχων
525 2113 743 2161 κακότητας
788 2113 1024 2160 Ἀμυκλαίων
1054 2129 1137 2152 ναε-

583 2174 726 2224 τήρων.

255 2241 414 2273 crebriore
441 2239 561 2286 cantu]
601 2242 658 2273 Sic
691 2241 793 2274 codex
822 2243 1029 2276 Monacensis
1052 2242 1137 2288 (Ο),

181 2302 276 2343 vulgo
301 2305 442 2335 crebrior
465 2310 589 2336 cantus.

252 2377 369 2423 ebrios]
395 2378 485 2410 Idem
505 2379 708 2422 Pythagorae
730 2379 873 2412 tribuunt
898 2381 1137 2424 Quinetilianus

180 2441 237 2482 (1,
264 2442 326 2480 10,
352 2441 420 2484 52)
450 2441 584 2484 aliique,
615 2453 697 2486 quos
722 2442 767 2474 ibi
794 2443 902 2475 laudat
927 2443 1136 2487 Spaldingins

181 2503 224 2544 (p.
240 2502 344 2545 227),
372 2516 444 2534 cum
468 2510 582 2535 nostro
606 2504 767 2537 consentit
788 2504 933 2537 Galenus
957 2507 1010 2549 (de
1039 2507 1137 2549 dogm

180 2564 335 2609 Hippoer.
353 2574 384 2598 ct
399 2568 484 2599 Phi.
500 2570 534 2608 9,
560 2570 612 2612 ὃ),
637 2569 709 2600 vide
726 2569 906 2600 Fabricium
931 2571 984 2614 (ad
999 2570 1136 2603 Sextum

180 2628 272 2672 Emp.
289 2631 328 2670 G,
357 2632 398 2670 83
430 2644 461 2675 p.
479 2632 566 2675 557)
597 2638 628 2665 ct
658 2633 833 2665 {iusim-um
858 2634 912 2677 (ad
937 2633 1055 2665 Jambl.
1072 2635 1136 2678 Py-

1424 869 1639 911 Isehiadas
1671 871 1766 926 quis
1798 872 1956 911 nesciat
1987 870 2141 927 expelli

1187 1001 1272 1041 thag.
1295 998 1391 1041 112).
1430 997 1469 1030 ln
1493 998 1677 1030 universum
1702 999 1811 1031 confer
1837 997 2042 1030 Athenaeum
2063 997 2142 1042 (14,

1187 1076 1219 1108 p.
1237 1062 1324 1106 (327)
1348 1068 1380 1093 ct
1403 1063 1612 1094 Mcibomium
1636 1063 1689 1107 (ad
1712 1062 1846 1094 Aristid.
1871 1076 1902 1106 p.
1915 1062 2014 1106 501).

1263 1125 1411 1172 Damon]
1464 1127 1725 1159 Commemorant
1769 1128 1853 1159 hunc
1893 1127 1989 1158 Plato
2026 1126 2144 1169 (Lach-

1187 1201 1217 1232 p.
1236 1190 1325 1228 1803
1352 1188 1459 1220 Aleib.
1490 1201 1520 1232 p.
1546 1190 1635 1228 1183
1673 1188 1810 1219 Axioch.
1840 1201 1871 1231 p.
1887 1189 1961 1219 564
1998 1186 2143 1231 Stcph.),

1187 1250 1382 1281 Plutarchus
1401 1249 1447 1293 (in
1466 1249 1530 1281 vita
1545 1248 1662 1281 Pericl.
1680 1262 1711 1292 p.
1730 1251 1818 1289 1553
1844 1248 1978 1280 Aristid.
1998 1262 2029 1292 p.
2045 1248 2144 1290 519),

1188 1311 1353 1352 Diogenes
1385 1311 1534 1341 Laertius
1562 1311 1620 1354 (2,
1654 1311 1734 1352 19),
1762 1310 1897 1350 Suidas,
1933 1310 2001 1350 alii3
2036 1309 2146 1341 confer

1187 1374 1470 1406 Ilcmstcrhusium
1503 1374 1562 1417 (ad
1592 1372 1759 1417 Aristoph.
1782 1374 1870 1406 Plut.
1896 1386 1926 1417 p.
1945 1373 2051 1416 552),
2088 1373 2144 1404 Ja-

1189 1436 1333 1469 cobsium
1356 1436 1402 1480 (in
1423 1436 1496 1470 add.
1521 1435 1677 1468 animadv.
1700 1435 1733 1467 in
1751 1434 1830 1467 Ath.
1852 1448 1882 1479 p.
1897 1435 2001 1479 556),
2031 1440 2064 1466 ct
2081 1434 2144 1467 Sti-

1187 1501 1332 1533 vcrnium
1355 1500 1408 1544 (de
1432 1499 1599 1543 Aristoph.
1623 1499 1698 1530 nub.
1725 1513 1755 1544 p.
1772 1499 1843 1542 60).

1262 1562 1490 1608 medicatione]
1524 1563 1581 1596 Sic
1609 1563 1780 1605 legendum
1810 1574 1883 1594 esse
1908 1563 1976 1604 jam
2011 1562 2146 1595 Grotius
2198 1605 2204 1607 -

1186 1628 1282 1668 vidit,
1314 1639 1412 1671 quum
1436 1628 1534 1669 vulgo
1559 1628 1766 1659 meditatione
1791 1627 1956 1668 ederetur,
1981 1627 2146 1659 confirma-

1187 1697 1304 1734 turque
1325 1692 1394 1732 cjus
1413 1691 1596 1732 conjectura
1614 1703 1631 1722 a
1649 1691 1759 1723 codice
1773 1690 1988 1722 Meibomiano
2008 1695 2146 1733 utroque

1189 1751 1233 1796 (p.
1252 1753 1347 1792 545,
1378 1764 1408 1783 v.
1434 1752 1494 1795 18)
1527 1757 1559 1783 ct
1587 1757 1697 1783 nostro
1721 1751 1981 1783 Reichenauensi
2002 1764 2019 1783 a
2044 1751 2146 1796 prima

1189 1827 1294 1847 manu.

1264 1877 1478 1927 vulneraque]
1505 1878 1688 1923 Appulcjus
1711 1879 1764 1923 (de
1779 1879 1883 1921 magia
1899 1891 1929 1923 p.
1940 1879 2012 1910 491
2030 1877 2146 1922 ond.)=

1197 1943 1353 1976 „Veteres
1386 1943 1515 1987 quidem
1554 1943 1669 1974 medici
1703 1943 1799 1975 etiam
1835 1942 1974 1975 carmina
2007 1942 2148 1975 remedia

1189 2007 1361 2037 vulnerum
1388 2011 1517 2045 norant,
1555 2011 1590 2036 ut
1621 2004 1724 2036 omnis
1751 2005 1922 2037 vetustatis
1950 2005 2146 2037 certissimus

1189 2073 1301 2099 auctor
1326 2068 1487 2099 Homerus
1520 2067 1630 2107 docet,
1660 2066 1716 2111 qui
1740 2067 1816 2099 facit
1838 2066 1928 2098 Ulixi
1950 2067 1990 2099 de
2014 2067 2146 2099 vulnere

1190 2131 1377 2173 sanguinem
1401 2131 1612 2175 profluentem
1635 2131 1707 2162 sisti
1728 2131 1916 2163 cantamine.
1940 2131 2029 2163 Nihil
2049 2131 2144 2173 enim,

1189 2194 1276 2238 quod
1299 2193 1410 2224 salutis
1439 2194 1588 2225 serendae
1613 2193 1713 2235 gratia
1735 2193 1787 2233 fit,
1813 2193 2017 2224 criminosum
2037 2199 2112 2225 cst«

1264 2255 1439 2301 ischiades]
1469 2256 1591 2289 Confer
1615 2256 1758 2288 Gellium
1780 2256 1833 2299 (4‘,
1861 2256 1936 2298 15>=
1961 2256 2146 2289 »Creditum

1187 2322 1250 2353 hoc
1267 2333 1284 2352 a
1307 2320 1470 2364 plerisque
1493 2326 1542 2352 est
1560 2326 1592 2352 et
1605 2319 1776 2351 memoriae
1793 2319 1992 2361 mandatum,
2015 2322 2148 2354 ischiaci

1189 2395 1287 2427 quum
1311 2382 1447 2413 maxime
1475 2382 1621 2421 doleant⁷
1651 2386 1719 2412 tum
1746 2381 1774 2411 si
1801 2381 1938 2413 modulis
1960 2382 2086 2416 levibus
2105 2384 2145 2416 ti-

1188 2444 1281 2476 bicen
1311 2443 1446 2483 incinat,
1487 2442 1587 2473 minui
1617 2442 1757 2474 dolores.
1801 2443 1874 2485 Ego
1903 2444 2145 2487 nuperrime-in

1188 2505 1404 2550 Theophrasti
1424 2504 1507 2535 libro
1536 2504 1687 2547 scriptum
1711 2504 1832 2545 inveni,
1861 2505 2040 2549 viperarum
2061 2517 2145 2538 mor-

1189 2570 1278 2602 sibus
1303 2569 1479 2602 tibicinium
1519 2568 1597 2600 scite
1626 2568 1852 2611 modulateque
1876 2568 2052 2601 adhibitum
2080 2582 2144 2602 mc-

1189 2632 1266 2664 deri.
1308 2631 1422 2664 Refert
1453 2630 1547 2663 ctiam
1577 2629 1663 2664 idem
1687 2630 1865 2663 Democriti
1886 2631 1984 2673 liber,
2014 2632 2069 2676 qui
2097 2632 2144 2665 in-
