2310 2860
121 563 205 604 616

123 1355 204 1394 1317

234 137 321 179 510
813 132 1011 175 Martiani
1044 126 1250 188 >Capellae
1281 131 1353 172 lib.
1376 132 1452 173 VI.
1483 136 1513 185 ᾗ.
1536 135 1635 175 615.

236 244 401 293 occani,
443 255 528 296 qua
559 239 797 281 habitabilis
828 240 1020 295 primum
1051 249 1125 290 est,
1158 239 1208 279 ad
1240 237 1438 289 Meroen,
1477 238 1575 280 inde
1605 239 1931 294 Alexandriam,
1966 243 2185 294 Rhodum,

236 324 449 373 Gnidum,
531 321 693 373 Coum,
768 322 971 372 Samum,
1041 319 1223 369 Chium,

1285 318 1558 374 Mytilenem,
1615 319 1866 371 Tenedum,
1926 322 2186 379 Sigeumque

236 403 601 459 promontorium,
649 417 693 443 os
739 402 880 453 Ponti,
942 400 1189 442 Carambim
1239 402 1604 455 promontorium,
1654 417 1698 443 os
1741 401 1983 454 Maeotidis,
2033 406 2187 446 ostium

235 483 392 524 Tanais
430 483 645 539 praedicta
683 483 889 524 dimensio
934 482 1252 539 comprobatur.
1323 484 1411 533 Qui
1453 485 1630 540 quidem
1669 500 1819 527 cursus
1860 486 1893 526 si
1932 500 2008 541 per
2054 487 2189 528 maria

234 574 489 615 transeatur,
527 565 569 605 in
601 564 904 620 compendium
937 563 1065 614 ducit,
1084 565 1215 605 millia
1241 573 1437 607 sexcenta
1472 567 1735 622 septuaginta
1764 575 1869 608 octo.
1925 566 2023 607 Huc
2052 581 2189 622 usque

236 657 504 703 compertum
545 660 816 703 progressum
854 645 1153 688 Artemidorus
1185 656 1417 697 asseverat,
1463 647 1536 688 sed
1568 647 1755 689 Isidorus
1789 648 1937 704 adjecit
1967 647 2191 689 duodecies

237 737 412 769 centena
455 728 765 783 quinquaginta
802 727 937 769 millia
974 741 1113 782 usque
1151 728 1202 769 ad
1238 728 1412 784 Thylen
1450 728 1647 770 ultimam
1689 728 1823 780 tendi,
1869 744 1980 784 quae
2016 729 2191 784 quidem

236 808 419 863 opinatio
465 808 571 850 mihi
612 807 780 849 videtur
831 808 1012 861 incerta,
1064 822 1165 849 nam
1209 809 1288 864 ipsi
1332 810 1581 852 tantundem
1627 810 1856 852 latitudinis
1901 812 2034 852 inesse
2076 811 2192 861 dico,

237 899 447 945 quantum
480 888 750 946 longitudinis
782 890 1156 946 comprehensum.
1215 891 1370 946 Neque
1403 892 1540 944 enim,
1590 905 1729 946 quum
1760 891 1995 933 rotundum
2031 889 2192 931 telluris

236 971 385 1012 orbem
421 971 644 1013 adstructio
678 973 873 1029 superior
902 973 1097 1028 ratioque
1135 973 1398 1024 monstrarit,
1437 973 1578 1028 impar
1614 973 1722 1013 latus
1757 972 1881 1027 globo
1913 972 2063 1029 poterit
2092 985 2193 1027 pro—

237 1052 402 1102 venire,
441 1052 513 1093 sed
549 1052 778 1109 supradicti
808 1053 1031 1109 scriptores
1063 1052 1339 1094 habitabilem
1370 1052 1517 1094 dixere
1550 1052 1760 1093 tellurem.

788 1233 867 1274 DE
910 1233 1348 1274 ROTL‘NDITATE
1393 1232 1642 1273 TERRAE.

403 1346 686 1387 Rotunditatis
734 1355 877 1386 autem
929 1346 1059 1400 ipsius
1104 1345 1262 1387 extima
1305 1345 1591 1387 circumfusus
1639 1347 1773 1387 ambit
1813 1347 2034 1397 Oceanus,
2090 1347 2197 1389 sicut

240 1428 459 1483 umigatus
486 1426 679 1482 undique
703 1425 1020 1482 comprobatur.

312 1556 508 1603 Carambim]
521 1557 578 1590 Sic
590 1557 717 1590 codices
727 1557 940 1590 Monacenses
951 1557 1006 1601 (Α.
1016 1557 1057 1600 C)
1068 1570 1125 1602 pro
1133 1558 1193 1591 Ca-

239 1624 340 1653 mbim
356 1622 388 1653 in
408 1621 512 1653 editis.
538 1621 694 1662 Ejusdem
717 1620 927 1664 promontorii
951 1621 1032 1652 infra
1055 1621 1096 1665 (ᾖ
1106 1622 1194 1665 689)

240 1685 354 1716 iterum
386 1685 579 1716 mentionem
608 1684 693 1716 facit.
727 1683 823 1715 Adde
846 1683 1037 1727 Dionysium
1062 1684 1193 1729 (perieg-

243 1747 328 1787 159)
358 1752 389 1777 et
412 1746 552 1776 Plinium
573 1745 626 1788 (4,
656 1745 717 1785 12,
744 1745 816 1787 26).

322 1808 384 1838 huc
418 1805 537 1854 usque]
578 1806 627 1838 Ita
658 1806 784 1838 codices
819 1806 1033 1840 Monacenses
1059 1807 1115 1851 (A.
1135 1806 1193 1849 C),

241 1871 521 1910 Darmstattensis,
546 1876 578 1902 et
599 1870 886 1911 Reichenaueusis,
913 1882 971 1915 pro
988 1883 1075 1904 nune
1092 1883 1194 1919 usque

241 1934 274 1965 in
297 1934 399 1966 editis.

317 1993 543 2039 rotunditatis]
577 1994 672 2026 Plato
701 1995 833 2037 (Phaed.
863 2007 891 2039 p.
909 1996 979 2028 108
1000 1996 1034 2038 f.)
1058 1996 1125 2038 jam
1155 1996 1194 2028 de

243 2067 328 2091 terra
352 2060 413 2094 ιὲν
427 2058 531 2104 μέσῳ
556 2054 711 2104 οὐρανῷ
729 2056 941 2105 περιφερής
960 2052 1094 2101 oziam,
1120 2060 1194 2091 item

243 2123 439 2155 Aristoteles
473 2122 525 2165 (de
559 2121 649 2153 coelo
676 2121 716 2160 2,
752 2133 818 2165 cap.
850 2122 942 2164 extr.)
969 2122 1123 2167 »σχῆμα
1155 2122 1194 2157 δὲ

247 2190 355 2231 ἔχειν
375 2183 618 2232 σφαιροειδὲς
642 2180 891 2229 ἀναγκαῖοω,
910 2191 942 2217 et
964 2185 1196 2217 Eratosthenes

245 2250 307 2291 (ap.
343 2247 493 2279 Sti-aben.
523 2247 560 2286 1,
592 2258 623 2289 p.
648 2246 696 2277 48
727 2246 893 2289 Casaub.):
928 2245 1198 2294 »σφαιροειδής

246 2311 295 2356 γῆ
318 2309 340 2356 η
369 2308 510 2345 ἅπασα.
545 2308 640 2341 Adde
668 2308 842 2341 Eusebium
864 2310 911 2353 (in
935 2322 1043 2354 praep.
1066 2321 1112 2342 ev.
1141 2311 1197 2350 15,

248 2377 312 2414 56,
335 2387 364 2417 p.
378 2375 475 2416 850),
495 2373 702 2404 Plutarchum
718 2372 769 2414 (de
789 2374 869 2417 plac.
884 2372 1064 2418 philosoph.
1081 2375 1115 2413 5,
1137 2375 1198 2413 10⁶,

247 2451 276 2480 p.
296 2439 399 2481 893),
429 2445 460 2469 et
487 2443 630 2468 nostrum
657 2436 812 2479 superiori
841 2437 911 2468 loeo
937 2437 978 2481 (ἓ.
996 2439 1068 2469 593
1091 2439 1135 2479 ¹1).
1169 2435 1198 2467 Ε

248 2499 401 2530 Romanis
424 2499 570 2537 jimiliter
598 2498 713 2530 Cleero
739 2497 789 2541 (N.
811 2498 850 2528 D.
867 2499 906 2537 2,
929 2499 1003 2539 43):
1032 2498 1088 2531 »Si
1112 2510 1200 2530 mun·

251 2563 308 2592 du*
340 2563 491 2602 globosus
526 2567 589 2600 est,
618 2560 802 2603 contingere
831 2561 913 2593 idem
944 2568 1045 2594 terrae
1070 2573 1201 2595 neeesse

1082 1426 1197 1466 Nam
1223 1441 1248 1469 a
1276 1426 1468 1468 Gadibus
1500 1441 1577 1482 per
1604 1426 1835 1482 Hispaniae
1866 1420 2211 1483 Galliarumque*

1246 1565 1332 1600 est«,
1367 1558 1493 1592 Seneca
1516 1560 1597 1603 (nat.
1621 1566 1743 1603 quaest.
1771 1562 1811 1601 5,
1836 1560 1918 1603 28)=
1949 1559 1999 1592 »in
2026 1560 2197 1592 rotundum

1246 1621 1374 1663 (terrae)
1407 1621 1494 1652 orbis
1518 1628 1672 1665 aequatus
1700 1628 1777 1654 est.«
1818 1623 1945 1654 Plinius
1973 1623 2110 1666 denique
2139 1623 2197 1665 (2.

1248 1685 1322 1725 70):
1348 1685 1592 1727 nReliquorum,
1627 1697 1709 1729 quae
1734 1686 1897 1726 miramur,
1926 1698 2021 1718 eausa
2042 1686 2074 1718 in
2097 1685 2198 1730 ipsius

1245 1753 1347 1779 terrae
1370 1747 1470 1788 figura
1495 1754 1559 1789 est,
1592 1760 1686 1792 quam
1715 1749 1810 1790 globo
1836 1749 1988 1789 similem,
2014 1755 2138 1782 etcum
2161 1761 2200 1781 ea

1246 1821 1361 1853 aquas,
1390 1809 1503 1840 iisdem
1528 1809 1717 1852 intelligitur
1742 1811 1962 1853 argumenfism

1322 1883 1489 1929 Oceanus]
1519 1885 1634 1917 Cicero
1658 1886 1772 1929 (somn.
1789 1885 1879 1930 Seip.
1896 1886 1947 1929 ss)=
1966 1885 2101 1919 »Omnis
2115 1887 2199 1919 enim

1247 1955 1347 1988 terra,
1377 1961 1458 1992 quae
1497 1949 1613 1980 colitur
1649 1962 1666 1980 a
1697 1950 1804 1990 vobis,
1840 1962 1937 1994 parva
1967 1951 2123 1994 quaedam
2149 1955 2199 1981 est

1246 2010 1369 2049 insula,
1406 2011 1601 2053 circumfusa
1640 2011 1695 2042 illo
1727 2011 1822 2051 mari,
1862 2011 1948 2054 quod
1981 2011 2197 2049 Atlantictml,

1247 2074 1333 2118 quod
1353 2086 1519 2115 magnum,
1545 2086 1640 2118 quem
1663 2075 1829 2106 Oceanum
1844 2074 2010 2118 appellatis
2029 2073 2062 2105 in
2079 2074 2194 2104 teri-ism

1322 2157 1507 2202 navigyntus]
1535 2158 1591 2190 Sic
1619 2158 1752 2190 Grotius
1777 2157 1868 2188 unice
1891 2163 1993 2197 reete,
2019 2169 2117 2201 quum
2145 2170 2197 2189 an·

1249 2221 1381 2254 teriores
1411 2221 1566 2252 editiones
1587 2222 1741 2252 haberent
1769 2221 1960 2264 tzauiqat1t1·,
1986 2220 2199 2264 adstipulante

1249 2284 1354 2322 etiam,
1382 2283 1467 2326 quod
1484 2282 1618 2322 mireris,
1643 2282 1751 2313 codice
1772 2282 2028 2313 Darmstattcnsi.
2047 2282 2200 2315 Ceterum

1249 2343 1390 2391 navigari
1415 2349 1527 2388 posset
1545 2354 1645 2374 necne
1673 2342 1843 2383 Oceanus,
1870 2343 1978 2375 multis
2006 2344 2081 2375 olim
2104 2355 2198 2387 quae-

1251 2409 1346 2441 situm
1373 2418 1442 2438 esse
1473 2405 1612 2438 ostendit
1638 2407 1767 2439 Marcus
1790 2406 1915 2439 Seneca
1935 2406 2082 2450 (Suasor.
2105 2408 2150 2450 1).

1327 2508 1401 2528 nam
1427 2508 1446 2526 a
1472 2493 1635 2539 Gadibus]
1663 2494 1754 2527 Haec
1784 2501 1815 2526 et
1846 2495 2012 2538 sequentia
2048 2494 2151 2527 omnia
2183 2506 2199 2524 e

1252 2560 1358 2591 Plinio
1388 2560 1440 2603 (2.
1465 2559 1525 2599 (37)
1550 2559 1652 2591 verbi:
1681 2565 1802 2590 lanium
1828 2558 1955 2589 mutatis
1984 2559 2095 2590 hausta
2117 2563 2198 2588 sunt.
