2310 2860
2056 158 2103 189 Γ(

152 252 414 304 branaceus,
445 254 567 309 eujus
597 253 704 295 haec
736 253 959 310 descriptio
990 254 1142 309 legitur
1170 254 1213 295 in
1246 254 1335 296 Cat.
1367 255 1486 297 codd.
1518 257 1638 299 MSS.
1660 258 1761 299 bibl.
1793 260 1891 300 eccl.
1925 270 2101 315 metrop.

152 333 300 375 Colon.
333 351 371 390 p.
398 336 501 376 158:
533 335 665 386 ‚‚C0d.
700 336 784 376 195
814 335 880 375 alt.
915 336 987 381 ’1οζ-
1017 335 1084 375 lat.
1124 335 1152 375 8
1183 334 1380 375 Martiani
1420 336 1550 376 Minei
1589 338 1737 378 Felicis
1777 338 1976 394 Capellae
2005 339 2102 380 libri

149 415 236 456 duo
260 416 312 456 de
336 418 490 472 nuptiis
516 417 766 472 philologiae
792 426 831 456 et
852 415 1078 465 Mercurii,
1110 415 1302 469 ejusdem
1329 417 1426 457 libri
1449 417 1534 458 Vll
1564 418 1617 458 de
1650 419 1808 460 artibus
1839 419 2101 470 liberalibus,

149 496 309 551 glossae
340 507 415 538 etc.
450 522 500 529 -
520 523 569 528 —
602 498 709 538 liber
746 510 826 536 sce.
857 496 923 536 IX
954 496 1149 552 dignus.“
1205 497 1351 538 Monet
1390 508 1530 538 tamen
1562 498 1751 540 Federus
1782 501 1897 540 hunc
1930 501 2100 541 titulum

150 577 191 616 in
231 576 375 617 codice
417 592 502 617 non
547 575 748 625 inveniri,
794 573 865 614 sed
904 574 945 614 in
986 576 1191 632 principio
1232 578 1406 632 quidem
1442 579 1549 619 haec
1589 579 1686 633 logi:
1719 580 1826 629 „Iste
1864 581 2101 621 Martianus

149 671 303 710 genere
338 656 644 710 Cartaginensis
676 655 778 704 fuit,
825 654 985 696 studuit
1011 666 1153 697 autem
1187 658 1355 712 primo“
1386 667 1482 707 etc.‚
1513 659 1554 697 in
1579 657 1661 697 fine
1687 667 1848 699 autem:
1874 659 2101 710 „Martiani

147 736 279 775 Minci
324 736 472 777 Felicis
512 735 712 790 Capellae
758 735 851 776 Afri
891 736 1199 791 Cartaginensis
1247 737 1300 778 de
1352 738 1544 791 armonia
1592 738 1698 778 liber
1743 752 1880 779 nonus
1925 738 2100 794 explicit

146 815 348 857 feliciter“
380 815 519 856 addita
555 816 730 870 insuper
768 816 914 856 tabula
953 817 1175 873 inscripta:
1207 818 1280 868 „hi
1322 828 1420 858 sunt
1460 818 1569 873 tropi
1607 817 1696 858 XV
1730 817 1812 857 hoo
1845 827 1905 858 est
1933 818 2099 859 formae

148 910 361 936 canonum
395 896 470 950 qui
504 905 765 951 peraguntur
795 896 837 936 in
870 896 1029 938 cithara
1061 897 1260 939 XXVIII
1292 897 1565 947 cordaru111“,
1607 896 1732 936 simili
1763 905 1810 937 ut
1840 896 2008 937 videtur
2038 896 2098 937 illi

149 991 280 1031 quam
314 978 507 1032 Koppius
538 992 578 1031 p.
602 977 689 1018 726
719 992 770 1018 ex
807 977 948 1018 codiee
987 978 1233 1018 Monacensi
1271 977 1485 1028 exhibuit3
1530 986 1749 1031 praeterea
1778 991 1864 1017 non
1894 976 1995 1017 noni
2025 975 2098 1017 sed

145 1058 298 1099 decimi
344 1059 481 1113 potius
527 1058 657 1098 seculi
706 1073 885 1098 manum
932 1058 1067 1099 videri
1112 1057 1344 1110 contendit;
1388 1057 1666 1098 recentiorem
1704 1066 1844 1097 tamen
1884 1071 1972 1097 esse
2010 1071 2098 1098 non

144 1154 264 1195 posse
294 1140 434 1194 ipsum
468 1139 689 1193 Koppium
723 1139 916 1193 colligere
948 1139 1125 1178 memini
1156 1154 1207 1179 ex
1238 1148 1337 1179 nota
1368 1138 1599 1179 Tironiana
1635 1139 1678 1178 in
1709 1138 1843 1192 glossa
1873 1137 1925 1177 ad
1956 1139 1986 1188 ᾗ.
2014 1136 2097 1178 152

142 1222 382 1276 conspicua.
442 1221 570 1261 Hune
601 1221 761 1276 quippe
800 1220 987 1260 codicem
1022 1218 1174 1259 cheri
1212 1219 1508 1260 benevolentia
1545 1218 1623 1258 sibi
1654 1217 1975 1258 commodatum
2006 1217 2095 1272 ipse

144 1301 410 1342 Mannhemii
454 1302 711 1354 contulerat3
758 1300 935 1355 reliqui,
982 1312 1170 1353 quorum
1214 1300 1372 1355 pariter
1414 1300 1504 1356 ipse
1539 1299 1736 1340 lectiones
1775 1299 1986 1354 collegisse
2029 1299 2096 1340 vi-

146 1382 292 1433 detur,
332 1382 375 1422 hi
410 1391 525 1422 sunt:

310 1461 353 1513 7)
385 1460 656 1510 Dresdensis,
702 1469 741 1499 et
776 1459 886 1513 ipse,
915 1460 949 1499 si
979 1469 1090 1500 recte
1122 1463 1333 1515 comperi,
1374 1462 1751 1513 membi·anaceUS‚
1797 1461 1918 1516 cujus
1949 1469 2092 1502 tamen

140 1543 252 1585 ultra
281 1541 518 1583 secundum
549 1540 711 1580 librum
742 1539 1000 1579 mentionem
1032 1552 1117 1577 non
1148 1539 1303 1578 inveni.

305 1625 355 1679 8)
385 1623 606 1677 Hugianus
640 1619 906 1661 celeberrimi
936 1616 1183 1673 professoris
1213 1617 1247 1658 F
1251 1616 1511 1671 riburgensis
1521 1649 1533 1669 ‚
1579 1619 1736 1673 pariter
1767 1627 1815 1659 ut
1849 1619 2018 1661 videtur
2047 1621 2091 1660 in

141 1706 223 1747 fine
252 1704 427 1746 secundi
455 1703 553 1743 libri
583 1701 790 1742 desinens.
1007 1687 1008 1690 Ἴ

306 1788 357 1842 9)
387 1784 653 1835 Basileensis‚
699 1783 821 1837 eujus
863 1782 907 1822 in
944 1780 1115 1822 duobus
1153 1778 1370 1835 prioribus
1410 1778 1529 1820 libris
1566 1779 1721 1835 passim
1755 1780 1912 1821 mentio
1942 1789 2089 1826 exstat.

286 1868 363 1922 10)
394 1863 774 1913 Reiehenauensis,
812 1875 928 1902 nunc
958 1860 1296 1912 Carlsruhensis,
1336 1863 1412 1915 qui
1437 1860 1678 1902 secundum
1708 1861 2087 1903 Darmstattensem

138 1948 377 2004 plurimum
408 1946 593 1987 utilitatis
627 1959 703 2000 per
733 1951 869 1983 totum
900 1956 1008 1997 opus
1037 1942 1244 1997 praebuit.

281 2028 356 2081 11)
383 2024 963 2075 Ettenheimmiinsteriensis,
1007 2024 1083 2079 qui
1112 2024 1269 2079 pariter
1297 2036 1414 2064 nunc
1445 2021 1726 2065 Carlsruham
1756 2023 1982 2065 translatus
2013 2033 2086 2077 est,

136 2116 334 2151 octavum
363 2116 532 2147 tantum
561 2105 722 2146 librum
754 2104 982 2145 continens.

277 2188 352 2244 12)
390 2186 686 2236 Monacenses,
742 2184 819 2239 qui
867 2193 1029 2239 septem
1071 2198 1253 2225 numero
1301 2191 1716 2235 commemorantur,
1769 2183 1844 2225 sed
1884 2193 1933 2226 ut
1971 2199 2082 2227 unus

136 2281 300 2315 tantum
332 2283 484 2311 eorum
510 2267 588 2322 (C)
611 2276 748 2308 totum
780 2280 887 2321 opus
918 2265 1139 2320 complecti
1171 2265 1385 2317 videatur3
1418 2264 1523 2305 alius
1550 2263 1631 2320 (F)
1659 2265 1703 2305 in
1734 2274 1890 2319 quarto
1914 2275 2077 2307 tantum

135 2353 244 2396 libro
281 2358 665 2401 commemoratur,
712 2348 817 2389 alius
853 2346 938 2402 (G)
976 2348 1083 2389 intra
1121 2348 1281 2403 priores
1315 2346 1425 2388 duos
1463 2345 1667 2399 consistit3
1713 2359 1866 2387 verum
1905 2356 1944 2387 et
1977 2346 2078 2388 reli-

138 2447 324 2487 quorum
364 2431 630 2473 collationem
675 2442 762 2470 non
797 2427 911 2469 ultra
947 2428 1122 2470 secundi
1159 2429 1256 2470 libri
1296 2427 1427 2470 finem
1472 2435 1668 2469 accurate
1704 2436 1949 2482 persecutus
1986 2440 2076 2468 esse

137 2512 324 2565 videtur,
362 2509 574 2567 siquidem
612 2522 712 2552 rara
747 2516 914 2552 tantum
952 2508 996 2550 in
1033 2507 1334 2563 posterioribus
1364 2522 1517 2549 eorum
1547 2507 1706 2549 mentio
1736 2514 1868 2547 exstat
1895 2505 1948 2558 (ᾗ.
1972 2506 2071 2549 751.

1649 2610 1683 2645 Π
