2310 2860
773 109 972 151 Martiani
1006 108 1207 164 Capellae
1240 109 1309 149 lib.
1338 109 1412 151 VI.
1445 113 1475 162 §.
1500 110 1598 153 710.
2071 116 2153 157 571

194 231 271 273 pro
305 215 553 271 obliquitate
583 214 842 258 discrimino.
922 216 1047 266 Quae
1088 225 1231 257 tamen
1272 216 1407 258 lineae
1446 220 1611 274 punctis
1658 220 1984 277 utrimquesecus
2019 222 2156 264 inclu-

191 297 372 348 duntur,
415 299 535 340 sicuti
567 299 681 354 ipsae
714 313 890 354 quoque
917 298 1187 353 superficiem
1222 299 1572 354 circumcingunt.
1633 301 1886 356 Superficies
1921 312 2002 353 est,
2044 317 2155 357 quac

191 378 497 434 longitudinem
526 389 564 420 et
594 379 857 420 latitudinem
888 388 1049 420 tantum
1084 379 1232 431 habet,
1273 379 1559 436 profunditate
1597 380 1824 433 descritur,
1868 393 1914 423 ut
1944 392 2004 423 cst
2040 383 2155 424 color

543 461 664 501 Hanc
701 465 938 513 ἐπιφανείαν
972 462 1125 503 Graeci
1172 462 1341 511 dixere,

191 460 233 500 in
274 476 464 517 corpore.
1400 470 1439 501 et
1486 471 1531 501 ut
1573 461 1658 503 dixi
1707 464 1796 517 ejus
1837 466 2007 505 termini
2052 475 2152 507 sunt

191 541 327 583 lineae
358 543 446 583 sive
477 543 628 598 planae
666 544 754 583 sive
792 543 1000 583 sinuosae.
1060 544 1214 584 Planus
1246 551 1388 582 autem
1423 542 1604 596 angulus
1638 542 1681 583 lit
1710 544 1750 583 in
1786 544 1954 599 planitie
1983 545 2152 586 duabus

193 623 312 665 lineis
342 640 385 664 se
422 625 603 665 invicem
643 624 908 679 tangentibus
953 633 992 664 ct
1027 638 1112 664 non
1152 637 1284 663 unam
1318 622 1568 663 facientibus
1601 623 1649 664 ad
1684 624 1937 666 alterutrum
1975 627 2154 668 inclina-

191 705 361 745 tionem.
394 704 579 753 Quando
611 714 752 745 autem
786 719 923 759 aeque
946 705 1053 746 intra
1084 719 1127 744 se
1153 713 1293 744 tenent
1323 704 1529 758 angulum
1554 704 1688 745 lineae
1712 714 1750 745 et
1773 705 1956 748 directae
1984 707 2154 758 suerint,

190 783 476 825 directilineus
516 785 669 825 dicitur
708 785 887 840 angulus
931 795 969 826 et
1008 786 1174 826 Graece
1218 784 1509 834 ὲυθύγραμμος.
1583 787 1767 837 Quando
1814 798 1954 829 autem
1997 788 2156 830 directa

192 879 321 920 super
345 865 545 907 directam
574 867 777 919 jacentem
803 876 913 907 stans
943 866 1091 907 dextra
1117 867 1329 922 laevaque
1356 868 1530 923 angulos
1557 868 1756 923 aequales
1778 869 1941 919 fecerit,
1972 869 2155 910 directus

192 955 375 1001 uterque
416 958 475 989 est
514 949 711 1003 angulus,
761 957 799 988 ct
843 948 914 988 illa
957 957 1199 1003 superstans
1245 950 1612 1004 perpendicularis
1651 950 1826 1001 dicitur,
1875 950 1947 992 sed
1991 952 2156 991 Graece

191 1026 334 1064 κάθετο
341 1042 369 1069 ς.

705 1030 841 1082 major
898 1028 1055 1069 directo
1589 1033 1729 1073 minor
1776 1033 1933 1073 directo
1990 1043 2152 1074 acutus.

452 1030 644 1083 Angulus
1116 1031 1292 1071 obtusus
1349 1032 1526 1082 dicitur,

193 1109 392 1150 Definitio
438 1119 496 1149 cst
536 1124 622 1159 res,
685 1124 797 1164 quae
842 1110 1019 1163 alicujus
1065 1121 1124 1150 est
1154 1112 1373 1152 terminus.
1433 1113 1591 1152 Forma
1623 1122 1683 1152 cst
1719 1129 1805 1163 res,
1852 1127 1962 1166 quae
1994 1128 2046 1154 ex
2078 1112 2155 1153 ali-

192 1204 279 1245 quo
326 1190 391 1230 vel
438 1189 650 1243 aliquibus
699 1190 889 1230 terminis
933 1192 1184 1232 continetur.
1253 1190 1449 1230 Circulus
1494 1200 1553 1230 cst
1591 1191 1775 1245 planaris
1824 1191 1982 1246 ligura,
2045 1204 2157 1246 quae

192 1285 275 1310 una
308 1270 417 1309 linea
450 1270 706 1320 continctur3
756 1270 860 1309 hacc
893 1270 1000 1312 linea
1031 1274 1257 1322 περιφέρεια
1301 1272 1560 1326 appellatur,
1606 1271 1657 1327 ad
1691 1286 1823 1326 quam
1857 1287 1909 1312 ex
1942 1287 2027 1312 una
2058 1281 2154 1313 nota

193 1352 300 1392 intra
342 1350 553 1390 circulum
597 1351 729 1405 posita
769 1365 916 1391 omnes
957 1351 1141 1392 directae
1180 1351 1332 1391 ductae
1367 1351 1502 1392 lineae
1542 1352 1742 1406 aequales
1774 1361 1884 1392 sunt.
1942 1354 2155 1394 Punctum

194 1440 333 1471 autem
368 1430 514 1470 circuli
559 1438 618 1470 est
656 1429 803 1470 circuli
843 1430 983 1471 media
1027 1440 1138 1472 nota.
1211 1431 1451 1471 Diametros
1487 1441 1547 1472 est
1589 1432 1745 1473 directa
1776 1433 1886 1473 linea
1917 1433 2155 1487 quaedam,

193 1526 269 1565 per
308 1519 515 1565 punctum
559 1510 854 1565 supradictum
901 1511 1049 1563 ducta,
1107 1527 1220 1567 quae
1266 1513 1414 1553 orbem
1460 1512 1713 1566 aequalibus
1763 1513 1955 1568 partibus
1994 1513 2154 1553 dividit.

191 1592 506 1646 Hemicyclium
552 1601 610 1631 cst
650 1590 805 1646 figura,
858 1606 970 1646 quae
1015 1593 1224 1633 diametro
1264 1602 1303 1632 et
1347 1590 1587 1646 peripheria
1624 1592 1783 1642 media,
1838 1608 1971 1647 quam
2005 1593 2157 1635 eadem

191 1672 418 1714 diametros
460 1672 695 1727 distinguit,
745 1672 996 1713 continetur.
1042 1673 1202 1714 Lineae
1236 1681 1319 1713 tres
1346 1671 1528 1712 directae
1562 1671 1729 1712 diversa
1762 1673 1966 1727 positione
1998 1674 2157 1714 faciunt

192 1754 427 1808 trigonum,
476 1762 662 1807 quatuor
704 1762 998 1808 tetragonum,
1045 1754 1204 1794 multae
1246 1753 1521 1807 polygonum.
1588 1752 1641 1792 Et
1683 1752 1763 1793 hae
1804 1752 1954 1807 planae
1996 1752 2155 1807 figurae

192 1832 414 1882 dicuntur,
465 1847 652 1887 quarum
696 1842 795 1873 sunt
825 1847 980 1887 genera
1013 1834 1102 1873 tria.
1164 1835 1365 1883 Quorum
1401 1848 1538 1874 unum
1572 1833 1739 1874 directis
1769 1833 1889 1875 lincis
1922 1834 2154 1883 clauditur,

268 1978 352 2009 color
376 1979 411 2009 ἰιι
434 1976 582 2022 corpore]
611 1979 684 2010 Hoc
713 1990 843 2022 quoque
867 1991 906 2010 ex
932 1979 1070 2010 Platone
1098 1991 1150 2010 ex-

192 2041 384 2085 plicandum,
399 2041 491 2083 cujus
508 2043 586 2073 llaec
605 2042 700 2072 verba
717 2048 791 2073 sunt
811 2043 856 2086 (in
872 2044 1011 2073 Menone
1028 2055 1058 2086 p.
1077 2044 1151 2084 75):

193 2104 290 2138 ἔστω
309 2100 382 2148 γὰρ
402 2101 448 2148 δή
470 2102 587 2137 τοῦτο
609 2099 702 2148 ἡμῖν
722 2102 869 2149 σχῆμα,
891 2100 911 2137 ὅ
930 2100 1051 2147 μόνον
1072 2102 1152 2137 τῶν

193 2162 319 2198 ὄντων
338 2161 536 2209 τυγχάνει
553 2160 737 2209 χρώματι
756 2161 815 2198 ἀεὶ
833 2161 1033 2207 ἑπόμενον.
1054 2164 1151 2197 Adde

194 2226 403 2259 Aristotelem
428 2229 625 2271 (metaphys.
648 2228 688 2267 4,
720 2241 749 2271 p.
772 2228 858 2269 112,
885 2230 925 2269 83
958 2230 990 2268 7,
1017 2230 1152 2272 Ρ.174,

194 2290 260 2329 ‘223
291 2291 332 2320 ¹1
347 2313 356 2328 ‚
384 2303 415 2333 p.
435 2291 526 2330 245,
550 2292 598 2322 26
620 2291 764 2332 Brund).

270 2352 388 2393 planus
405 2358 513 2382 aulem
535 2352 687 2397 angulus]
717 2352 884 2383 Euclides:
901 2352 1086 2393 ἐπίπεδος
1112 2351 1152 2388 δὲ

195 2414 318 2458 γωνία
340 2411 445 2448 ἐστὶν
462 2411 485 2459 ἡ
499 2415 542 2449 ἐν
559 2415 733 2461 ἐπιπέδῳ
747 2411 818 2450 δύο
832 2417 1021 2462 γραμμῶν
1035 2416 1151 2451 ἁπτο-

195 2476 323 2520 μέιτιψ
344 2474 529 2522 ἀλλήλων
553 2476 616 2511 καὶ
636 2475 686 2524 μή
709 2479 768 2513 ἐπ’
787 2476 945 2520 εὐθείας
966 2480 1151 2523 κειμένων

197 2536 295 2584 πρὸς
327 2535 504 2583 ἀλλήλας
534 2537 616 2573 τῶν
644 2539 832 2586 γραμμῶν
865 2540 1000 2581 κλίσις.
1022 2541 1127 2574 ῦιιοτ.

1279 1979 1427 2027 quando]
1464 1981 1554 2012 Haec
1583 1981 1687 2012 omnia
1718 1986 1952 2024 consequenter
1983 1991 2084 2022 usque
2117 1979 2153 2009 ad

1203 2041 1381 2085 hemicyclii
1410 2042 1626 2073 definitionem
1658 2055 1699 2074 ex
1729 2043 1864 2074 Euclide
1897 2048 1971 2073 sunt
1999 2041 2152 2073 desumta.

1205 2105 1309 2137 Gne-r.

1277 2176 1307 2201 et
1333 2169 1472 2215 Graece]
1508 2170 1563 2203 Sic
1593 2171 1705 2214 scripsi
1729 2183 1747 2202 e
1775 2170 1884 2202 codiee
1908 2168 2155 2201 Darmstattensi

1202 2242 1260 2275 pro
1289 2237 1324 2263 ut
1353 2231 1477 2263 Graece
1498 2232 1583 2275 quod
1608 2232 1639 2263 in
1667 2232 1761 2263 editis
1787 2237 1864 2264 erat.

1279 2294 1434 2340 definitio]
1487 2295 1611 2327 Graece
1636 2291 1742 2340 ὅρος,
1772 2300 1807 2325 nt
1825 2294 1932 2337 forma
1953 2291 2098 2338 σχῆμα.

1279 2371 1399 2402 genera
1427 2357 1504 2403 tria]
1532 2359 1622 2391 Haec
1645 2370 1773 2403 quoque
1791 2358 1856 2399 jam
1884 2357 1967 2400 apud
1985 2357 2154 2389 Platonem

1203 2422 1368 2464 (parmen.
1383 2435 1413 2466 p.
1434 2422 1533 2466 145):
1553 2420 1617 2457 καὶ
1648 2418 1853 2466 σχήματος
1880 2417 1926 2465 δή
1952 2432 2073 2463 τινος,
2102 2417 2155 2459 ὠς

1204 2485 1313 2528 ἔοικε,
1332 2484 1514 2520 τοιοῦτον
1529 2485 1574 2519 ὄν
1587 2483 1747 2529 μετέχοι
1761 2481 1810 2517 (ἵν
1826 2480 1871 2516 τὸ
1888 2483 1938 2526 ἓν,
1950 2481 2036 2527 ἤτοι
2049 2480 2154 2518 εὔθε-

1203 2557 1264 2589 ος,
1286 2544 1311 2591 ἦ
1328 2543 1593 2594 στρογγύλου,
1616 2544 1642 2591 ἦ
1659 2556 1764 2583 τινος
1780 2543 1916 2588 μικτοῦ
1938 2543 1982 2586 ἐξ
1999 2542 2156 2593 ἀμφοῖν.

1664 2606 1711 2637 72
1729 2604 1751 2630 *

2185 542 2266 583 711

2191 1188 2276 1229 712
