2310 2860
151 1524 240 1565 551

155 1785 245 1828 552

275 181 311 225 CJ(

314 182 335 223 th*

340 181 369 223 10

846 177 1044 220 Martiani
1085 177 1284 233 Capellae
1323 177 1395 219 lib.
1424 177 1500 219 IV.
1540 178 1694 230 §.550.

1099 334 1178 377 DE
1226 333 1407 376 ΤΟΤΟ.

445 443 607 486 Totum
639 453 721 496 est,
763 443 878 500 quod
909 441 1078 484 duabus
1110 440 1362 497 pluribusve
1394 440 1435 480 in
1466 454 1510 480 se
1547 439 1738 496 partibus
1775 440 1917 496 positis
1947 454 2032 481 non
2062 455 2229 498 semper

273 539 450 575 nomen,
496 523 781 566 definitionem
829 537 1055 579 nunquam
1096 521 1401 564 accommodat.

1467 522 1522 562 Et
1559 521 1640 562 hoc
1680 537 1764 563 non
1808 522 1887 563 nisi
1925 522 1968 562 in
2004 521 2231 564 individuis

273 607 514 658 invenitur,
545 616 592 648 ut
623 608 656 647 si
683 607 906 648 hominem
931 606 1201 661 designemus
1225 612 1264 644 et
1294 603 1385 658 ejus
1411 603 1744 659 partes—singula
1780 603 1978 644 membra
2011 602 2232 655 faciamus,

273 688 550 743 intelligimus
580 688 623 729 id
658 689 799 744 ipsum
831 697 967 728 totum
999 702 1110 737 esse,
1158 685 1260 741 quia
1295 694 1460 726 certum
1491 684 1714 726 hominem
1749 685 2061 736 constituimus,
2089 693 2130 725 et
2157 683 2233 725 de-

273 767 506 809 finitionem
547 779 586 809 et
617 784 772 810 nomen
808 769 939 824 ipsius
977 769 1101 809 totius
1139 781 1223 806 non
1265 781 1386 822 posse
1417 768 1458 808 in
1492 776 1630 823 partes
1663 766 1825 808 cadere.

1885 767 1982 808 Non
2018 767 2131 807 enim
2163 775 2235 807 aut

273 850 499 891 brachium
539 850 700 901 solum,
748 859 820 890 aut
862 858 1010 905 caput,
1060 847 1280 888 hominem
1321 847 1461 889 dicere
1501 848 1756 904 poterimus,
1804 857 1876 889 aut
1912 848 2044 904 ipsius
2083 845 2234 889 defini-

273 932 432 972 tionem
459 932 623 988 singula
655 931 851 972 membra
882 930 1103 986 recipiunt.

274 1028 400 1054 omne
438 1029 515 1068 pro
550 1022 634 1054 toto
677 1012 817 1053 dicere
860 1026 1111 1068 possumus,
1164 1011 1237 1053 sed
1282 1012 1361 1053 alio
1406 1012 1596 1068 quodam
1644 1011 1872 1054 intellectu.

275 1095 400 1135 etiam
443 1095 485 1134 in
528 1094 721 1148 singulis,
771 1101 810 1133 et
849 1107 976 1133 omne
1006 1092 1048 1132 in
1080 1092 1222 1133 multis
1255 1093 1505 1148 agnoscitur.

1165 929 1249 971 Sed
1280 930 1710 972 animadvertendum
1742 940 1821 982 est,
1856 930 1972 987 quod
2003 928 2234 986 aliquando

1944 1010 2061 1053 Nam
2099 1018 2234 1051 totum

1565 1093 1678 1133 Nam
1711 1106 1849 1145 quum
1883 1090 2067 1131 dicimus
2100 1089 2234 1130 homo

277 1174 447 1224 Cicero,
491 1174 592 1229 quia
625 1187 736 1213 unus
768 1181 827 1213 est
856 1172 898 1212 in
931 1187 1002 1223 e0,
1044 1181 1154 1214 totus
1185 1175 1451 1230 intelligitur;
1509 1173 1640 1214 homo
1673 1182 1838 1223 autem,
1878 1172 1981 1228 quia
2010 1171 2233 1228 imperitus

276 1264 316 1296 et
347 1255 518 1306 artifex,
562 1263 601 1295 et
633 1254 697 1296 vir
728 1263 768 1295 et
799 1252 955 1294 mulier
986 1267 1074 1294 esse
1103 1263 1259 1310 potest,
1305 1269 1433 1296 omne
1463 1254 1616 1296 melius
1649 1254 1897 1309 accipimus.

1097 1409 1176 1451 DE
1218 1408 1425 1453 PARTE.

444 1517 589 1557 Partes
619 1524 738 1567 sunt,
771 1529 883 1571 quae
914 1515 957 1556 in
984 1524 1069 1557 toto
1102 1530 1190 1556 esse
1214 1514 1527 1571 intelliguntur,
1561 1524 1676 1557 etex
1707 1515 1865 1571 quibus
1896 1524 2032 1557 totum
2061 1522 2232 1556 constat.

844 1671 952 1722 QUI
983 1671 1046 1714 IN
1076 1671 1415 1714 DIVIDENDO
1446 1670 1666 1712 MODUS.

449 1777 654 1819 Dividere
698 1791 838 1832 usque
879 1791 928 1817 eo
969 1775 1200 1829 debemus,
1245 1776 1379 1817 donec
1420 1776 1472 1818 ad
1512 1776 1787 1818 individuum
1819 1776 2040 1830 veniatur3
2086 1786 2126 1818 et
2154 1776 2237 1819 hoc

274 1858 339 1909 fit,
390 1871 526 1912 quum
560 1872 637 1912 per
675 1856 931 1897 differentias
970 1855 1022 1896 ad
1053 1857 1307 1912 paucitatem
1339 1871 1493 1911 genera
1523 1856 1776 1913 redigimus,
1826 1867 1866 1899 et
1896 1858 1952 1899 eis
1992 1859 2048 1899 ita
2077 1857 2238 1899 formas

278 1940 548 1994 subjicimus,
597 1947 644 1979 ut
674 1947 714 1978 et
743 1938 857 1994 ipsae
888 1936 1076 1992 singulae
1116 1937 1205 1978 aliis
1235 1936 1315 1978 sub
1345 1953 1389 1979 se
1424 1938 1565 1994 positis
1597 1939 1720 1981 etiam
1753 1955 1908 1995 genera
1937 1955 2026 1982 esse
2065 1940 2235 1996 possint.

280 2046 438 2091 λογικοῦ
454 2058 494 2080 τε
511 2045 569 2080 καὶ
589 2043 735 2091 ἀλόγου
750 2045 985 2094 ὃιαιρετικαὶ.
997 2046 1040 2077 Et
1052 2042 1236 2090 postm’cftz'

280 2109 320 2142 αι’
340 2107 409 2151 μὲν
430 2108 501 2142 τοῦ
524 2109 680 2153 λογικοῦ
707 2107 766 2142 καὶ
787 2107 941 2154 θνητοῦ
965 2105 1151 2155 διαφοραὶ
1173 2112 1235 2142 συ·

281 2167 456 2204 manual
487 2168 664 2214 ’γίνονται
694 2170 765 2205 τοῦ
804 2166 1035 2216 ἀνθρώπου.
1065 2169 1169 2201 Gne-r.
1189 2186 1236 2192 —-

280 2231 380 2262 Plura
401 2231 488 2262 dabit
506 2230 711 2273 Spaldingius
733 2232 784 2274 (ad
807 2232 937 2275 Quinct.
956 2233 996 2272 2,
1027 2233 1089 2271 16,
1116 2231 1178 2271 123
1205 2243 1235 2274 p.

281 2295 354 2326 569
374 2294 488 2337 sequ).
515 2294 589 2337 Ipse
608 2294 845 2336 Quinctilianns
864 2296 911 2339 (5,
937 2295 993 2335 10,
1019 2295 1094 2337 5G):
1113 2296 1236 2325 »Homo

281 2364 329 2389 est
351 2358 507 2398 mzimal«,
534 2358 654 2400 inquit,
681 2369 762 2389 »non
783 2364 832 2389 est
853 2359 947 2399 satis,
973 2359 1005 2390 id
1029 2359 1112 2390 enim
1135 2368 1236 2399 genus

282 2427 348 2461 est,
376 2422 521 2460 mortale,
547 2421 671 2452 etiamsi
698 2427 747 2452 est
770 2422 909 2465 species,
943 2435 1014 2455 eum
1041 2423 1110 2453 aliis
1131 2428 1236 2453 tamen

283 2486 459 2517 communis
484 2485 601 2525 finitio,
627 2486 800 2525 rationale,
832 2486 910 2516 nihil
938 2485 1095 2530 supererit
1117 2485 1156 2516 ad
1184 2485 1237 2516 de-

285 2549 526 2580 monstrandum
546 2549 578 2580 id
598 2548 684 2593 quod
697 2548 797 2580 velis«
817 2548 912 2580 Adde
930 2550 1065 2581 eundem
1084 2549 1145 2581 alio
1164 2549 1237 2580 loeo

285 2612 337 2655 (7,
361 2614 401 2653 5,
434 2612 508 2656 15),
534 2613 618 2645 unde
640 2617 771 2658 apparet
796 2613 968 2645 solemnem
991 2614 1071 2646 hanc
1098 2612 1236 2645 dialecti-

1286 2058 1395 2078 corum
1425 2047 1642 2080 definitionem
1667 2048 1782 2089 fuisse,
1816 2061 1911 2092 quam
1939 2049 2030 2080 affert
2053 2053 2085 2079 et
2114 2046 2236 2081 Sextus

1286 2110 1466 2154 Empiricus
1494 2111 1579 2155 (adv.
1603 2112 1683 2154 Log.
1705 2114 1739 2153 7,
1766 2112 1864 2154 269).

1362 2184 1549 2232 nunqnam]
1589 2187 1724 2226 Tamen,
1769 2185 1855 2228 qnod
1887 2184 1918 2216 in
1945 2184 2040 2217 editis
2065 2186 2237 2229 praecedit,

1288 2247 1391 2279 delevi
1416 2249 1603 2280 auctoritate
1630 2248 1749 2281 codicis
1774 2249 1977 2280 Monacensis
1999 2247 2061 2291 (F).

1362 2333 1470 2380 omme]
1499 2333 1657 2367 Subtilius
1690 2332 1885 2365 Aristoteles
1917 2333 2066 2378 (metaph.
2089 2334 2132 2375 4,
2160 2333 2236 2376 2G):

1288 2393 1390 2431 ὅσων
1416 2395 1487 2439 μὲν
1515 2393 1565 2441 μὴ
1593 2400 1696 2430 ποιεῖ
1727 2392 1751 2440 ἦ
1778 2393 1891 2434 θέσις
1915 2391 2125 2442 διαφορὰν,
2158 2394 2238 2429 πᾶν

1288 2458 1462 2505 λέγεται·
1490 2455 1593 2494 ὅσων
1619 2457 1660 2494 δὲ
1686 2463 1806 2500 ποιεῖ,
1834 2455 1938 2493 ὅλον.

1360 2544 1482 2591 parles]
1509 2546 1560 2578 De
1584 2550 1651 2578 toto
1676 2551 1708 2578 et
1732 2545 1875 2591 partibus
1898 2545 2008 2579 conset
2028 2543 2236 2579 Aristotelem

1289 2609 1438 2653 (metaph.
1458 2609 1498 2649 G,
1526 2607 1593 2651 10)-
