2310 2860
135 1303 223 1347 989

245 130 334 171 764,
789 121 988 163 Martiani
1029 119 1231 176 Capellae
1270 117 1342 160 lib.
1369 117 1450 160 IX.
1492 118 1642 170 §.98³2

249 250 386 292 quum
411 243 549 275 autem
579 229 764 271 trochaei
797 227 925 280 medii
959 227 1240 276 collocantur,
1271 226 1494 266 trochacus
1524 225 1690 266 medius
1720 226 1815 280 jure
1845 228 2028 282 dicetur3
2059 243 2198 283 quum

250 325 389 356 autem
430 313 472 351 in
504 309 642 350 medio
674 308 827 359 iambi,
875 306 1042 348 medius
1082 304 1250 346 iambus
1288 314 1480 346 vocatur.
1542 306 1704 346 Omnes
1734 306 1803 347 vel
1835 308 1909 362 qui
1939 309 2203 365 incompositi

251 408 325 449 per
355 390 578 446 periodon,
626 389 694 429 vel
734 389 809 443 qui
848 403 922 440 per
961 386 1158 442 copulam
1199 385 1471 440 colligantur,
1510 384 1705 440 rhythmi
1741 384 1888 426 decem
1928 395 1968 427 et
1997 397 2090 428 octo
2119 402 2202 429 nu·-

250 473 399 515 merati
428 480 537 512 sunt.
598 469 681 510 Sed
715 469 883 510 iambus
924 467 1060 508 dictus
1100 475 1160 506 est
1200 466 1252 506 ab
1291 481 1363 516 eo,
1414 464 1530 519 quod
1566 469 1756 514 ἰαμβίζειν
1795 466 1949 507 Graeci
1978 465 2201 508 detrahere

252 554 470 602 dixerunt,
516 561 556 592 et
588 551 669 591 hoc
710 549 898 590 carmine
937 547 1182 602 quibusque
1220 556 1382 588 veteres
1422 547 1713 589 detrahebant.
1780 547 1887 588 Item
1925 547 2008 589 hoo
2045 562 2203 590 nomen

252 645 312 676 est
343 635 393 676 ab
426 648 497 684 eo,
544 631 661 687 quod
692 645 908 673 venenum
943 628 1154 671 maledicti
1196 638 1266 669 aut
1295 628 1440 669 livoris
1470 628 1677 669 infundat.
1736 627 1987 669 Trochaeus
2017 642 2120 670 vero
2152 626 2204 668 ab

253 731 301 758 eo
339 716 497 765 dictus,
546 712 663 769 quod.
709 712 889 753 celerem
934 712 1223 751 reversionem
1270 708 1414 759 faciat,
1463 709 1595 751 veluti
1636 718 1738 750 rota.
1815 708 1993 749 Orthius
2032 717 2204 764 propter

252 797 512 837 honestatem
534 791 747 848 positionis
778 800 838 831 est
866 790 1120 831 nominatus.
1180 790 1443 830 Semanticus
1474 804 1597 840 sane,
1629 789 1758 844 quia,
1790 803 1929 843 quum
1965 789 2014 829 sit
2043 786 2202 829 tardior

253 887 470 932 tempore,
523 872 867 929 significationem
914 873 1049 926 ipsam
1105 870 1335 926 productae
1385 879 1425 910 et
1463 869 1717 912 remanentis
1763 868 1998 909 cessationis
2036 868 2206 923 effingit.

254 957 423 999 Bacchii
454 969 555 997 vero
587 962 683 994 sunt
713 952 835 1001 dicti,
869 951 985 1006 q‘uod
1016 951 1229 991 Bacchicis
1254 950 1443 1011 magime
1465 950 1578 991 sonis
1609 958 1868 1005 congruunt,
1898 950 2020 1004 isque
2049 949 2204 991 Bacchi

254 1036 382 1080 ludus
411 1045 491 1089 est,
536 1034 611 1091 qui
641 1033 720 1076 illis
751 1033 1013 1075 carminibus
1047 1041 1227 1089 aptatur.

877 1191 957 1232 DE
1001 1189 1298 1231 PAEONICO
1338 1189 1589 1230 GENERE.

423 1298 474 1341 In
499 1314 548 1340 eo
571 1312 674 1340 vero
697 1311 873 1354 genere,
903 1295 1020 1351 quod
1043 1295 1296 1350 paeonicum
1319 1295 1586 1345 nominatur,
1616 1292 1879 1348 incompositi
1903 1291 1989 1334 duo
2009 1292 2204 1348 rhythmi

257 1428 430 1462 subnectit:
449 1428 519 1472 »qui
538 1426 699 1458 secundus
718 1425 842 1456 iambus
856 1423 888 1468 (l.
903 1423 1061 1455 secundos
1074 1422 1206 1466 iambos)

255 1492 373 1536 duplex
392 1490 487 1535 (addc
505 1488 665 1532 bacchius)
691 1500 709 1518 a
735 1487 859 1519 dianlbo
882 1498 953 1517 esse
972 1485 1117 1518 dicitur.«
1150 1483 1206 1516 An

254 1557 361 1600 itaque
377 1566 471 1598 supra
487 1554 656 1595 legendnm
673 1552 792 1595 duplex
810 1551 958 1582 bacchius
974 1562 994 1580 a
1008 1548 1207 1580 ditrochaeo?

253 1618 340 1652 Sane
357 1617 500 1649 arbitror.
513 1615 673 1647 Gnor.—
697 1613 869 1655 Vulgatam
883 1611 1015 1649 retinui,
1037 1610 1099 1642 nisi
1119 1609 1207 1653 quod

253 1692 312 1727 pro
326 1691 393 1712 esse
407 1680 525 1710 dicitur
540 1676 669 1720 reposui
684 1687 723 1707 ex
739 1673 950 1705 anterioribus
966 1672 1159 1703 editionibus
1175 1676 1207 1702 et

255 1741 418 1775 codicibus
433 1736 690 1771 Reichenauensi
702 1741 734 1766 et
751 1733 998 1765 Darmstattcnsi
1013 1735 1207 1763 nominatur.

255 1805 406 1837 Ceterum
424 1804 530 1834 locum
557 1804 740 1842 corruptum
759 1810 831 1830 esse
849 1797 953 1840 quivis
977 1795 1111 1835 videbit,
1132 1795 1208 1826 licet

254 1877 370 1898 sensus
398 1869 505 1896 certus
527 1862 584 1901 sit3
610 1862 745 1892 soi-tasse
772 1871 830 1904 pro
853 1859 1010 1890 secundos
1036 1857 1207 1899 legendnm

255 1930 343 1961 duos.
397 1927 492 1970 Quos
530 1930 635 1957 autem
678 1929 803 1962 noster,
840 1927 1013 1966 praeeunte
1044 1920 1206 1961 Aristide,

254 1991 403 2024 hacehios
434 1989 533 2029 dicat,
572 1986 719 2033 superius
749 1986 808 2031 (ad
835 1984 865 2030 §.
888 1985 982 2029 986)
1010 1984 1078 2026 jam
1112 1983 1207 2016 intel-

256 2056 405 2087 lenimus.

335 2115 476 2158 rhythmi
495 2111 613 2157 decem]
641 2112 779 2144 Codices
801 2110 1066 2142 Damnstattensis
1084 2115 1116 2141 et
1136 2110 1206 2142 Mo·

257 2178 403 2212 nacensis
424 2177 489 2221 (C)
515 2176 622 2219 inepte
650 2175 795 2205 inserunt
820 2175 972 2206 dicuntur
1000 2179 1049 2211 εἰς
1081 2173 1209 2204 videtur

257 2247 362 2272 tamen
393 2243 460 2270 tota
490 2237 641 2281 periodus
673 2235 797 2266 turbata
829 2247 916 2274 esse,
947 2247 1041 2278 quam
1068 2234 1110 2265 ita
1135 2246 1206 2277 pro-

257 2301 404 2334 babiliter
433 2298 645 2331 restituimus:
681 2307 811 2328 »omnes
844 2297 895 2327 vel
924 2296 977 2339 qui
1006 2296 1209 2339 incompositi

259 2366 411 2397 dicuntur
433 2364 486 2395 vel
508 2364 564 2409 qm'
588 2372 645 2406 per
662 2359 817 2404 periodon
833 2360 883 2391 vel
907 2360 961 2403 qui
987 2371 1044 2404 per
1061 2360 1208 2403 copulam

260 2428 449 2469 colligantur
471 2425 609 2469 rhythmi
629 2424 738 2455 decem
762 2428 794 2454 et
819 2429 891 2455 octo
916 2422 1071 2454 numerati
1098 2429 1199 2454 sunt«

334 2487 534 2533 ἰαμβίζειν]
556 2487 716 2519 Aristides
733 2487 776 2531 (p.
792 2488 870 2530 58):
888 2486 1024 2530 ἴαμβος
1045 2484 1115 2530 μὲν
1136 2479 1208 2521 οὖν

262 2547 408 2596 ἐκλήθη
432 2546 509 2584 ἀπὸ
535 2548 606 2584 τοῦ
632 2546 830 2592 ἰαμβίζειν,
858 2545 880 2583 ὅ
903 2548 982 2584 ἐστι
1005 2548 1207 2595 λοιδορεῖν,

1256 1419 1362 1467 παρὰ
1384 1418 1454 1455 τὸν
1473 1417 1532 1455 ἰὸν
1555 1418 1763 1466 εἶρημένος.
1807 1421 1901 1453 Unde
1924 1420 2052 1454 Iambus
2074 1422 2128 1454 ille
2145 1421 2207 1454 Ar-

1257 1483 1434 1515 chiloehins
1458 1482 1630 1514 maledicus
1655 1482 1814 1526 (Casaub.
1839 1483 1878 1514 ad
1901 1482 2006 1515 Sti-ab.
2025 1484 2063 1524 9,
2089 1496 2118 1527 p.
2134 1485 2207 1515 422

1258 1554 1288 1579 et
1305 1547 1344 1578 de
1361 1547 1450 1590 poesi
1464 1546 1549 1577 satir.
1567 1559 1600 1590 p.
1622 1547 1665 1577 1ss
1682 1546 1801 1589 Crem).
1820 1546 1887 1579 Sed
1904 1546 1975 1578 vide
1993 1547 2122 1579 omnino
2135 1546 2207 1578 Ari-

1258 1610 1405 1641 stotelem
1424 1610 1470 1653 (in
1494 1611 1630 1653 poenti,
1652 1609 1689 1652 8)
1714 1615 1746 1641 ct
1771 1609 1941 1651 Ingenium
1959 1610 2012 1655 (de
2036 1610 2207 1644 scoliorum

1257 1673 1350 1718 poesi
1374 1686 1404 1716 p.
1420 1673 1588 1715 CXVIII).

1333 1733 1517 1778 trochaeus]
1543 1734 1686 1765 Isidorus
1705 1733 1846 1777 (etymol.
1869 1735 1905 1774 1,
1939 1736 2001 1775 17,
2029 1737 2070 1776 53
2108 1748 2139 1780 p.
2158 1736 2206 1768 23

1256 1794 1385 1838 Arev.):
1410 1796 1466 1827 nab
1489 1807 1526 1827 eo
1552 1795 1655 1826 dictus
1678 1801 1742 1835 est,
1770 1795 1856 1838 quod
1877 1795 2012 1827 celerem
2029 1799 2206 1829 conversio·

1257 1872 1329 1890 nem
1358 1859 1451 1891 saciat
1479 1859 1670 1897 cantilenae,
1697 1864 1729 1889 et
1753 1858 1844 1901 quasi
1867 1865 1938 1890 rota
1963 1859 2114 1891 velociter
2138 1872 2206 1892 cur-

1256 1929 1305 1954 rat
1331 1923 1363 1954 in
1389 1922 1514 1961 metri53
1541 1918 1689 1968 τροχὸς
1714 1921 1797 1953 enim
1819 1921 1942 1954 Graece
1965 1928 2035 1954 rota
2059 1923 2199 1956 dicitur.-

1256 1983 1418 2016 Aristides
1440 1984 1483 2027 (p.
1498 1985 1558 2017 57.
1584 1985 1648 2025 58)
1674 1984 1783 2014 eadem
1805 1995 1886 2026 quae
1904 1989 2014 2016 noster
2029 1984 2132 2017 docet.

1333 2043 1474 2089 orthius]
1515 2045 1563 2076 Ita
1596 2044 1708 2075 Latine
1743 2050 1853 2075 noster
1884 2046 2022 2076 reddidit
2053 2045 2205 2078 Aristidis

1257 2109 1302 2152 (p.
1320 2109 1382 2151 58)
1408 2109 1519 2140 verba:
1544 2103 1583 2141 »ὁ
1608 2105 1648 2142 δὲ
1669 2104 1804 2153 ὄρθιος
1824 2105 1887 2142 διὰ
1910 2105 1954 2141 τὸ
1976 2105 2114 2151 σεμνὸν
2133 2108 2206 2155 τῆς

1257 2166 1499 2215 ὑποκρίσεως
1515 2166 1578 2202 καὶ
1592 2165 1764 2208 βάσεωςμ·
1785 2169 1897 2212 Inepte
1911 2169 1991 2202 alios
2008 2170 2090 2202 rorte
2106 2171 2205 2204 arctos

1257 2233 1364 2275 legere
1388 2232 1520 2274 margini
1550 2232 1718 2275 adscripsit
1741 2231 1882 2263 Grotius.

1332 2294 1544 2339 semanticus]
1582 2295 1705 2326 Graece
1739 2293 1900 2325 Aristides
1936 2295 1978 2338 (p.
2005 2295 2084 2339 58):
2114 2296 2203 2342 »2⁷7«

1257 2356 1402 2404 μαντὸς
1428 2357 1468 2393 δὲ
1498 2355 1557 2391 ὅτι
1583 2353 1729 2402 βραδὺς
1758 2352 1815 2390 ὦν
1835 2362 1920 2396 τοῖς
1944 2355 2108 2404 χρόνοις
2127 2360 2203 2394 ἑπι-

1259 2425 1470 2465 τεχυηταῖς
1490 2416 1638 2464 χρῆται
1655 2417 1875 2463 σημασίαις,
1904 2417 2204 2467 παρακολουθή-

1259 2486 1355 2521 σεως
1379 2482 1487 2516 ἕνεκα
1513 2476 1778 2519 διπλασιάζων
1801 2477 1872 2519 τὰς
1899 2481 2060 2522 θεόεις.«
2107 2481 2204 2517 Adde

1259 2545 1467 2579 Plutarchum
1492 2542 1544 2588 <de
1566 2541 1686 2575 musica
1709 2554 1738 2588 p.
1762 2542 1877 2586 1140).
