2310 2860
754 177 952 219 Martiani
985 176 1184 233 Capellae
1213 176 1287 220 lib.
1310 177 1389 219 IX.
1421 180 1453 230 §.
1478 178 1579 220 888.

399 284 599 327 Pronuba
630 286 687 325 sic
718 284 879 339 volupe
911 293 971 325 est
1000 284 1106 325 haec
1136 284 1245 325 seria
1277 299 1451 341 carpere
1484 285 1620 338 Juno‚

498 365 590 407 Nec
620 379 724 406 cura
757 365 941 421 astrigeri
971 374 1010 405 te
1040 365 1229 406 stimulat
1258 365 1458 419 thalami;

386 446 462 489 Ast
492 461 567 502 ego
598 446 829 498 succubui,
865 446 1102 502 lepidisque
1135 457 1300 489 assueta
1333 448 1498 490 choreis

468 530 566 570 Non
597 529 719 571 valeo
751 528 883 569 tristes
915 543 1088 570 cernere
1120 528 1392 586 Cecropidas

67 650 154 694 889

356 648 411 690 Et
428 662 527 690 cum
548 648 658 690 dicto
678 649 880 705 resupina
899 649 1128 704 paululum
1149 648 1406 702 reclinisque
1429 663 1539 704 pone
1564 648 1821 690 consistentis
1842 664 1931 691 sese
1955 650 2145 706 permisit

188 729 456 787 amplexibus
485 728 740 784 Voluptatis,
798 727 934 782 Cujus
972 728 1114 770 verbis
1150 729 1455 784 assertionique
1493 730 1705 771 ruricolae
1737 746 1884 772 omnes
1915 732 2144 787 cunctique

185 814 458 870 fluctigenae,
489 827 621 867 quam
646 812 790 868 plures
819 812 945 852 etiam
980 811 1165 852 astriluci
1195 826 1408 852 assensere
1431 811 1541 864 div13
1573 813 1912 868 praesertimque
1935 813 2143 854 Lemnius

184 894 398 937 Mulciber
442 893 662 934 fabrilium
702 901 868 933 tantum
900 905 1082 946 operum
1114 892 1263 933 sollers
1294 892 1472 933 maritus
1505 894 1736 949 promtiore
1770 894 2025 934 attestatione
2056 891 2144 933 col-

182 977 351 1030 laudat;
390 986 492 1018 tunc
522 976 730 1031 denique,
767 975 885 1030 quod
915 975 1112 1016 decenter
1147 974 1315 1025 innixa,
1355 983 1484 1028 atque
1520 974 1611 1028 ipsa
1641 973 1901 1014 relabentem
1939 971 2142 1014 lassitudo

183 1057 407 1107 decuerat,
446 1056 564 1097 Mars
587 1056 754 1097 eminus
787 1057 1051 1112 conspicatus
1082 1066 1227 1097 tenero
1259 1068 1357 1095 cum
1383 1053 1671 1094 admirationis
1703 1054 1854 1094 obtutu
1877 1054 2144 1110 languidiore

182 1139 354 1180 fractior
375 1153 480 1181 voce
503 1137 716 1189 laudavit,
748 1137 1051 1193 profundaque
1082 1137 1198 1178 visus
1229 1145 1289 1176 est
1321 1136 1499 1176 traxisse
1529 1135 1730 1190 suspiria,
1761 1149 1839 1175 nec
1869 1135 2067 1176 Bromius
2096 1134 2141 1175 in

181 1219 342 1264 favoris
373 1222 551 1276 gratiam
583 1220 725 1276 dispar
754 1220 853 1273 fuit3
894 1220 999 1275 quin
1031 1220 1156 1260 etiam
1187 1219 1330 1273 ipsum
1360 1216 1642 1258 Atlantiadem
1670 1226 1757 1258 tam
1788 1216 2034 1258 flammatae
2064 1229 2143 1258 cu-

180 1369 295 1400 ¹Iucsta
325 1365 434 1406 fuerit,
470 1377 555 1397 nunc
584 1370 689 1396 tamen
718 1365 848 1396 horrido
880 1364 989 1408 potius
1023 1364 1136 1396 verbo-

179 1439 249 1459 rum
278 1427 416 1471 strepitu
439 1427 639 1471 insuetisque
670 1426 796 1458 dicendi
824 1426 927 1457 modis
951 1425 1064 1457 lassari
1102 1436 1138 1456 se

178 1490 327 1535 laedique
360 1491 532 1533 significat,
572 1503 669 1534 quum
699 1490 804 1521 dulcia
841 1495 964 1521 tantum
999 1488 1137 1521 carmina

176 1554 356 1598 modosque
376 1555 503 1598 lepidos
525 1560 558 1585 et
576 1553 690 1584 molles
713 1553 823 1584 audire
845 1552 1017 1585 consuerit.
1054 1554 1135 1584 Lae-

178 1617 237 1649 ἀοι·
262 1621 367 1648 autem
397 1615 570 1658 legendum
594 1626 665 1645 esse
688 1626 760 1646 cum
782 1614 914 1655 Grotio,
943 1626 1009 1646 non
1034 1615 1136 1646 laetor

176 1692 249 1712 cnm
272 1677 501 1717 anterioribus,
525 1677 578 1708 vix
596 1676 693 1707 vcrbo
713 1675 836 1708 moneri
857 1676 1035 1719 oportebat.

251 1743 298 1774 sic
318 1741 433 1784 volupe
460 1737 526 1784 est]
553 1739 676 1770 Locum
702 1737 863 1769 turbatum
889 1749 961 1768 esse
985 1741 1133 1781 apparet,

175 1803 248 1835 vide
273 1814 314 1834 ne
335 1801 507 1843 legendum
536 1801 578 1832 sit
600 1802 630 1832 si
655 1800 771 1843 volupe
793 1806 860 1838 est,
886 1811 1068 1843 quanquam
1082 1811 1132 1845 „¹10

177 1867 224 1899 sic
247 1865 376 1910 quidem
403 1865 568 1897 commode
591 1864 743 1908 procedet
764 1864 975 1905 constructio,
1003 1863 1065 1895 nisi
1083 1863 1130 1894 in-

176 1930 332 1961 finitivum
358 1940 486 1972 carpere
512 1927 637 1960 Graeco
662 1939 750 1959 more
781 1928 832 1959 vel
861 1939 920 1971 pro
943 1927 1130 1971 imperativo

177 1993 325 2037 usurpari
353 1992 406 2024 vel
431 1991 517 2036 quod
535 1990 640 2022 malim
666 2003 724 2035 per
752 1991 971 2023 attractionem
991 1991 1130 2035 positum

177 2068 249 2088 esse
270 2060 401 2095 statuas,
423 2059 459 2085 ut
482 2053 565 2097 apud
580 2053 750 2084 Platonem
771 2054 815 2096 (in
831 2053 960 2095 Thcage
983 2066 1012 2097 p.
1030 2054 1129 2096 129)2

178 2118 210 2153 εἰ
232 2116 272 2152 a&
295 2113 488 2157 βούλεσθε
511 2112 582 2149 τὸν
600 2111 805 2161 Τιμάρχου
835 2112 1008 2162 ἀδελφὸν
1028 2114 1129 2161 ἐρέσ-

176 2183 259 2217 θαι.
295 2180 436 2213 Sensum
464 2184 569 2211 autem
596 2180 681 2211 hune
711 2191 782 2211 esse
814 2192 879 2212 non
910 2180 1041 2212 dubium
1065 2186 1129 2212 cst:

185 2246 256 2277 »Tu
280 2243 425 2290 pronuba
446 2241 535 2274 Juno
554 2253 647 2285 carpe
668 2242 747 2274 haec
765 2243 864 2283 seria,
888 2242 915 2274 si
940 2243 1057 2287 volupe
1079 2249 1129 2275 est

178 2319 239 2340 nec
254 2319 330 2339 cura
345 2304 474 2338 thalami
493 2309 526 2336 tc
549 2304 706 2344 stimulat,
735 2309 767 2336 at
784 2317 842 2346 ego
868 2305 1036 2347 defatigata
1058 2317 1127 2337 sum

178 2369 359 2414 lepidisque
383 2372 511 2400 assueta
528 2357 653 2399 choreis
674 2366 826 2398 seriarum
847 2368 972 2399 illarum
990 2368 1129 2412 discipli-

179 2445 291 2466 narum
321 2432 507 2475 adspectum
532 2431 672 2474 perferre
705 2431 838 2475 amplius
866 2444 931 2463 non
959 2442 1121 2475 possmn.«

181 2496 321 2540 Carpere
341 2494 425 2527 enim
445 2494 529 2526 idem
554 2498 603 2525 est
626 2493 712 2538 quod
732 2493 819 2536 frui,
842 2499 876 2525 ut
897 2494 1003 2526 dulcia
1023 2495 1130 2539 (Pers.

183 2561 216 2600 5,
243 2559 342 2603 151),
373 2559 493 2604 gaudia
517 2558 626 2603 (ovid.
656 2562 722 2592 arte
745 2569 804 2590 am.
828 2559 870 2601 5,
894 2558 997 2603 661),
1021 2559 1130 2594 oscula

181 2621 318 2666 (heroid.
348 2622 411 2664 11,
446 2621 530 2667 117)
555 2627 616 2657 cet.

1263 1360 1432 1407 asbiqeri]
1465 1362 1741 1394 Rcichcnauensis
1775 1363 1903 1406 quidem
1934 1361 2036 1396 codex
2070 1373 2142 1394 cum

1189 1424 1282 1455 editis
1298 1424 1442 1468 astriferi
1462 1423 1573 1461 habet,
1599 1423 1864 1456 Darmstattensis
1881 1437 1957 1457 vero
1978 1425 2141 1468 astriyert‘,

1188 1486 1274 1529 quod
1293 1484 1365 1517 idco
1386 1484 1539 1529 praetuli,
1566 1484 1640 1528 quia
1661 1490 1771 1516 noster
1791 1487 1849 1517 hac
1869 1498 1962 1527 voce,
1989 1498 2055 1518 non
2074 1485 2142 1528 illa,

1187 1561 1283 1594 saepe
1309 1560 1387 1580 usus
1414 1554 1478 1580 cst:
1498 1550 1658 1592 astriyera
1679 1549 1771 1580 sedes
1796 1548 1836 1593 (ξ.
1856 1548 1960 1592 808),
1989 1550 2142 1593 astri-‘Iera‘

1187 1614 1233 1645 dii
1253 1612 1295 1657 (§.
1320 1612 1399 1656 91),
1431 1613 1625 1655 astriyerum
1642 1613 1763 1644 coelum
1783 1611 1823 1656 (§.
1846 1614 1916 1645 195
1935 1613 1955 1644 s.
1975 1612 2061 1656 802)
2080 1618 2139 1644 cet.

1258 1672 1475 1718 consistentis]
1494 1673 1604 1715 Vulgo
1620 1675 1814 1714 consistens,
1837 1674 1894 1705 scd
1914 1673 2049 1717 praetuli
2066 1685 2138 1706 auc·

1184 1738 1342 1769 toritatem
1364 1737 1482 1768 codicis
1502 1737 1767 1769 Dat-mstattcnsis
1786 1743 1817 1768 ct
1836 1737 2042 1769 Lcidensium
2063 1750 2139 1782 qua-

1183 1806 1257 1832 tuor
1280 1800 1572 1844 antiquissimorum
1594 1799 1758 1844 (Oudend.
1777 1801 1817 1832 ad
1840 1800 1960 1845 Appul.
1980 1801 2007 1843 1,
2032 1814 2064 1846 p.
2080 1803 2137 1834 86-

1185 1863 1266 1895 112.
1293 1862 1392 1906 476).

1254 1925 1433 1972 fabrilium]
1460 1925 1497 1958 Id
1519 1931 1568 1958 cst
1583 1926 1799 1967 sordidarum,
1818 1927 2033 1970 illiberalium,
2057 1940 2137 1973 quas

1182 1989 1299 2022 Graeci
1321 1985 1561 2028 βαναυσικὰς
1588 1989 1750 2032 appellant
1770 1989 1983 2033 ingenuisque
2008 1995 2040 2022 ct
2059 1991 2137 2024 libe·

1180 2053 1317 2092 ralibus,
1344 2064 1424 2096 quae
1450 2052 1501 2084 hic
1522 2058 1762 2096 proponuntur,
1794 2058 1972 2096 opponunt.
1997 2053 2137 2098 ¹·C0nfe1·

1180 2116 1379 2149 Wowcrum
1402 2116 1454 2160 (de
1476 2115 1650 2159 polymath.
1665 2118 1705 2156 5,
1735 2128 1765 2160 p.
1786 2115 1857 2159 25).

1255 2180 1411 2212 lassitudo
1438 2177 1606 2224 decuerat]
1634 2179 1761 2210 Pariter
1788 2191 1884 2223 supra
1915 2178 1957 2224 (ξ.
1976 2180 2063 2224 704)
2089 2179 2134 2212 di-

1179 2247 1291 2275 xerat:
1315 2242 1435 2273 »Lassa
1454 2241 1567 2274 Venus
1587 2242 1777 2284 pulchriora«

1255 2301 1377 2348 tenero]
1404 2303 1478 2335 Hoc
1495 2315 1512 2334 e
1528 2302 1637 2335 codice
1654 2302 1842 2334 Monacensi
1861 2302 1917 2347 (C)
1943 2304 2050 2348 recepi
2074 2316 2133 2350 pro

1181 2371 1309 2400 tenerae
1335 2365 1369 2396 in
1396 2365 1506 2405 editis,
1534 2370 1569 2396 ut
1601 2364 1641 2395 ad
1674 2365 1819 2395 obtutum
1850 2370 2026 2408 spectaret3
2059 2378 2143 2408 nam,

1181 2426 1371 2471 adjectivum
1396 2427 1580 2470 languidior
1603 2426 1643 2457 ad
1667 2437 1774 2458 vocem
1797 2426 1944 2469 pertinet.

1255 2486 1488 2532 Atlantiadem]
1517 2487 1713 2532 Corruptum
1735 2487 1768 2520 in
1791 2488 1885 2520 editis
1909 2489 2132 2523 Aelalantidem

1180 2553 1305 2589 correxi
1330 2565 1348 2585 e
1375 2552 1539 2585 codicibus
1565 2552 1755 2585 Monacensi
1778 2552 1854 2597 (C),
1882 2554 2131 2588 Darmstattensi

1180 2623 1213 2652 et
1233 2616 1501 2652 Reichenauensi.
1530 2615 1596 2651 Csr.
1613 2615 1794 2661 superiores
1803 2615 1893 2649 locos
1907 2615 1951 2662 (§
1961 2619 2019 2650 58.
2034 2617 2130 2661 726).
