2310 2860
225 132 320 178 ,550
809 124 1008 167 Martiani
1047 122 1247 180 Capellae
1285 121 1359 164 lib.
1387 121 1463 165 VI.
1494 124 1525 174 §.
1547 123 1652 164 648.

232 242 302 285 alii
343 240 558 293 Aegusam
602 234 768 285 dixere,
813 242 853 274 et
887 241 1062 274 ceterae.
1121 230 1229 271 Sunt
1266 228 1372 271 aliae
1417 230 1520 271 citra
1551 229 1758 270 Siciliam:
1791 244 1844 270 ex
1887 230 2066 273 adverso
2096 230 2193 272 Me-

232 322 343 366 tauri
383 318 519 362 amnis
557 317 601 358 in
640 315 784 371 viginti
824 315 1019 370 quinque
1057 313 1191 354 millia
1229 312 1283 354 ab
1314 311 1435 353 Italia
1473 320 1635 367 septem
1667 310 1862 362 Aeoliae,
1907 313 2138 368 appellatae
2170 328 2193 355 a

231 402 387 446 nostris
422 398 681 449 Vulcaniae,
734 411 835 437 cum
874 394 1051 437 diversis
1094 395 1360 436 nominibus:
1396 394 1537 450 prima
1582 393 1736 434 dicitur
1779 393 2193 456 Lipara,.secunda

230 467 461 533 Therasia,
517 479 638 521 tertia
680 476 925 531 Strongyle,
974 475 1018 515 in
1056 487 1142 528 qua
1180 475 1338 517 Aeolus
1377 490 1574 530 regnasse
1613 475 1750 517 fertur
1792 485 1832 516 et
1873 490 1895 516 e
1934 474 2110 518 flamma
2148 478 2191 518 in

231 564 483 620 proximum
527 567 836 616 prorumpente
869 556 939 598 vel
977 556 1067 610 ejus
1106 554 1228 596 fumo
1270 556 1346 611 qui
1387 565 1538 597 ventus
1571 556 1751 598 flaturus
1782 566 1888 598 esset
1921 557 2192 611 intellexisse,

232 643 350 699 quod
383 641 598 697 hodieque
638 640 727 695 ejus
775 639 857 680 loci
894 637 1053 680 incolas
1091 646 1257 678 certum
1296 646 1356 678 est
1393 637 1675 693 praesentire3
1729 647 1884 692 quarta
1923 652 2027 680 vero
2056 637 2192 680 insula

231 734 291 766 est
322 724 532 780 Didyme,
576 722 723 778 quinta
751 721 954 773 Ericusa,
999 729 1117 762 sexta
1147 720 1433 770 Phoenicusa,
1477 719 1629 760 ultima
1662 719 1928 774 Euonymos.

811 878 891 920 DE
924 877 1109 920 PRIMO
1145 877 1283 919 SINU
1315 876 1605 919 EUROPAE.

110 989 204 1030 6'19

400 986 480 1027 Hic
510 986 676 1042 primus
714 985 917 1042 Europae
947 984 1063 1026 sinus
1102 983 1280 1026 Ausonii
1311 985 1440 1025 maris
1472 993 1585 1041 patet
1615 984 1842 1040 nonaginta
1874 999 1948 1026 sex
1980 983 2190 1035 millibus3

228 1119 328 1153 SER.
356 1118 563 1152 FULVIUS.
594 1119 638 1152 M.
671 1118 708 1150 F.
741 1118 786 1151 Μ.
816 1117 857 1151 Ν.
881 1116 1111 1150 PAETIXUS
1142 1116 1186 1150 A.

624 1179 653 1211 C
665 1199 677 1205 -
688 1180 719 1211 D
733 1198 744 1204 -
755 1179 796 1210 Χ.

227 1243 460 1278 NOBILIOR.
480 1242 574 1275 PRO
597 1242 697 1276 COS.
719 1243 779 1274 DE
799 1238 1182 1274 COSSURENSIBUS

517 1305 745 1339 NAVALEM
771 1305 891 1336 EGIT.

226 1371 331 1405 Gnor.
343 1389 390 1394 —
408 1370 600 1413 Corruptam
621 1370 792 1401 lectionem
810 1368 893 1399 idem
918 1367 950 1398 in
969 1367 1108 1408 margine
1127 1378 1183 1398 no-

224 1436 319 1467 tavit:
342 1446 396 1467 »ac
417 1433 587 1466 Camarina
608 1445 626 1464 a
643 1433 779 1477 Lilybeo
797 1432 830 1463 in
846 1430 1090 1464 MLxxxvm
1110 1442 1182 1462 ecn-

224 1510 299 1531 sura
324 1498 358 1529 in
388 1499 458 1529 115
486 1497 594 1529 Hier.«

301 1557 420 1604 Caene]
448 1559 535 1591 Mela
556 1556 846 1592 Senae.Gnor.—
872 1555 987 1589 Codex
1009 1555 1181 1588 Monacen-

222 1621 269 1653 sis
291 1620 349 1665 (A)
374 1619 486 1653 Scene.

299 1683 334 1714 V
331 1679 498 1725 ulcaniae]
526 1680 577 1711 Ex
595 1679 783 1711 Ptolemaeo
811 1677 937 1709 videtur
961 1677 1066 1720 aliqua
1091 1677 1179 1709 insu-

222 1743 325 1775 larum
342 1742 544 1787 peculiariter
559 1742 619 1772 hoc
637 1740 765 1772 nominc
786 1739 937 1781 insignita
957 1739 1074 1781 fuisse,
1095 1740 1181 1783 quod

222 1813 254 1838 ct
277 1807 310 1838 in
330 1806 466 1850 Liparae
483 1804 611 1836 nomine
638 1803 760 1836 accidit.
771 1803 876 1836 Gnor.

301 1867 468 1914 Therasia]
494 1868 620 1901 Seneca
642 1867 720 1911 (nat.
738 1872 860 1911 quaest.
874 1867 914 1906 G,
940 1864 1019 1909 21):
1042 1865 1180 1897 »Thera-

224 1932 318 1973 siam,
346 1939 474 1964 nostrae
506 1931 619 1964 aetatis
650 1931 803 1970 insulam,
833 1929 1052 1973 spectantibus
1075 1929 1179 1960 nantis

222 1992 256 2024 in
271 1993 402 2035 Aegaeo
421 1993 500 2024 mari
517 1998 658 2032 enatam,
679 1992 751 2035 quis
771 1991 908 2030 dubitat,
928 1990 1005 2034 quin
1025 1990 1058 2021 in
1075 1990 1180 2022 lucem

224 2056 357 2100 spiritus
390 2056 550 2088 vexerit‘h
585 2056 652 2088 Sed
673 2057 751 2087 hacc
775 2054 929 2086 Graeciae
955 2060 1021 2094 cst3
1048 2054 1181 2085 Hieram

223 2132 326 2165 prope
352 2119 513 2159 Siciliam,
540 2125 626 2150 recte
647 2118 750 2161 inquit
766 2118 953 2149 narduinus
969 2117 1023 2161 (ad
1039 2117 1181 2149 Plinium

222 2185 260 2225 5,
282 2184 317 2224 9,
342 2184 401 2227 14)
422 2183 494 2226 »qui
509 2182 695 2213 Therasiam
718 2193 847 2225 quoquc
870 2180 1055 2225 appellarit,
1079 2181 1182 2213 adbuc

225 2251 388 2277 auctorem
424 2244 635 2288 quaerimus«
682 2242 957 2275 verisimillimum
988 2242 1083 2284 igitur
1115 2248 1183 2281 cst,

224 2309 366 2340 Plinium
390 2320 447 2352 per
475 2319 614 2339 errorem
644 2318 761 2337 nomen
785 2318 913 2350 quoquc
939 2319 1105 2338 commune
1133 2307 1185 2337 dc-

226 2372 313 2403 disse
344 2372 467 2403 duabus
501 2371 632 2411 insulis,
672 2381 753 2413 quae
787 2370 941 2410 originem
973 2370 1183 2402 Vulcanicam

228 2446 427 2467 communem
454 2435 625 2474 haberent3
666 2433 776 2465 confer
806 2433 909 2476 ipsum
937 2433 999 2465 alio
1034 2434 1106 2466 loco
1135 2433 1183 2476 (2,

229 2498 306 2540 89):
338 2503 428 2530 »ante
457 2509 516 2530 nos
543 2504 576 2530 et
597 2498 691 2539 juxta
721 2495 845 2528 Italiam
875 2497 958 2528 inter
982 2495 1116 2529 Aeolias
1138 2496 1184 2527 in-

230 2561 331 2600 sulas,
367 2561 440 2592 item
472 2562 565 2603 juxta
597 2561 727 2595 Cretam
755 2560 883 2593 emersit
910 2572 927 2592 e
951 2561 1027 2591 mari
1053 2561 1186 2592 duorum

1238 1119 1372 1150 millium
1411 1120 1658 1163 quingentorum
1688 1131 1842 1164 passuum
1874 1131 1936 1151 una
1979 1130 2053 1152 cum
2079 1116 2189 1150 calidis

1236 1180 1424 1212 frontibus.-

1309 1255 1326 1274 e
1345 1241 1491 1287 flamma]
1518 1243 1653 1275 Rectius
1679 1242 1725 1274 sie
1746 1243 1874 1273 codices
1897 1241 2110 1273 Monacenses
2134 1240 2189 1284 (Α.

1237 1304 1279 1346 C)
1304 1316 1398 1347 quam
1421 1316 1441 1334 a
1461 1305 1595 1348 flamma
1620 1304 1652 1334 in
1677 1304 1779 1335 editis.
1813 1304 1892 1334 Mox
1918 1302 2013 1334 etiam
2039 1313 2098 1346 pro
2122 1303 2191 1346 ejus

1232 1367 1323 1410 fumo
1356 1380 1466 1409 margo
1500 1367 1779 1408 Norimbcrgcnsis
1808 1366 1881 1398 libri
1911 1378 1953 1398 ex
1986 1366 2077 1410 fumo
2104 1366 2191 1397 exhi-

1234 1430 1305 1469 bet,
1337 1430 1424 1473 quod
1455 1435 1560 1461 tamen
1590 1429 1731 1472 recipcre
1762 1428 1915 1462 dubitavi.
1964 1429 2052 1460 Infra
2086 1433 2190 1460 autem

1235 1494 1347 1537 scripsi
1363 1494 1520 1540 hodieque
1541 1505 1598 1537 pro
1620 1494 1712 1525 hodie
1734 1505 1860 1540 quoque
1882 1505 1899 1525 c
1921 1492 2085 1525 codicibus
2108 1492 2190 1525 Gro-

1233 1558 1336 1598 tiano,
1365 1557 1630 1598 Darmstattensi,
1667 1563 1699 1589 et
1725 1557 1915 1590 Monacensi
1949 1562 2097 1600 utroque.
2140 1557 2190 1588 Dc

1232 1632 1267 1651 re
1289 1620 1359 1663 ipsa
1383 1620 1454 1651 vide
1481 1619 1675 1651 Strabonem
1703 1619 1756 1662 (ss,
1785 1631 1815 1662 p.
1834 1619 1920 1660 275)
1947 1624 1980 1649 et
2009 1617 2188 1649 Diodorum

1233 1681 1379 1714 Siculum
1401 1681 1454 1724 (5,
1481 1681 1531 1723 7),
1553 1680 1606 1711 ubi
1627 1679 1873 1721 XVesselingius
1894 1685 2039 1710 nostrum
2059 1691 2188 1724 quoquc

1232 1744 1265 1775 in
1291 1741 1508 1774 testimonium
1535 1741 1689 1774 adhibuit.

1306 1802 1463 1848 Ericusa]
1503 1803 1552 1834 Ita
1588 1802 1706 1835 Strabo
1736 1808 1768 1833 ct
1796 1802 1941 1842 Plinius,
1983 1802 2188 1834 Ptolemaeus

1230 1862 1418 1912 Ἐρικώὸη
1441 1870 1534 1896 vocat
1556 1871 1588 1896 et
1612 1864 1848 1896 Phoenicusam
1873 1860 2107 1910 Φοινικώδης
2130 1864 2187 1896 Isi-

1232 1928 1330 1959 dorus
1355 1939 1429 1958 vero
1457 1932 1489 1958 ct
1510 1927 1648 1959 Ericode
1668 1931 1700 1957 ct
1719 1927 1891 1957 Ericusam
1900 1949 1912 1964 ,
1935 1931 1968 1956 ct
1986 1926 2188 1958 Phoenic-ode

1231 1997 1264 2023 et
1290 1992 1525 2023 Phoenicusam
1555 1989 1713 2030 nominat,
1748 1989 1782 2021 ni
1807 1989 1962 2021 mendosa
1993 1989 2058 2020 sint
2081 2000 2185 2020 exem-

1231 2051 1517 2095 plaria.Gno·r.—
1554 2050 1689 2083 Solinus
1718 2052 1907 2089 Ericusam,
1939 2051 2186 2089 Phoenic-usam,

1228 2111 1490 2162 Ἐρικοῦὄόαν,
1520 2114 1821 2157 Φοινικοῦσσαν,
1848 2125 1929 2157 quae
1954 2112 2024 2144 aliis
2039 2109 2185 2159 Ἐρικώ-

1232 2182 1304 2225 δης
1327 2184 1359 2210 et
1380 2175 1631 2223 Φοινικώδης.
1660 2178 1776 2210 Mirum
1799 2182 1905 2208 tamen
1929 2176 1962 2207 iu
1982 2177 2130 2208 omnibus
2148 2178 2184 2210 li-

1233 2241 1299 2274 hris
1323 2245 1508 2273 constanter
1538 2239 1647 2270 haberi
1671 2239 1885 2281 Eriplucsam,
1917 2243 1949 2269 et
1977 2238 2011 2270 iu
2036 2239 2185 2272 Martiani

1234 2304 1360 2347 scriptis
1374 2304 1537 2335 codicibus
1547 2304 1738 2344 Erepusam.
1747 2301 1889 2332 Simus.
1902 2301 1954 2345 (ad
1965 2300 2034 2334 Sol.
2048 2304 2184 2347 p.15G).

1309 2365 1505 2411 Euonymos]
1534 2366 1673 2398 Codices
1695 2365 1824 2409 quidem
1841 2365 2054 2397 Monacenses
2072 2366 2127 2410 (A.
2142 2367 2184 2410 C)

1235 2436 1267 2462 ct
1283 2429 1557 2462 Reichcnauensis
1577 2431 1753 2471 Dunymos,
1771 2429 1829 2461 sed
1845 2429 1936 2461 male.
1960 2428 2078 2462 Strabo
2100 2430 2184 2462 enim

1237 2493 1290 2537 (6,
1312 2505 1343 2536 p.
1359 2492 1432 2523 276
1456 2491 1544 2534 Cas.)
1565 2487 1784 2535 Εὐώνυμον
1803 2495 1946 2525 vocatam
1974 2502 2045 2525 esse
2072 2492 2182 2533 tradit,

1238 2556 1312 2601 quia
1333 2555 1461 2588 sinistra
1485 2554 1525 2587 sit
1548 2559 1580 2587 et
1604 2554 1753 2587 solitaria.
