2310 2860
149 198 156 199 ἶ
207 148 293 192 576
777 144 973 185 Martiani
1011 143 1209 199 Capellae
1246 143 1317 185 lib.
1347 142 1422 184 IV.
1453 145 1483 194 ᾗ.
1510 142 1609 184 414.

84 420 116 461 4
124 422 172 463 14

570 302 717 353 QUID
749 302 840 344 SIT
875 300 1336 344 CONDITIONALIS
1367 299 1790 343 SYLLOGISMIJS.

380 408 682 452 Conditionalis
718 409 986 466 syllogismus
1023 417 1103 460 est,
1155 408 1276 461 cujus
1309 409 1537 464 propositio
1569 418 1608 449 et
1645 410 1823 464 plenum
1854 423 2150 466 argumentum

213 502 252 533 et
291 491 468 547 plenum
500 491 544 532 id
576 492 629 532 cle
669 506 756 547 quo
799 491 988 545 quaestio
1033 499 1092 530 051
1131 489 1331 541 continet,
1381 491 1437 531 ita
1475 499 1524 530 ut
1560 499 1747 531 assumto
1786 501 2035 546 argumento
2064 493 2149 546 jam

210 582 375 615 certum
427 572 575 614 inferri
626 573 753 628 possit
800 571 851 612 de
897 569 999 627 quo¹
1036 571 1225 627 quaestio
1274 580 1384 622 erat,
1439 570 1492 612 ad
1544 570 1661 612 hunc
1702 571 1903 613 modum:
1939 574 2153 615 Ponamus

208 655 498 711 quaestionem
531 669 639 705 esse,
677 663 824 695 utrum
863 653 913 694 sit
948 652 1060 693 utilis
1090 652 1327 703 rhetorica,
1376 661 1415 693 et
1452 652 1638 693 volentes
1668 653 1816 694 utilem
1847 654 2053 709 probare,
2085 670 2154 697 ar-

205 745 458 792 gumentum
490 736 541 776 ab
573 735 702 790 hujus
733 734 972 776 definitione
1002 733 1240 789 capiamus,
1283 733 1400 789 quod
1435 742 1494 774 est
1522 733 1630 774 bene
1660 733 1825 775 dicendi
1855 736 2037 777 scientia.
2084 736 2151 778 Ex

205 815 335 870 hujus
374 824 622 870 argumento
667 824 706 855 01
743 815 813 855 illa
864 815 1108 869 quaestione
1157 814 1443 855 conditionalis
1489 814 1758 869 syllogismus
1803 817 1974 871 ponitur
2012 817 2089 857 sic:
2121 818 2154 857 si

205 895 416 936 rhetorica
448 905 506 935 est
536 895 644 936 110110
673 894 838 936 dicendi
869 896 1058 947 scientia,
1088 896 1199 937 utilis
1231 904 1302 936 est.
1360 895 1631 936 Assumimus
1665 906 1965 951 argumentum
1995 898 2072 940 ita:
2098 908 2157 939 est

208 983 350 1015 autem
376 974 587 1016 rhetorica
617 975 724 1017 bene
747 975 912 1018 dicendi
942 977 1126 1019 scientia.
1182 977 1300 1018 Haec
1330 975 1416 1017 duo
1449 977 1523 1031 qui
1549 978 1817 1029 concesserit,
1849 978 1975 1019 etiam
1998 979 2154 1020 invitus

207 1054 407 1095 concedat
449 1070 616 1096 necesse
652 1065 731 1107 est,
778 1057 927 1098 utilem
969 1072 1056 1098 esse
1090 1057 1369 1109 rlictoricam3
1414 1056 1531 1111 quod
1575 1067 1662 1098 erat
1701 1058 1885 1099 dubium
1924 1069 2154 1113 antequam

206 1134 435 1189 propositio
468 1144 506 1175 et
551 1137 751 1177 assumtio
791 1137 1104 1179 concederetur.
1162 1137 1282 1179 Nihil
1320 1146 1461 1178 tamen
1499 1136 1543 1176 111
1589 1137 1843 1177 assumtione
1875 1140 2042 1181 accessit
2080 1155 2154 1180 ex-

206 1213 432 1263 trinsecus,
480 1215 596 1269 quod
631 1225 691 1256 est
727 1218 951 1273 proprium
989 1217 1263 1273 praedicativi
1300 1216 1543 1272 syllogismi.
1611 1216 1692 1258 Hic
1729 1218 1895 1272 primus
1933 1219 2088 1259 modus
2131 1235 2155 1260 a

206 1292 430 1335 dialecticis
475 1296 733 1350 appellatur,
787 1298 863 1352 qui
906 1308 965 1339 est
1011 1299 1063 1339 ab
1106 1298 1468 1348 antecedentibus,
1520 1306 1745 1351 propterea
1783 1298 1990 1351 quoniam
2029 1313 2157 1354 argu-

205 1383 400 1415 mentum
440 1375 811 1430 quemadmodum
854 1377 1035 1432 positum
1092 1389 1173 1431 est,
1228 1380 1286 1421 ita
1325 1389 1364 1420 01
1408 1387 1668 1430 assumtu1n3
1735 1378 1817 1419 hoc
1860 1379 2156 1422 tantummodo

205 1454 424 1505 differens,
468 1457 586 1511 quod
624 1471 724 1498 cum
764 1458 1000 1500 conditione
1049 1460 1234 1515 positum
1276 1468 1357 1511 est,
1417 1468 1456 1500 et
1492 1459 1581 1499 sinc
1625 1458 1866 1500 conditione
1904 1469 2155 1501 assumtum.

85 1540 174 1581 415
203 1535 615 1589 Secundus-modus
657 1547 737 1589 est,
777 1539 852 1592 qui
891 1540 1129 1596 appellatur
1167 1556 1191 1582 a
1230 1539 1607 1595 consequentibus,
1650 1540 1705 1579 'in
1738 1553 1823 1593 quo
1854 1540 1996 1594 ipsum
2029 1554 2157 1595 argu-

206 1627 401 1658 mentum
435 1619 726 1672 quaestionem
763 1621 977 1674 sequitur,
1031 1636 1116 1662 non
1148 1621 1338 1675 quaestio
1372 1629 1692 1674 argumentum,
1742 1618 1824 1659 hoc
1855 1618 2001 1659 modo:
2033 1620 2066 1660 si
2097 1629 2157 1660 051

207 1696 417 1737 rhetorica
446 1698 578 1748 utilis,
610 1707 669 1738 est
697 1698 805 1739 bene
836 1698 1001 1739 dicendi
1030 1701 1210 1742 scientia.
1266 1701 1511 1742 Assumitur
1534 1709 1843 1755 argumentum
1882 1715 1906 1741 a
1935 1702 2157 1752 contrario,

208 1775 251 1816 id
282 1785 340 1816 051
376 1791 451 1831 per
495 1777 759 1832 negationem
793 1780 870 1819 sic:
900 1795 987 1821 non
1016 1789 1076 1821 051
1108 1790 1250 1822 autem
1281 1780 1389 1822 bene
1419 1780 1590 1821 dicendi
1618 1780 1810 1833 scientia3
1841 1795 1927 1821 non
1957 1790 2017 1822 051
2045 1781 2156 1822 utilis

90 1858 180 1900 416
207 1856 345 1910 igitur.
404 1857 573 1898 Tertius
614 1858 767 1900 modus
809 1869 891 1911 est,
934 1861 1008 1914 qui
1049 1861 1285 1917 appellatur
1316 1875 1341 1901 a
1371 1859 1727 1916 repugnantibus,
1781 1861 1824 1900 in
1861 1873 1949 1914 quo
1978 1860 2157 1902 demon-

210 1945 386 1986 stratur,
430 1951 514 1977 11011
554 1952 673 1992 posse
717 1939 844 1980 simul
878 1940 959 1980 hoc
990 1955 1080 1981 esse
1119 1950 1158 1981 01
1194 1942 1300 1983 illud
1337 1957 1423 1983 non
1459 1957 1570 1992 esse,
1621 1943 1664 1982 111
1709 1957 1798 1997 quo
1845 1956 1985 1996 quum
2027 1942 2157 1983 fuerit

215 2026 451 2057 assumtum
491 2033 650 2071 unmn,
697 2021 812 2062 aliud
847 2023 1082 2063 necessario
1124 2023 1304 2073 tollitur-3
1364 2031 1412 2062 ut
1441 2036 1578 2075 quum
1623 2021 1752 2062 fuerit
1788 2030 2026 2062 assumtum
2057 2035 2157 2070 esse,

211 2112 295 2138 11011
333 2113 420 2138 0550
459 2099 649 2151 tollatur,
697 2102 778 2143 hoc
808 2103 957 2145 modo:
990 2119 1074 2145 non
1106 2114 1165 2145 051
1195 2103 1302 2143 bene
1332 2101 1498 2142 dicendi
1542 2102 1712 2142 scientia
1754 2101 1964 2143 rhetorica
2002 2110 2040 2141 et
2072 2116 2156 2141 non

213 2187 273 2218 051
306 2177 440 2229 utilis,
489 2189 548 2218 est
593 2190 734 2221 autem
764 2182 872 2223 bene
917 2183 1083 2224 dicendi
1127 2183 1318 2233 scientia,
1369 2182 1481 2222 utilis
1524 2192 1583 2223 051
1624 2183 1771 2237 igitur,
1818 2180 2056 2221 confectum
2100 2191 2158 2221 cst

213 2255 361 2296 utilem
400 2272 508 2308 0550,
549 2259 713 2299 sublato
753 2276 800 2301 00
841 2261 957 2316 quod
994 2277 1079 2303 11011
1117 2276 1205 2302 0550
1244 2260 1345 2302 utile
1385 2262 1570 2316 positum
1602 2269 1701 2301 erat.
1760 2259 1816 2300 Hi
1845 2269 1927 2300 tres
1957 2259 2077 2301 modi
2106 2275 2157 2300 ex

287 2377 327 2407 ab
350 2376 620 2422 antecedentibus]
648 2379 697 2409 De
721 2379 821 2410 tribus
839 2381 1078 2422 argumentandi
1094 2392 1159 2412 mo·
1211 2381 1251 2412 ad
1273 2378 1303 2424 §.
1321 2378 1392 2411 557
1419 2383 1452 2410 et
1472 2376 1640 2422 Spalding.
1658 2376 1698 2408 ad
1720 2376 1971 2420 Quinctilianum
1994 2380 2032 2420 5,
2059 2380 2093 2420 8,
2120 2381 2158 2419 55

215 2439 280 2476 dis,
313 2440 367 2482 qui
393 2440 425 2471 in
454 2441 637 2483 syllogismo
669 2442 873 2474 conditionali
901 2445 951 2476 hic
978 2456 1048 2476 sese
1078 2444 1160 2476 cxci·
1210 2455 1240 2487 p.
1262 2439 1361 2483 215).

215 2503 321 2545 pium,
358 2504 396 2535 ab
431 2505 708 2544 antecedentibus,
747 2507 927 2546 contrariis,
959 2507 1160 2551 repugnanti·
1284 2511 1320 2537 ut
1343 2514 1441 2551 quum
1462 2499 1582 2545 fuerit]
1607 2500 1696 2533 Editi
1724 2501 1760 2534 id
1783 2507 1848 2542 est,
1877 2503 1963 2548 quod
1988 2503 2110 2537 correxi
2141 2514 2156 2532 e

217 2566 292 2605 bus,
321 2565 352 2597 in
383 2568 539 2600 rhetorica
568 2567 608 2612 (ξ.
628 2569 701 2601 490
732 2569 832 2613 sequ.)
859 2569 1074 2614 agit1u¹(c0uf.
1097 2575 1161 2602 not.
1213 2567 1375 2601 codicibus
1401 2565 1648 2600 Monacensibus
1673 2565 1723 2608 (C.
1749 2565 1799 2607 F).
