2310 2860
760 241 961 283 Martiani
983 240 1192 297 Capellae
1222 240 1293 281 lib.
1324 239 1399 281 VI.
1438 240 1470 290 ᾗ.
1495 238 1594 280 582.

2091 240 2177 280 491

221 349 318 391 licet
363 360 468 406 quot
501 349 632 392 stadia
667 365 689 391 e
721 351 840 391 terris
870 350 912 390 in
942 348 1112 389 coelum
1146 357 1340 403 quotque
1373 346 1493 387 ulnas
1537 355 1643 401 quot
1671 345 1856 401 denique
1895 345 2042 401 digitos
2082 362 2179 403 per-

218 448 365 474 mensa
397 434 448 474 sit
479 434 679 474 instanter
710 432 952 482 absolvere,
998 440 1140 472 tamen
1171 429 1324 470 Joviali
1362 428 1699 483 coelestiumque
1731 430 1946 483 majestate
1977 437 2179 480 contacta,

220 512 272 554 ad
304 513 419 554 illam
454 514 571 555 abaci
601 514 797 555 renudati
830 513 1086 563 mensulam,
1117 510 1474 566 circumspectans
1506 524 1701 551 camerae
1726 510 1942 552 exterioris
1974 517 2175 550 ornatum

220 601 260 633 et
289 592 488 649 laqueata
521 593 731 634 sideribus
760 593 934 649 palatia,
973 592 1234 648 properavit.

533 674 723 716 Constitit
754 673 924 714 attonito
956 682 1148 728 spectans
1183 672 1390 714 stellantia
1430 673 1548 724 visu,

618 756 671 796 Et
701 755 843 796 decuit
873 755 1020 805 crinis,
1069 754 1352 809 pulvereique
1382 753 1525 809 pedes.

533 837 631 893 Ipsa
661 840 786 878 ctiam
819 838 942 879 laeva
973 837 1155 893 sphaera
1187 835 1375 889 fulgebat
1404 836 1568 876 honora
1587 867 1599 886 ‚

616 919 821 959 Assimilis
854 918 1016 959 mundo
1047 918 1346 972 sideribusque
1379 918 1470 957 suit.

530 999 645 1041 Nam
677 1000 827 1055 globus
859 1009 897 1040 et
926 999 1024 1040 circi
1056 1013 1275 1053 zonaeque
1309 1012 1357 1037 ac
1386 995 1548 1050 fulgida
1577 995 1694 1050 signa

617 1080 740 1120 Nexa
772 1079 1072 1128 recurrebant,
1113 1086 1200 1117 arte
1231 1077 1366 1117 locata
1397 1076 1503 1130 pari.

533 1159 704 1209 Tellus,
748 1173 859 1212 quae
891 1158 1089 1214 rapidum
1124 1158 1350 1198 consistens
1379 1156 1550 1211 suscipit
1578 1157 1749 1208 orbem,

620 1240 769 1280 Puncti
800 1241 929 1281 instar
961 1239 1102 1280 medio
1132 1239 1328 1280 haeserat
1358 1253 1443 1279 una
1474 1239 1580 1279 loco.

297 1362 458 1393 instanter
483 1360 664 1406 absoluere]
702 1361 848 1394 Suhaudi
871 1364 979 1405 possit.
1004 1361 1107 1393 Vtro.
1127 1379 1175 1385 —-

221 1424 325 1466 Lege:
356 1426 551 1464 absolveret,
588 1431 623 1456 ut
655 1430 792 1457 erratum
825 1425 867 1456 sit
896 1437 936 1456 cx
969 1424 1176 1468 repetitione:

222 1486 283 1517 nisi
308 1487 380 1529 quis
403 1491 494 1531 putet
517 1487 675 1518 infinitum
696 1487 747 1519 hic
766 1499 824 1531 per
845 1484 1067 1532 ἐναλλαγὴν
1090 1486 1177 1517 modi

221 1561 278 1592 pro
308 1549 511 1592 imperfecto,
542 1549 593 1580 vel
630 1549 740 1589 simili,
778 1549 876 1589 sumi,
911 1549 997 1592 qnod
1025 1550 1176 1591 frequens

221 1618 282 1646 cst.
301 1612 463 1644 Gnor.—-
494 1614 622 1645 Mecum
644 1613 763 1645 scribe:
794 1616 948 1645 „instaret
973 1613 1167 1644 absolverem

220 1675 336 1709 Stsrcs
363 1676 409 1720 (in
432 1676 524 1709 Gurl.
549 1677 644 1708 anim.
668 1683 748 1721 part.
771 1678 803 1709 4.
829 1691 860 1721 p.
880 1677 1007 1719 10).—
1036 1675 1175 1708 Codices

219 1740 299 1771 nihil
323 1740 461 1781 variant,
486 1746 518 1772 et
536 1747 657 1772 mutare
676 1753 715 1773 eo
729 1741 829 1782 magis
851 1740 955 1780 nolui,
981 1740 1054 1784 quia
1073 1738 1175 1771 infini-

220 1802 304 1834 tivns
325 1802 450 1835 Graeco
471 1815 559 1834 more
585 1803 677 1846 quasi
698 1815 756 1847 per
777 1799 875 1842 ὦςτε
895 1802 1022 1834 additus
1042 1813 1114 1833 esse
1136 1801 1176 1833 ad

220 1876 390 1906 permensa
411 1866 454 1896 sit
479 1864 580 1896 videri
602 1869 719 1907 potest.

298 1926 464 1971 contacta]
497 1928 526 1958 E
563 1927 720 1959 Grotiano
755 1925 865 1958 codiee
899 1926 1028 1957 omnino
1062 1925 1176 1957 melius

224 2002 317 2035 quam
333 1996 499 2023 contracta
517 1990 551 2022 in
571 1991 652 2023 aliis,
670 1991 774 2021 Tanto
793 1990 877 2022 enim
893 1995 987 2022 coetu
1004 1994 1176 2033 conspecto

223 2058 382 2086 commota
406 2058 482 2084 erat.

299 2113 464 2160 camerae]
492 2113 549 2147 Sic
574 2119 665 2146 vetus
697 2118 791 2157 pocta
819 2113 919 2145 »coeli
946 2112 1093 2155 ingentes
1114 2113 1176 2145 for-

223 2178 328 2211 nices«
352 2178 442 2210 dixit.
477 2178 567 2210 Idem
596 2177 679 2210 enim
704 2178 837 2221 fornix,
869 2189 1012 2216 camera,
1042 2178 1178 2210 testudo.

225 2242 386 2274 Gnor.-—
414 2243 560 2274 Eandem
582 2242 759 2284 significare
779 2241 920 2282 videtur,
949 2254 1043 2286 quam
1067 2238 1180 2288 οὐρα·

224 2302 316 2338 νὶαν
333 2301 458 2343 ἁψῖδα
475 2305 571 2336 Plato
593 2306 742 2349 (Phaedr.
760 2318 790 2348 p.
805 2304 892 2347 247)
914 2304 1094 2347 appellavit.
1117 2305 1178 2335 Te-

226 2368 365 2399 nendum
389 2373 493 2399 autem
518 2369 596 2400 deos
618 2369 702 2413 apud
724 2374 868 2400 nostrum
891 2367 924 2399 in
946 2367 1081 2400 Galaxia
1101 2367 1178 2398 resi-

228 2431 303 2463 dere
330 2429 373 2476 (ξ.
392 2430 496 2473 208),
520 2432 724 2475 sphaerarum
749 2431 889 2464 omnium
914 2438 1055 2464 extrema
1086 2437 1118 2463 et
1145 2431 1179 2463 in

227 2494 344 2526 finibus
370 2494 481 2525 mundi
507 2494 641 2526 visibilis
663 2497 783 2540 posita,
813 2509 911 2540 quare
934 2502 966 2528 et
990 2496 1079 2529 Susii
1102 2507 1177 2529 eon-

225 2559 350 2600 jectura
375 2558 560 2590 excelsioris
584 2570 642 2602 pro
666 2563 836 2592 exterioris
858 2561 998 2602 languet.

302 2618 466 2667 laqueata]
488 2619 625 2652 Coelum
643 2621 804 2653 stellatum
818 2622 969 2654 Manilius
988 2632 1116 2666 qnoque
1131 2621 1179 2664 (l,

229 2682 314 2725 276)
326 2694 396 2716 cnm
411 2682 613 2716 lacunaribus
628 2682 694 2715 sive
708 2683 801 2716 tectis
809 2683 966 2727 laqueatis
977 2682 1180 2729 comparavit:

1285 1362 1394 1392 »Haec
1414 1362 1514 1404 iyitur
1533 1365 1650 1392 texunt
1672 1360 1802 1408 aequali
1825 1360 1929 1392 sidera
1956 1364 2062 1393 tractu

1278 1425 1412 1468 Ignibus
1436 1426 1472 1455 ιἠ,
1493 1426 1602 1455 varias
1622 1425 1747 1456 coelum
1770 1424 1951 1467 laqueantia
1971 1424 2124 1467 femitas-<1

1301 1484 1497 1529 properavit]
1524 1487 1598 1517 lIoc
1623 1485 1728 1528 recepi
1751 1497 1768 1516 e
1791 1485 1954 1517 codicibus
1978 1484 2178 1517 Monacensi-

1227 1546 1287 1578 lius
1311 1546 1365 1590 (Α.
1386 1547 1443 1589 C),
1474 1546 1747 1586 Reiclienauensi‚
1775 1552 1807 1577 ct
1831 1546 2095 1586 Darmstattensi,
2121 1557 2180 1589 pro

1225 1612 1432 1654 properabat,
1469 1611 1555 1654 quod
1583 1611 1616 1641 in
1648 1611 1741 1642 editis
1774 1616 1849 1641 erat.
1887 1609 2025 1642 Accedit
2050 1616 2082 1641 et
2107 1622 2178 1652 pro-

1224 1676 1350 1718 perabit
1368 1674 1401 1705 in
1422 1674 1561 1715 margine
1589 1674 1672 1716 apud
1696 1673 1843 1705 Grotium
1864 1679 2024 1714 notatum3
2052 1674 2081 1705 B
2101 1679 2133 1704 et
2148 1673 2181 1705 V

1228 1737 1311 1768 enim
1338 1736 1518 1780 promiscue
1545 1740 1748 1779 usurpantur.

1301 1797 1418 1842 crinis]
1446 1797 1586 1829 Restitui
1609 1810 1648 1828 ex
1670 1797 1884 1828 anterioribus
1907 1796 2100 1828 editionibus
2122 1807 2180 1839 pro

1228 1864 1351 1901 crines,
1386 1861 1473 1905 qnod
1508 1860 1642 1893 Grotius
1673 1861 1788 1902 edidit,
1818 1861 1895 1894 lieet
1921 1866 1954 1892 et
1979 1860 2081 1893 codex
2107 1858 2182 1891 huic

1227 1924 1493 1958 Darmstattensis
1518 1925 1634 1957 faveat.

1302 2000 1377 2019 nam
1393 1986 1517 2033 globus]
1545 1988 1582 2020 In
1600 1986 1678 2020 MS.
1692 1987 1789 2019 verba
1803 1987 1859 2019 illa
1875 1987 1914 2018 ah
1932 1986 2023 2019 »hinc
2038 1985 2175 2019 nitidus-

1229 2063 1331 2095 usqne
1361 2052 1401 2083 ad
1425 2052 1565 2083 »flamma
1594 2051 1705 2083 micat«
1735 2056 1807 2082 ante
1836 2051 1921 2083 hunc
1949 2061 2076 2082 versum
2097 2049 2180 2081 inse-

1227 2121 1350 2147 runtur.
1369 2115 1473 2147 Gnor.
1490 2136 1538 2141 -—
1568 2115 1713 2147 Pessime
1732 2115 1877 2159 ‹liiidem3
1910 2126 1982 2146 nam
2003 2115 2065 2145 hoc
2086 2113 2181 2144 modo

1229 2186 1473 2222 segregarentur
1488 2181 1624 2223 sphaera
1643 2180 1836 2211 antecedens
1850 2184 1883 2211 et
1899 2179 2023 2222 ⁸qlobus,
2037 2177 2181 2218 infraque

1229 2244 1366 2288 primum
1387 2245 1433 2276 sic
1461 2243 1500 2275 ab
1525 2244 1640 2283 altero,
1673 2243 1760 2287 quod
1786 2243 1815 2274 ei
1839 2242 2032 2284 respondere
2057 2239 2182 2270 debeat.

1303 2309 1417 2351 panchi
1440 2306 1563 2352 instar]
1597 2307 1720 2339 Similis
1754 2312 1803 2337 est
1827 2304 1970 2335 doctrina
1995 2301 2181 2335 Cleomedis

1229 2370 1275 2413 (in
1301 2371 1424 2402 theoria
1448 2371 1566 2415 cyclica
1586 2372 1623 2410 1,
1654 2372 1715 2410 113
1741 2381 1771 2412 p.
1791 2369 1837 2400 56
1860 2365 1977 2409 sequ),
2000 2361 2061 2398 ὅτι,
2081 2361 2105 2409 ἡ
2125 2362 2180 2409 γῆ

1229 2430 1391 2477 σημείου
1430 2428 1549 2478 λόγον
1586 2430 1724 2476 ἐπέχει
1762 2426 1860 2475 πρὸς
1896 2424 1966 2460 τὸν
1997 2421 2180 2472 οὐρανόν.

1227 2495 1323 2528 Adde
1348 2496 1489 2528 Plinium
1520 2497 1573 2540 (2,
1605 2495 1683 2538 68):
1708 2495 1783 2525 »hae
1803 2497 1851 2523 tot
1879 2489 2044 2534 portiones
2066 2495 2181 2527 terrae,

1231 2559 1326 2591 immo
1346 2571 1432 2599 vcro,
1456 2564 1491 2590 ut
1507 2559 1616 2603 plures
1637 2555 1805 2594 tradidere,
1831 2551 1940 2583 mundi
1953 2557 2128 2595 punctus«,
2150 2557 2182 2582 et

1231 2621 1390 2656 Senecam
1408 2623 1543 2666 (quaest.
1559 2625 1662 2652 natur.
1678 2620 1693 2649 l
1714 2616 1822 2661 praef„
1842 2616 1969 2660 p.681.
1988 2615 2179 2658 682Lips.).

1306 2684 1421 2731 medio]
1449 2686 1522 2717 Hoc
1539 2684 1607 2726 jam
1624 2679 1754 2715 Platoni
1777 2679 1896 2724 placuit
1909 2679 2042 2723 (Phaed.
2062 2691 2093 2723 p.
2110 2679 2179 2711 108

1704 2742 1752 2774 62
1762 2738 1785 2764 *

2208 657 2297 699 585

2214 1155 2300 1197 584
