2310 2860
205 145 265 189 96

804 137 1003 181 Martiani
1042 135 1242 192 Capellae
1278 135 1351 178 lib.
1377 135 1410 176 I.
1450 135 1571 186 §.49.

204 250 455 293 transcursis
488 247 686 289 domibus
717 246 949 301 conjugum
975 255 1153 297 regum,
1185 239 1336 290 Ceres,
1367 240 1593 291 Tellurus‚
1624 241 1876 296 Terraeque
1907 249 2026 296 pater
2052 239 2167 280 Vul-

209 345 354 383 canus,
385 340 425 371 et
454 329 632 371 Genius.
676 328 765 370 Vos
797 341 973 383 quoque
1003 324 1118 365 Jovis
1149 320 1237 374 filii,
1272 319 1392 362 Pales
1423 328 1463 360 et
1483 320 1640 372 Favor,
1670 335 1768 362 cum
1795 319 2033 371 celeritate,
2064 318 2169 361 Solis

206 439 360 479 voluerit,
391 437 437 468 nil
466 442 573 468 tamen
599 434 762 479 proficiet,
794 432 972 477 siquidem,
1000 435 1037 462 ut
1058 429 1166 461 locum

206 511 328 537 taceam
346 500 544 545 superiorem
562 497 688 543 (§.45)‚
707 497 762 529 uhi
779 497 891 528 abesse
911 499 1036 539 poterat
1048 493 1165 533 Favor,

207 579 272 600 non
294 565 345 598 hie
371 565 495 604 solum,
521 563 579 594 sed
599 563 648 594 bis
670 566 836 606 praeterea
856 558 897 603 (ξ.
915 560 972 590 50.
993 557 1053 600 55)
1074 555 1166 588 redit.

284 626 448 672 Tellurus]
482 626 635 668 vulgaris
671 626 750 656 haee
783 624 878 655 lectio
893 646 901 662 ,
939 633 1034 665 quam
1073 620 1166 652 unius

206 691 403 725 Dresdensis
429 689 548 722 codicis
575 688 762 720 auctoritate
789 687 822 719 in
851 687 956 717 Tellus
982 689 1104 715 mutare
1128 694 1167 715 eo

206 756 312 787 minus
337 766 434 786 ausus
457 765 543 793 snm,
579 764 643 796 quo
673 751 782 795 plures
804 750 847 781 dii
872 747 1017 792 ancipitis
1041 745 1167 788 generis

208 823 299 859 sunt,
338 817 473 849 maxime
509 822 615 847 autem
649 816 766 853 Terra,
798 813 837 844 de
871 824 933 855 qua
955 811 1061 843 Varro
1084 809 1169 853 apud

207 880 427 921 Augustinum
448 878 520 922 (eiv.
540 877 592 908 dei
618 878 650 915 7,
674 876 754 918 25):
775 887 856 905 »una
878 874 1053 915 eademque
1069 873 1169 903 Terra

207 944 304 976 habet
330 942 488 983 geminam
513 941 593 979 vim,
620 946 651 971 et
674 939 886 970 masculinam
895 960 906 976 ,
933 937 1021 980 quod
1049 935 1169 966 semina

206 1004 374 1050 producat,
394 1008 425 1035 et
435 1003 640 1046 femininam,
660 1000 747 1044 quod
762 999 895 1043 recipiat
917 1004 1012 1042 atque
1034 997 1169 1030 nutriat:

206 1068 292 1100 unde
319 1079 337 1097 a
355 1066 388 1098 vi
411 1065 546 1097 feminae
569 1064 684 1096 dictam
709 1075 780 1096 esse
805 1064 984 1101 Tellurem,
1006 1074 1023 1093 a
1040 1061 1073 1093 vi
1089 1071 1170 1092 mas—

208 1127 272 1159 euli
289 1128 535 1159 Tellumonem.«
562 1126 711 1157 Tellumo
731 1125 827 1166 igitur
842 1125 927 1155 idem
944 1135 1016 1154 esse
1034 1122 1170 1161 videtur,

208 1191 264 1234 qui
288 1203 306 1221 a
330 1196 442 1221 nostro
461 1189 613 1221 Tellurus
637 1188 761 1219 dicitur.
788 1187 924 1219 Servius
946 1186 999 1229 (ad
1023 1185 1107 1217 Aen.
1138 1186 1170 1225 1,

210 1253 296 1296 169)
314 1253 398 1284 inter
421 1252 586 1283 Tellurem
612 1256 644 1282 et
662 1251 794 1282 Terram
821 1252 902 1281 hane
928 1261 999 1280 esse
1024 1248 1170 1280 differen-

206 1315 285 1346 tiam
307 1313 429 1353 statuit,
450 1319 486 1344 ut
507 1313 607 1344 Terra
630 1312 734 1355 ipsum
761 1311 802 1342 sit
826 1311 1036 1351 elementum,
1059 1310 1171 1341 Tellus

207 1387 284 1408 vero
310 1375 387 1415 dea,
415 1375 506 1416 eujus
530 1374 649 1415 effigies
672 1373 705 1404 in
724 1373 939 1404 monumentis
964 1378 1069 1403 exstat
1092 1370 1170 1402 anti-

209 1439 282 1484 quis
305 1439 368 1482 (ap.
386 1439 502 1470 Murat.
520 1437 555 1477 1,
578 1437 636 1468 52.
653 1436 770 1467 Graev.
787 1436 827 1466 X.
845 1436 928 1466 625.
952 1434 1069 1466 Choul.
1090 1435 1171 1464 118.

208 1503 254 1535 Μ.
279 1501 321 1532 A.
343 1501 386 1532 V.
411 1501 450 1532 N.
475 1501 535 1532 55.
568 1499 630 1530 Bie
655 1500 723 1538 57,
752 1499 807 1530 15.
837 1503 869 1529 et
893 1498 926 1528 in
956 1497 1072 1530 Museo
1097 1496 1172 1528 Flo-

210 1570 291 1597 rent.
318 1564 377 1596 IV.
397 1563 456 1595 45.
477 1562 551 1606 44.)
579 1562 630 1594 Cf.
654 1567 820 1606 praeterea
841 1561 985 1603 egregias
1015 1561 1084 1602 ejus
1105 1560 1172 1591 lau-

211 1627 269 1658 des
294 1626 378 1668 apud
404 1625 544 1657 Statium
569 1624 685 1666 (Theb.
706 1624 738 1654 8.
757 1623 856 1665 505).

287 1685 469 1730 Vulcanus]
495 1686 571 1718 Non
595 1686 683 1716 faber
707 1685 780 1719 ille.
805 1696 900 1727 quem
924 1683 1019 1715 modo
1044 1682 1172 1714 nomine

211 1750 383 1790 Muleiferi,
410 1754 443 1781 et
461 1761 557 1792 supra
575 1747 618 1793 (ξ,
641 1750 675 1791 7)
693 1747 821 1779 Lemnii
838 1747 979 1787 induxit,
1008 1747 1065 1777 sed
1089 1745 1173 1787 ignis

217 1814 351 1859 (Accius
372 1826 422 1857 ap.
441 1812 586 1845 Maerob.
618 1811 749 1844 Saturn.
774 1813 817 1851 G,
849 1810 901 1854 5),
939 1810 1023 1842 unde
1052 1810 1172 1841 Terrae

213 1884 336 1923 putrem
354 1889 428 1908 eum
444 1876 595 1909 nominat.
623 1875 777 1907 Ovidium
794 1875 881 1918 (met.
894 1875 950 1914 15,
975 1874 1048 1906 259
1068 1872 1172 1915 sequ.)

214 1947 246 1973 et
271 1941 401 1973 Stoieos
429 1940 491 1983 (ap.
518 1939 586 1972 Cic.
605 1939 645 1971 N.
666 1939 706 1969 D.
724 1939 764 1978 2,
793 1937 854 1981 24)
879 1943 1008 1969 secutus
1039 1936 1175 1980 primum

215 2005 408 2036 elementum
432 2002 474 2048 (ἐξ.
496 2003 581 2046 758)
600 2004 707 2045 ignem
728 2003 821 2043 dicit,
851 2015 868 2034 e
892 2014 956 2045 quo
980 2007 1050 2041 aer,
1082 2013 1174 2045 aqua,

216 2074 309 2100 terra.
334 2067 461 2101 Pariter
478 2068 584 2099 Varro
606 2068 655 2111 (L.
674 2067 712 2098 L.
732 2067 764 2098 4.
783 2080 813 2110 p.
836 2079 876 2097 m.
898 2066 960 2106 25³)
995 2071 1096 2097 terrae
1121 2077 1175 2108 pa-

217 2135 300 2160 trem
316 2130 432 2170 ignem,
456 2135 588 2160 matrem
606 2140 718 2171 aquam
742 2134 916 2171 nuncupat,
939 2133 971 2158 et
986 2127 1081 2170 paulo
1103 2131 1177 2170 post

218 2193 261 2235 (p.
283 2192 345 2235 25)
370 2193 426 2223 „ab
452 2192 535 2234 ignis
555 2192 623 2233 jam
646 2191 765 2233 majore
791 2192 821 2223 vi
842 2191 1010 2223 'Volcanus
1037 2190 1169 2222 dietus«

219 2253 372 2284 Pluribus
396 2254 455 2284 hae
481 2254 520 2285 de
543 2265 578 2284 re
607 2252 670 2284 alio
692 2252 828 2284 disserui
850 2253 923 2285 loeo
947 2252 993 2297 (in
1016 2252 1178 2297 palaeogr.

220 2314 278 2347 IV.
303 2312 331 2357 ξ.
354 2314 451 2356 669).

297 2373 436 2419 Genius]
461 2374 653 2419 Principalis
676 2376 803 2415 forsan,
830 2375 885 2419 qui
909 2375 992 2407 inter
1011 2376 1101 2407 Deos
1127 2386 1176 2406 se-

221 2437 324 2469 lectos
349 2437 486 2468 refertur
503 2435 685 2480 (Augustini.
711 2437 750 2467 de
774 2436 831 2467 eiv.
857 2437 908 2468 dei
928 2439 960 2472 7.
988 2437 1025 2481 2)
1048 2442 1080 2468 et
1103 2448 1177 2481 pars

224 2500 364 2531 universi
379 2499 504 2539 (licitur,
523 2511 617 2543 quem
637 2499 670 2530 in
686 2499 801 2543 lapidis
821 2500 959 2542 quodam
976 2500 1069 2532 titulo
1091 2500 1179 2544 (Rei-

226 2576 292 2595 nes.
315 2577 344 2607 p.
367 2565 452 2602 135¹,
474 2575 504 2594 n.
528 2561 625 2601 165),
659 2563 776 2605 pariter
798 2569 891 2605 atq-‚30
918 2564 1000 2605 apud
1029 2564 1179 2606 ih‘gusti-

1217 441 1293 460 num
1313 428 1362 471 (7,
1389 426 1449 470 15)
1475 427 1569 458 deum
1592 429 1803 470 aeternalem,
1833 429 1868 461 in
1891 429 1962 461 aliis
1989 427 2169 472 inscriptio-

1217 490 1312 522 nibus
1337 489 1480 533 (Reines.
1501 501 1531 533 p.
1546 489 1629 520 245.
1652 501 1683 521 n.
1697 490 1784 535 295)
1815 491 1956 524 Genium
1976 490 2171 523 aeternalem

1218 551 1414 596 appellatum
1429 550 1576 593 legimus.
1610 549 1679 583 Sed
1695 551 1820 584 silentio
1838 553 1923 584 haud
1939 551 2173 597 praetereunda

1218 616 1252 648 in
1277 615 1386 648 codiee
1412 615 1564 656 Hugiano
1587 614 1684 647 lectio
1711 617 1809 647 unius
1834 628 1891 660 pro
1915 617 2059 658 Genius,
2090 627 2172 659 quae

1219 678 1349 722 quidem
1370 677 1462 708 aliter
1483 676 1611 708 defendi
1632 677 1761 720 nequit,
1785 678 1849 709 nisi
1870 678 1909 709 ab
1926 680 2070 711 etunius
2089 689 2173 710 eom·

1219 752 1270 772 nm
1295 741 1356 772 hoe
1380 739 1585 783 incipiamus,
1613 750 1787 781 vocemque
1813 740 1854 771 ad
1875 740 1967 772 Jouis
1988 741 2173 781 reseramuS,

1221 803 1308 848 quod
1329 808 1436 835 tamen
1460 802 1565 834 miuus
1590 802 1739 846 placebit.
1766 803 1920 835 Ceterum
1943 804 1983 836 de
2004 804 2117 837 Geniis
2141 804 2175 836 in

1220 865 1330 910 primis
1356 865 1578 897 disseruerunt
1601 865 1753 896 Bai-thius
1777 865 1837 909 (ad
1858 865 1960 897 Rutil.
1985 866 2060 898 528
2088 865 2176 899 Alm.

1222 928 1289 959 sive
1317 927 1352 959 in
1384 927 1509 960 advers.
1541 939 1574 970 p.
1599 926 1698 959 2448
1734 925 1855 970 βρεμι),
1891 927 2048 960 Marinius
2077 927 2176 971 (fratr.

1221 991 1334 1024 Arval.
1353 991 1397 1024 Π.
1413 992 1513 1036 569),
1534 990 1680 1022 Datheus
1705 991 1757 1035 (de
1779 991 1893 1024 Geniis
1914 997 1977 1025 vet.
1998 993 2033 1024 in
2048 991 2179 1025 Martini

1222 1056 1373 1086 thesauro
1401 1054 1477 1085 diss.
1508 1053 1551 1085 II.
1578 1066 1609 1097 p.
1635 1053 1716 1097 60),
1759 1053 1972 1085 Baudelotius
2007 1054 2094 1098 (util.
2121 1052 2179 1085 des

1222 1130 1334 1161 voyag.
1364 1130 1396 1161 p.
1414 1116 1519 1159 218),
1551 1116 1709 1148 Graevius
1734 1116 1781 1161 (in
1807 1118 1947 1150 thesaur.
1972 1117 2031 1150 VI.
2048 1129 2079 1161 p.
2104 1117 2178 1150 528

1222 1181 1341 1225 sequ.),
1360 1180 1621 1213 montfauconius
1640 1180 1685 1224 (in
1707 1185 1770 1212 ant.
1788 1181 1873 1225 expl.
1889 1181 1916 1213 I.
1939 1193 1970 1225 p.
1992 1181 2091 1226 516),
2103 1180 2179 1214 Lin-

1223 1244 1419 1285 denbrogius
1446 1244 1499 1287 (ad
1519 1244 1653 1275 Censor.
1678 1244 1717 1275 de
1739 1244 1790 1275 die
1810 1250 1874 1276 nat.
1896 1257 1921 1277 c.
1945 1245 1992 1288 5).

1295 1305 1405 1350 Pales]
1432 1305 1493 1336 Illa
1516 1306 1581 1337 sive
1606 1305 1683 1345 dea,
1708 1305 1774 1336 sive
1793 1305 1872 1336 deus
1891 1305 1996 1349 (Serv.
2011 1305 2051 1336 ad
2072 1316 2179 1348 georg.

1223 1370 1258 1408 5,
1283 1369 1312 1398 1.
1337 1367 1457 1399 Muller
1478 1367 1607 1398 Etruse.
1626 1367 1670 1398 11.
1691 1379 1724 1410 p.
1747 1366 1827 1409 88),
1853 1366 1887 1398 in
1910 1367 2002 1408 cujus
2024 1368 2179 1399 honorem

1224 1429 1445 1472 antiquissima
1465 1429 1547 1460 festa
1570 1428 1686 1459 Palilia
1707 1428 1885 1468 celebrata,
1914 1433 1947 1460 et
1969 1441 1987 1459 a
2009 1440 2073 1472 quo
2097 1435 2182 1461 certe

1224 1491 1469 1533 distinguendus
1492 1491 1573 1522 alius
1597 1491 1740 1532 videtur,
1767 1491 1823 1534 qui
1843 1492 1940 1535 paulo
1957 1497 2034 1535 post
2060 1490 2104 1535 (§.
2120 1492 2181 1533 51)

1225 1554 1416 1595 cognomine
1442 1552 1629 1584 Seeundani
1648 1552 1837 1596 appellatum
1860 1552 1936 1595 Quo
1960 1557 2066 1584 autem
2087 1559 2182 1596 paeto

1223 1617 1317 1649 ‚Iovis
1342 1617 1427 1647 filius
1452 1615 1592 1656 dicatur,
1628 1616 1721 1658 juxta
1744 1628 1816 1648 eum
1840 1616 2049 1658 ignarissimis
2069 1616 2182 1659 ignoro

1224 1679 1266 1722 (v.
1284 1684 1389 1709 tamen
1409 1677 1591 1710 Arnobium
1610 1678 1645 1718 5,
1665 1690 1697 1722 p.
1717 1679 1802 1711 115.
1826 1679 1909 1720 125,
1931 1678 2013 1720 125,
2044 1684 2077 1710 et
2096 1678 2181 1712 Mul-

1223 1743 1326 1774 lerum
1350 1754 1382 1785 p.
1396 1742 1470 1786 89).

1299 1802 1421 1848 favor]
1449 1803 1534 1836 Vide
1558 1815 1654 1848 supra
1681 1801 1724 1848 (§.
1745 1802 1819 1847 47).
1858 1803 1896 1835 In
1926 1803 2185 1846 Cantabrigiensi

1226 1869 1335 1900 codiee
1369 1880 1427 1911 pro
1454 1867 1564 1899 Fauor
1590 1879 1717 1912 semper
1747 1866 1857 1899 Fabor
1882 1867 2000 1909 legitur
2023 1879 2063 1899 ex
2092 1867 2187 1900 solita

1225 1932 1350 1963 illarum
1372 1931 1535 1962 literarum
1558 1930 1802 1974 permutatione.
1829 1931 1958 1978 Quodsi
1982 1931 2090 1964 Labor
2110 1931 2186 1963 inde

1225 1995 1404 2036 legeremus
1427 1994 1524 2036 (conf.
1544 1992 1574 2038 ξ.
1592 1993 1688 2036 145),
1719 1993 1862 2035 ejusdem
1878 1993 2026 2027 vocabuli
2047 1992 2184 2025 iteratio-

1226 2068 1300 2089 nem
1320 2056 1503 2088 vitaremus.

1305 2115 1488 2161 celeritate]
1502 2115 1664 2160 Cyl-aldus
1680 2117 1724 2161 (p.
1739 2116 1799 2160 15)
1816 2116 1884 2149 vult
1900 2116 2103 2156 Celebritate5
2121 2128 2185 2160 quo

1226 2182 1310 2224 jure,
1332 2181 1481 2225 equidem
1496 2181 1620 2222 ignoro.
1646 2181 1691 2212 Ut
1703 2180 1833 2213 Veritas
1853 2180 1893 2211 ab
1914 2179 2022 2223 aliquo
2042 2185 2186 2212 veterum

1229 2238 1396 2291 poetarum
1421 2245 1528 2289 (Gell.
1558 2245 1623 2285 12,
1653 2243 1720 2287 11)
1744 2242 1913 2286 Temporis
1938 2243 2003 2274 filia
2027 2243 2112 2276 dicta
2136 2250 2185 2276 est

1226 2308 1279 2352 (ef.
1293 2313 1324 2339 et
1342 2307 1491 2350 Plut.qu.
1502 2307 1599 2339 Rom.
1610 2305 1668 2346 12,
1684 2318 1717 2350 p.
1728 2304 1826 2349 266),
1845 2305 1889 2336 ita
1903 2304 2062 2337 Celeritas
2083 2305 2184 2347 Solis,

1228 2373 1319 2414 eujus
1358 2371 1616 2411 »conversionis,
1655 2375 1691 2400 ut
1721 2369 1764 2400 ait
1796 2369 1912 2401 Cicero
1937 2369 2048 2413 (Tuse.
2073 2382 2128 2414 qn.
2151 2372 2183 2411 1,

1228 2433 1290 2478 28)
1322 2433 1468 2466 celeritas
1505 2437 1613 2472 tanta,
1643 2436 1762 2475 quanta
1790 2431 1923 2473 eogitari
1954 2443 2020 2464 non
2045 2432 2177 2477 possit«

1230 2498 1324 2530 Unde
1337 2497 1427 2539 Arge
1443 2496 1597 2536 venatrix,
1615 2507 1713 2539 quum
1729 2507 1857 2528 cervum
1872 2502 2071 2539 sequeretur,
2091 2508 2183 2529 cervo

1232 2560 1350 2592 dixisse
1383 2560 1501 2591 fertur:
1539 2557 1608 2591 »Tu
1638 2557 1714 2591 licet
1744 2558 1829 2591 Solis
1864 2570 1993 2590 cursum
2029 2558 2182 2602 sequaris.
