2310 2860
95 778 179 820 ⁷295

83 1292 176 1335 494

210 148 296 191 428

792 142 990 185 Martiani
1020 141 1219 197 Capellae
1249 140 1323 185 lib.
1345 141 1400 184 V.
1432 143 1465 194 ᾗ.
1489 142 1590 183 492.

209 256 300 310 ipsa
339 267 471 308 quam
509 251 552 291 in
590 250 732 291 forma
773 251 1029 299 verborum,
1068 257 1115 288 ut
1152 247 1299 289 Cicero
1342 250 1459 290 dicit:
1494 250 1561 301 „Is
1602 250 1728 306 igitur
1768 267 1852 292 non
1896 254 2023 296 modo
2066 268 2089 296 a
2119 264 2157 295 te

209 334 396 392 periculo
427 333 649 382 liberatus,
693 329 766 372 sed
800 331 923 372 etiam
956 330 1118 371 honore
1150 329 1412 384 amplissimo
1453 340 1644 383 ornatus,
1690 333 1880 387 arguitur
1911 335 2026 377 domi
2057 351 2158 377 suae

210 426 248 457 te
284 412 519 458 interficere
551 412 779 455 voluisse.“
837 413 891 453 Et
920 413 962 452 in
995 411 1194 452 Cornelia
1224 410 1363 466 prima
1393 425 1633 468 repugnare
1663 411 1783 463 dicit,
1827 422 1875 453 ut
1904 413 2155 468 „divisores,

211 509 317 551 quos
348 494 519 536 honoris
549 493 615 535 sui
645 493 856 534 ministros
886 507 974 533 esse
1002 492 1218 545 voluerat,
1260 492 1353 548 Iege
1384 491 1568 534 ambitus
1602 491 1728 533 vellet
1759 492 1989 548 affligere.“

1039 673 1078 714 A
1116 672 1329 714 CAUSIS.

378 780 619 822 Causarum
657 780 775 820 locus
813 779 896 820 late
933 787 1045 834 patet
1087 788 1126 820 et
1163 779 1300 820 multa
1343 777 1624 835 disputatione
1666 789 1890 832 tractatum
1934 780 2008 821 sed
2044 794 2158 821 nunc

207 863 393 903 formam
433 863 521 916 ejus
559 862 654 903 satis
694 861 822 903 fuerit
860 861 1153 902 demonstrare
1194 861 1274 901 sub
1313 860 1395 901 hoe
1440 861 1656 917 exemplo:
1688 860 1799 911 „Sed
1831 874 1970 915 quum
2001 859 2055 900 ob
2086 869 2159 901 tua

205 942 392 993 decreta,
423 942 477 983 ob
506 942 676 996 judicia,
708 942 761 982 ob
788 942 967 997 imperia
995 941 1229 994 dabantur,
1259 957 1344 982 non
1370 951 1428 982 est
1456 941 1512 982 ita
1540 941 1836 997 quaerendum
1871 942 1992 996 cujus
2025 956 2159 982 manu

206 1032 557 1074 numerarentur,
604 1021 677 1063 sed
713 1022 834 1076 eujus
864 1022 1021 1077 injuria
1051 1027 1344 1078 cogerentur.“
1382 1023 1465 1064 Sed
1491 1033 1529 1064 et
1553 1024 1773 1078 Virgilius:
1803 1024 1959 1075 „Mene
1987 1024 2158 1079 sugis?“

979 1188 1052 1229 AB
1096 1190 1392 1233 EFFECTIS.

378 1293 446 1335 Ab
480 1291 636 1334 effectis
666 1290 712 1333 fit
745 1302 1067 1347 argumentum,
1105 1307 1242 1347 quum
1275 1292 1319 1333 in
1358 1307 1485 1334 causa
1524 1291 1729 1333 dubitatio
1767 1302 1844 1344 est,
1903 1302 1968 1334 ut:
1999 1293 2153 1335 Fatum

205 1373 411 1430 probetur
455 1388 505 1414 ex
552 1388 623 1424 eo,
668 1372 784 1428 quod
834 1373 1029 1414 homines
1071 1373 1197 1413 ctiam
1247 1372 1367 1414 inviti
1414 1372 1696 1414 servabantur
1743 1372 1785 1413 in
1835 1372 1932 1413 vita.

261 1509 373 1544 ‚Ilicet
394 1506 580 1552 parasiticae
604 1508 670 1539 arei
690 1508 864 1538 mavimam
890 1508 924 1537 in
946 1507 1062 1538 malam
1085 1519 1156 1539 cru-

601 1583 686 1608 cem,

252 1633 305 1665 lta
321 1633 478 1677 juventus
496 1633 566 1677 jam
601 1630 753 1661 ridiculos
792 1632 965 1677 inopesque
996 1642 1016 1661 a
1043 1642 1078 1661 se
1107 1641 1156 1661 sc-

598 1697 738 1735 yt'eya!.‹t

203 1754 298 1787 Adde
332 1755 467 1787 eundem
498 1755 531 1786 in
564 1753 676 1786 Sticho
704 1752 761 1797 (1,
789 1754 830 1793 5,
856 1754 920 1797 17)
942 1758 975 1785 et
1005 1754 1044 1785 de
1068 1752 1154 1785 Gna-

204 1818 300 1849 thone
322 1816 508 1848 Terentium
531 1816 690 1859 (Eunuch.
707 1815 746 1853 2,
775 1813 820 1856 1).

277 1882 312 1911 in
337 1877 462 1924 forma]
491 1877 611 1909 Addidi
639 1880 673 1908 ιίι
696 1890 713 1908 e
735 1877 844 1908 codice
867 1877 1071 1917 Monacensi,
1100 1889 1152 1920 pa-

203 1940 280 1971 riter
302 1946 396 1984 atque
419 1940 515 1972 verba
537 1943 589 1970 »ut
614 1938 728 1970 Cicero
755 1938 865 1978 dicit«,
897 1951 978 1982 quae
1001 1939 1039 1970 ab
1060 1938 1153 1969 editis

204 2003 350 2043 aberant,
384 2004 441 2034 sed
480 2002 566 2045 quod
596 2002 678 2033 idem
712 2002 745 2033 in
776 2002 983 2044 sequentibus
1011 2001 1154 2033 exhibuit

202 2068 293 2099 donno
321 2079 380 2098 sua
406 2077 444 2097 eo
475 2066 578 2096 minus
611 2065 750 2108 recipere
782 2065 883 2105 volui,
921 2065 996 2108 quia
1026 2066 1153 2107 vulgata

202 2140 274 2161 cum
301 2128 372 2172 ipso
397 2127 551 2160 Cicerone
584 2127 653 2170 (pro
680 2138 752 2169 rege
782 2126 935 2168 Dejotaro
964 2126 999 2170 5)
1026 2127 1151 2169 egregie

202 2189 360 2225 convenit.

277 2248 449 2294 divisores]
481 2248 581 2279 Iidem
609 2248 662 2290 qui
682 2253 714 2279 et
741 2249 896 2280 curiarum
918 2249 1074 2290 magistri,
1097 2250 1152 2294 qui

201 2311 442 2346 candidatorum
466 2309 593 2341 nomine
623 2309 772 2352 pecunias
800 2311 915 2341 viritim
940 2311 1023 2342 inter
1049 2312 1150 2343 tribus

201 2373 392 2405 dividebant.
419 2372 517 2404 Notat
542 2370 704 2401 Pedianus
728 2371 760 2401 in
782 2372 825 2403 11.
850 2373 1027 2404 Verrinam.
1046 2372 1149 2406 Gnor.

202 2455 248 2461 —
282 2424 405 2469 Confer
442 2434 568 2466 omnino
604 2433 761 2475 egregiam
791 2434 878 2469 Frid,
908 2436 1010 2468 Ilenr.
1034 2436 1148 2468 vveis-

200 2501 307 2532 manni
337 2498 590 2531 dissertationem
617 2497 674 2539 (de
700 2497 889 2529 divisoribus
917 2504 948 2529 et
977 2499 1147 2543 sequestri-

200 2563 259 2594 bus
285 2562 419 2593 ambitus
449 2560 533 2605 apud
561 2560 724 2595 Romanos
754 2558 988 2601 instrumentis,
1014 2561 1146 2594 Heidel-

2001 1373 2155 1414 Fatum

1206 1507 1322 1548 bergae
1354 1506 1486 1549 1851),
1517 1506 1601 1538 unde
1628 1506 1735 1538 Grotii
1764 1518 1892 1550 quoque
1923 1518 2062 1538 errorem
2085 1518 2155 1547 eog-

1206 1580 1332 1601 nosecs.
1360 1568 1482 1598 Locum
1511 1568 1615 1610 ipsum
1642 1568 1724 1598 iuter
1749 1568 1960 1599 Cornelianae
1984 1568 2158 1609 fragmenta

1206 1629 1315 1660 retulit
1336 1629 1480 1660 Orellius
1506 1629 1558 1672 (T.
1578 1629 1638 1667 IV,
1665 1629 1702 1659 P.
1721 1629 1759 1668 2,
1785 1641 1817 1671 p.
1835 1628 1931 1670 431).

1279 1691 1358 1721 satis
1379 1688 1494 1734 fuerit]
1522 1689 1659 1731 Reliqua
1681 1689 1796 1721 Cicero
1817 1688 1944 1721 docebit
1967 1688 2075 1732 (topic.
2096 1690 2157 1728 153

1205 1752 1310 1796 partit.
1334 1752 1400 1795 26)
1430 1758 1461 1784 et
1485 1752 1724 1796 Quinctilianus
1751 1753 1804 1796 (3,
1838 1754 1900 1793 10,
1928 1754 1975 1784 80
1996 1752 2098 1796 sequ).

1279 1815 1335 1846 scd
1364 1813 1479 1861 quum]
1512 1814 1620 1845 Locus
1655 1819 1704 1845 est
1736 1814 1903 1845 Ciceronis
1933 1814 1979 1857 (in
2003 1814 2157 1854 γει-[2,

1208 1877 1282 1920 10):
1311 1877 1386 1908 »sed
1419 1889 1516 1921 quum
1551 1877 1592 1908 ob
1626 1883 1679 1908 tua
1714 1877 1858 1917 decreta,
1891 1877 1931 1908 ob
1968 1877 2087 1918 edicta,
2116 1877 2156 1908 ob

1204 1938 1351 1981 imperia,
1385 1939 1425 1970 ob
1449 1938 1571 1980 judicia
1603 1938 1757 1982 pecuniae
1790 1938 1962 1979 dabantur,
1995 1951 2061 1970 uon
2090 1943 2157 1969 erat

1205 2003 1437 2045 quaerendum,
1464 2003 1555 2044 cujus
1580 2014 1675 2033 mauu
1698 2007 1956 2042 numerarentur,
1985 2002 2042 2033 sed
2065 2001 2155 2042 eujus

1203 2065 1317 2107 injuria
1350 2071 1575 2107 cogerentur«,
1613 2065 1697 2096 unde
1723 2066 1881 2097 Martiano
1912 2075 2039 2108 quoque
2067 2076 2154 2107 coqe-

1203 2134 1317 2161 rentur
1341 2129 1481 2168 restitui,
1515 2128 1603 2172 quod
1623 2128 1691 2169 jam
1715 2129 1749 2159 in
1774 2127 1984 2159 anterioribus
2009 2126 2153 2159 editioni-

1202 2191 1263 2222 bus
1280 2194 1348 2221 erat
1370 2195 1401 2220 ct
1422 2190 1531 2221 codiee
1550 2189 1798 2220 Dariustattensi
1816 2188 2071 2230 confirmabatur,
2095 2200 2154 2233 pro

1204 2256 1446 2295 congereretur,
1474 2256 1509 2282 ut
1535 2249 1669 2282 Grotius
1695 2249 1846 2281 ediderat.

1280 2310 1451 2356 Virgilius]
1470 2310 1607 2342 Didonis
1627 2310 1721 2341 verba
1738 2315 1811 2340 sunt
1829 2308 1977 2353 (Aeneid.
1993 2311 2028 2351 4,
2050 2309 2152 2353 514)2

1257 2372 1371 2405 »Mene
1387 2372 1500 2416 fuyis?
1525 2372 1591 2403 Per
1613 2382 1670 2414 eye
1694 2371 1752 2402 has
1772 2372 1921 2403 lacrimas
1942 2371 2151 2419 dextramque

1604 2439 1694 2466 tuam
1722 2441 1768 2476 te,

1249 2499 1315 2535 Per
1337 2499 1495 2534 connubia
1520 2504 1650 2537 nostra,
1678 2511 1737 2542 per
1759 2501 1900 2544 inceptos
1922 2500 2143 2542 Hymenaeos«

1606 2566 1667 2594 cet.
