2310 2860
214 229 304 270 690

782 226 982 268 Martiani
1013 226 1212 283 Capellae
1242 227 1313 268 lib.
1340 227 1420 268 IX.
1451 229 1481 280 §.
1506 228 1603 270 888.

523 333 614 374 Nee
645 332 779 374 dulcis
812 342 938 374 tentat
968 333 1148 387 psallere
1178 316 1475 389 Melpomene3

416 414 574 455 Omnia
606 428 718 468 quae
748 422 892 453 tenero
927 413 1057 453 moris
1078 412 1330 455 -serveseere
1364 415 1467 456 ludo

528 495 578 536 In
610 496 834 536 cumulum
873 495 1021 536 doctae
1048 488 1167 536 vocis
1197 496 1362 537 honore
1394 506 1554 549 tacent,

413 577 505 619 Nee
540 577 683 619 Suada
713 578 920 618 illecebris
953 578 1164 633 sponsalia
1195 587 1367 633 pectora
1397 577 1580 630 mulcet,

525 662 617 704 Nec
651 662 832 703 Stimula
861 662 1033 702 incenso
1065 660 1192 703 allicit
1223 658 1391 711 acule03

424 741 542 792 Quin
574 742 699 783 etiam
730 742 934 782 interulos
964 740 1153 797 gaudens
1184 739 1416 782 dissolvere
1444 755 1584 781 nexus

213 851 326 883 dimus.
352 851 456 883 Porro
474 853 613 884 reticens
635 852 773 883 habebat
791 851 864 884 MS.
883 850 917 884 Α
935 863 995 895 pro
1010 853 1171 889 recinens,

214 916 271 947 sed
308 914 425 960 inepte.
453 916 595 947 Memmi.
618 915 671 960 (in
696 928 775 947 mus.
803 914 910 959 script.
933 921 996 946 ant.
1014 928 1045 959 p.
1067 914 1170 958 540).

212 996 261 1002 --
298 977 373 1010 Nou
410 978 490 1010 adeo
527 979 634 1023 inepta
673 984 723 1010 cst
753 979 849 1011 lectio
883 981 1042 1018 reticens,
1074 991 1171 1022 quam

213 1039 348 1073 Grotius
372 1052 500 1085 quoque
521 1053 562 1072 ex
589 1041 659 1072 aliis
690 1041 723 1072 in
747 1041 888 1083 margine
911 1042 1048 1080 notavit,
1071 1053 1170 1084 quum

211 1101 244 1134 id
266 1102 371 1147 ipsum
393 1108 543 1146 queratur
559 1103 689 1143 Venus,
721 1103 807 1146 quod
824 1103 906 1134 'tibia
928 1103 1092 1135 reticuerit
1109 1114 1169 1134 nee

212 1175 338 1197 carmen
357 1164 555 1205 moduletur5
582 1170 688 1195 tamen
708 1163 878 1195 mutandae
900 1164 1048 1206 vulgatae
1073 1176 1169 1196 causa

211 1214 300 1258 ιιυΠιι
327 1231 405 1258 crat.

286 1285 407 1332 dulcis]
443 1286 482 1318 In
512 1286 727 1329 manuscripto
762 1286 843 1317 libro
874 1292 939 1318 est:
969 1299 1046 1319 „nee
1068 1288 1167 1319 *dulce

210 1356 340 1382 tentata
394 1350 493 1394 Quod
524 1362 589 1381 non
617 1350 782 1391 iudignum
809 1356 887 1394 puto
917 1350 1061 1394 Capella.
1104 1350 1165 1382 Ca·

210 1412 327 1444 tullus:

264 1476 389 1507 »Dulce
414 1476 518 1507 rideat
546 1476 589 1506 atl
612 1481 754 1518 patrem«
781 1493 888 1498 —-—

209 1544 321 1583 estque
346 1539 433 1582 quod
458 1539 511 1570 alii
536 1539 643 1571 dicant
670 1540 814 1571 ‹lulcz'lmu
841 1538 1014 1570 Horatius:

264 1602 386 1633 »Dulce
407 1601 565 1632 ridentem
589 1602 734 1644 Lalaycn
759 1601 870 1631 aniabo

308 1665 414 1697 Dulce
443 1666 634 1711 loquentem.
643 1678 654 1692 «

207 1727 276 1760 Sed
296 1728 388 1760 dulce
407 1729 570 1774 quiescere
594 1727 671 1758 dicit
694 1725 1024 1770 Appulejus.B.mru.
1041 1725 1086 1769 (in
1109 1725 1165 1756 ad-

206 1800 290 1821 vers,
311 1788 473 1832 p.1541).
486 1807 533 1811 —
547 1787 594 1819 At
613 1794 746 1819 metrum
769 1800 834 1819 non
851 1788 980 1831 patitur,
1005 1793 1037 1818 et
1057 1788 1164 1819 dulces

207 1850 386 1883 Camoenas
409 1849 489 1881 dixit
519 1849 612 1881 etiam
637 1850 792 1881 Horatius
817 1849 924 1893 (epist.
942 1851 977 1889 ί,
1007 1850 1069 1888 19,
1093 1849 1136 1892 5).

281 1911 396 1958 lentat]
429 1915 574 1956 Temptat
599 1925 725 1957 semper
756 1919 891 1956 uterque
923 1913 1035 1945 codex.
1061 1913 1106 1944 Et
1131 1913 1164 1944 in

206 1974 292 2013 aliis,
323 1986 404 2018 quos
431 1975 549 2015 habeo,
586 1975 726 2019 antiquis
751 1975 853 2007 MSS.
882 1975 925 2006 ita
947 1976 1009 2006 hoe
1030 1975 1163 2007 verbum

205 2041 369 2067 exaratum
386 2036 553 2067 inuenitur.
569 2037 709 2068 anou.
723 2055 770 2060 —
788 2037 994 2069 Monacensis
1009 2037 1066 2081 (C)
1084 2049 1163 2080 quo-

205 2111 267 2143 que
286 2099 389 2130 codex
410 2105 542 2142 temptat
559 2100 704 2143 praehet,
730 2101 787 2131 sed
805 2101 915 2132 confer
930 2100 1068 2134 Marium
1085 2100 1162 2133 Vie-

204 2162 345 2194 torinum
369 2163 412 2206 (p.
432 2163 530 2200 246ss
557 2163 715 2206 Putsch.).

274 2222 390 2269 moris]
418 2219 575 2256 ¹Grotiana
603 2236 712 2266 margo
743 2225 936 2270 codicesque
960 2225 1164 2258 Reiclienau-

203 2288 307 2329 ensis,
348 2288 634 2329 Damnstattensis,
671 2294 703 2320 ct
736 2289 942 2322 Monacensis
974 2290 1039 2335 (C)
1072 2302 1165 2335 prae-

200 2348 279 2382 bent
299 2352 440 2390 anam-is,
478 2362 587 2382 errore
614 2350 699 2382 facili
726 2357 758 2382 et
780 2352 840 2383 lioe
864 2352 1009 2396 inprimis
1032 2353 1066 2385 in
1087 2354 1163 2386 loeo

201 2413 403 2452 excusando,
438 2412 496 2443 sed
532 2412 587 2456 qui
624 2412 830 2445 nihilominus
858 2427 918 2447 nec
950 2421 1053 2447 metro
1085 2428 1162 2450 con-

201 2475 307 2507 veniat
332 2488 392 2508 nee
421 2477 615 2517 sententiae3
649 2478 846 2510 constructio
879 2479 964 2512 enim
986 2481 1065 2512 haec
1094 2487 1159 2512 est:

206 2540 346 2580 inmunia,
376 2552 459 2584 quae
493 2540 594 2573 moris
630 2541 719 2586 (scil.
741 2542 811 2585 est)
842 2543 1019 2576 fervescere
1047 2551 1159 2578 tenero

198 2597 294 2642 ludo,
328 2607 464 2634 tacent«
519 2603 710 2635 Locutionis
742 2605 887 2648 exempla
922 2619 1041 2650 quaere
1074 2608 1159 2654 apud

195 2660 438 2698 Boetticherum
463 2664 510 2708 (in
533 2664 638 2699 lexico
663 2665 794 2700 Taciteo
820 2659 966 2712 p.'211).

1297 852 1332 881 in
1346 849 1520 894 cumulum]
1535 850 1684 881 -Rcstitui
1704 850 1896 883 anteriorum
1913 851 2090 883 editionum
2109 851 2173 885 lee-

1224 914 1355 955 tionem,
1373 926 1467 958 quam
1483 913 1616 946 Grotius
1635 914 1668 945 in
1680 915 1853 957 marginem
1869 916 2023 957 rejecerat
2039 915 2174 959 scripse·

1220 982 1334 1019 ratque
1362 978 1397 1007 in
1431 977 1578 1015 cantulo,
1612 988 1709 1007 sensu
1740 977 1849 1017 nullo3
1877 980 1912 1008 in
1940 978 2101 1009 carmalum
2126 982 2177 1008 est

1222 1042 1375 1083 insuper,
1397 1046 1583 1083 praeterea,
1610 1040 1767 1084 simulque
1787 1053 1828 1072 ne
1846 1042 1924 1088 quid
1947 1042 2042 1080 desit,
2062 1046 2100 1073 ut
2123 1051 2176 1073 res

1222 1105 1365 1135 erunibus
1381 1105 1527 1147 partibus
1545 1105 1743 1143 absolvatur,
1768 1104 1888 1136 ironica
1905 1105 2093 1148 plerumque
2114 1103 2177 1145 sig-

1219 1165 1417 1205 nificatione,
1441 1171 1477 1196 ut
1492 1166 1576 1208 apud
1593 1165 1783 1197 Ciceronem
1803 1166 1855 1208 (de
1877 1166 1949 1206 lege
1972 1177 2036 1207 agr.
2047 1166 2082 1205 2,
2100 1165 2174 1209 25).

1219 1228 1345 1261 Sensus
1374 1228 1471 1269 igitur
1498 1228 1550 1259 hie
1577 1233 1638 1259 cst:
1667 1228 1790 1259 »omnia
1815 1234 1982 1271 praeterea
2008 1227 2176 1259 sollemnia

1218 1290 1373 1332 nuptialia
1402 1295 1509 1322 tacent
1539 1302 1614 1333 prae
1646 1289 1826 1321 reverentia
1852 1290 1983 1330 artium,
2008 1301 2090 1333 quae
2117 1290 2175 1320 hu·

1218 1364 1339 1395 cusque
1363 1353 1490 1384 locutae
1513 1358 1632 1384 erant.«

1288 1412 1412 1458 Suada]
1433 1414 1539 1454 June,
1566 1425 1647 1457 quae
1667 1418 1699 1445 et
1722 1413 1877 1458 pronuba.
1887 1412 2052 1447 VULc.-—-
2074 1411 2176 1444 Immo

1217 1476 1357 1509 Veneris
1385 1488 1509 1516 comcs,
1546 1466 1581 1507 iut
1611 1476 1696 1520 apud
1730 1475 1901 1507 Horatium
1931 1475 2044 1519 (epist.
2072 1476 2110 1515 1,
2136 1475 2173 1515 6,

1217 1540 1290 1583 58).
1329 1540 1453 1571 Eadem
1485 1539 1567 1571 infra
1590 1538 1632 1583 (ξ.
1660 1540 1747 1583 903)
1774 1539 1900 1572 Graeco
1927 1539 2055 1570 nomine
2077 1539 2175 1571 Pitho

1217 1604 1413 1648 appellatur,
1449 1616 1544 1647 qnam
1573 1603 1768 1635 Plutarchus
1797 1603 1848 1648 (in
1871 1607 1994 1646 quaest.
2019 1603 2114 1635 Rom.
2138 1602 2172 1641 2,

1217 1680 1248 1711 p.
1272 1667 1365 1709 246)
1398 1666 1483 1698 inter
1521 1666 1612 1711 ipsos
1648 1667 1867 1698 Romanorum
1903 1667 1981 1697 deos
2013 1664 2173 1709 nuptiales

1217 1735 1374 1762 numerat.

1290 1790 1466 1836 sponsalia]
1495 1791 1629 1824 Grotius
1652 1791 1829 1834 sponsalis,
1858 1790 1956 1822 altera
1974 1789 2114 1822 lectione
2140 1789 2171 1821 in

1214 1853 1388 1894 marginem
1423 1853 1558 1894 rejecta3
1586 1852 1643 1883 sed
1678 1852 1752 1883 huic
1786 1852 1913 1884 codices
1945 1852 2039 1883 etiam
2064 1852 2172 1883 favent

1213 1914 1505 1954 Reiehcnauensis,
1540 1904 1831 1954 vDarmstattcnsis,
1871 1912 2098 1954 Monacensis,
2141 1919 2173 1944 et

1212 1978 1451 2020 Meibomianus
1473 1984 1618 2021 uterque.

1286 2038 1446 2085 Stimula]
1479 2040 1551 2071 Dea
1578 2039 1696 2084 (Ovid.
1717 2038 1791 2072 fast.
1814 2039 1853 2078 G,
1886 2039 1968 2071 505.
1997 2037 2169 2071 Scholiast.

1214 2102 1255 2133 ad
1273 2102 1425 2132 Juvenal.
1443 2102 1482 2139 2,
1506 2101 1561 2143 5),
1579 2106 1615 2131 ut
1628 2099 1806 2141 Augustini
1828 2100 1881 2143 (de
1907 2099 1964 2131 civ.
1981 2099 2093 2139 deist,
2124 2099 2166 2130 11

1213 2168 1246 2194 et
1263 2162 1322 2205 18)
1344 2162 1450 2193 verbis
1473 2166 1552 2202 utar,
1588 2173 1687 2205 »quae
1706 2161 1746 2192 ad
1766 2160 1922 2202 agendum
1940 2160 2024 2191 ultra
2039 2160 2170 2192 modum

1213 2225 1366 2258 stimulat.
1375 2238 1386 2252 u

1288 2280 1440 2328 incenso]
1469 2282 1583 2315 Codex
1605 2285 1741 2324 uterque
1762 2281 1895 2311 incensa
1903 2303 1915 2319 ,
1944 2292 2004 2325 pro
2027 2293 2092 2326 quo
2122 2288 2167 2314 ta-

1213 2359 1287 2379 men
1314 2347 1429 2378 melius
1451 2346 1577 2378 videtur
1591 2345 1741 2383 incenso,-
1766 2343 1829 2375 nisi
1847 2344 2025 2377 abstrusior
2046 2345 2098 2378 hie
2116 2345 2166 2377 :la-

1213 2416 1280 2443 teat
1295 2409 1663 2454 expositio.Ml-:mon1.—
1673 2408 1940 2440 Darmstattensis
1956 2409 2050 2441 etiam
2062 2409 2168 2441 codex

1211 2478 1361 2515 incensa,
1385 2473 1442 2505 scd
1457 2477 1567 2504 ‘metro
1589 2473 1651 2504 hoc
1668 2471 1768 2513 magis
1785 2472 1881 2504 etiam
1898 2478 2055 2516 repugnat
2072 2484 2166 2517 quam

1210 2543 1354 2574 incenso.
1392 2535 1477 2577 Alii,
1509 2541 1592 2568 teste
1625 2535 1742 2568 Grotio
1776 2535 1810 2567 in
1837 2536 1995 2578 margine,
2029 2538 2165 2569 huense.

1211 2603 1383 2651 Optimum
1400 2601 1535 2632 sortasse
1552 2600 1649 2632 fuerit
1662 2601 1823 2639 incensos,
1841 2599 1868 2631 si
1883 2599 1958 2631 libri
1974 2600 2165 2632 addicerent.

1280 2663 1447 2714 qaudens]
1473 2664 1603 2709 Hymen
1627 2663 1784 2706 intelligo.
1796 2663 1901 2696 erc.
1916 2679 1962 2687 —·
1985 2663 2054 2696 Sed
2076 2663 2164 2695 femi—
