2310 2860
227 199 311 242 100

808 195 1008 238 Martiani
1047 193 1246 250 Capellae
1282 193 1354 236 lib.
1377 192 1410 235 Ι.
1447 196 1479 246 §.
1504 195 1573 236 55.

221 308 413 350 Fortuna
438 315 476 346 et
499 303 725 356 Valitudo,
755 304 1007 358 Favorque,
1039 302 1209 352 Pastor,
1240 301 1443 342 Manibus
1473 300 1684 354 1—efutati53
1719 301 1878 357 quippe
1908 300 1952 341 hi
1984 300 2025 340 in
2057 311 2164 339 con—

221 447 254 473 et
280 441 318 471 ab
347 451 386 471 eo
416 450 474 470 sua
499 438 620 470 habens
644 437 807 469 Plutarch.
833 437 866 468 in
891 434 1032 467 Romulo
1059 445 1089 476 p.
1112 432 1170 463 23.

218 500 436 542 Augustinsi,
458 501 514 530 11.
540 499 663 530 Arnob.
679 501 712 531 5.
734 511 766 542 p.
780 499 860 529 115.
881 496 966 527 Add.
984 494 1079 526 ovid.
1099 494 1170 523 fast.

218 564 260 602 5,
290 560 523 593 199.Tertull.
554 560 593 591 ad
613 566 677 591 nat.
704 560 745 598 2,
775 560 839 598 ll,
870 558 908 588 (le
933 555 1103 600 spectacul.
1124 553 1169 597 5).

217 625 368 669 Inprimis
392 630 502 656 notatu
525 624 620 665 digna
641 622 805 666 inscriptio
829 626 894 660 est,
918 632 1011 662 quam
1034 619 1066 649 in
1085 619 1168 649 circo

217 690 365 720 effossam
385 688 602 719 Tertullianus
629 686 746 730 prodit,
770 685 864 727 hujus
883 683 1010 727 quidem
1031 681 1169 713 tenoris:

221 750 372 782 »Consus
394 751 546 787 consilio,
568 748 655 780 Mars
679 747 805 786 duello,
835 746 935 778 Lares
959 744 1086 777 comitio
1105 743 1169 787 (vel

215 816 251 842 ut
282 810 461 843 Salmasius
497 810 537 841 ad
567 809 670 841 Solin.
694 808 761 840 vult
796 807 918 838 »colio«
954 805 992 836 al.
1026 805 1161 837 »Coilo«

212 874 305 905 Mau.
333 875 403 905 Etr.
429 874 471 906 II.
494 873 551 905 94.
575 885 605 904 n.
629 871 701 915 51.)
730 876 906 915 potentes-u
937 868 1073 900 Plurimi
1097 868 1165 912 qui-

212 937 285 968 dem
308 937 492 981 Neptunum
523 941 702 979 equestrem
733 934 869 965 eundem
902 945 996 976 quem
1022 933 1168 964 Consum

211 1009 284 1030 csse
314 1000 468 1029 affirmant
496 997 577 1041 (Liv.
604 997 641 1035 1,
664 996 698 1027 9.
724 994 815 1027 Serv.
842 995 881 1025 ad
903 993 986 1025 Aen.
1013 996 1052 1033 8,
1083 994 1166 1025 656.

209 1060 335 1092 Auson.
350 1061 424 1093 Eid.
444 1061 499 1092 12.
522 1059 691 1102 monosyll.
708 1059 778 1089 Dis.
793 1057 902 1101 Epigr.
920 1059 979 1097 69,
997 1059 1029 1088 9.
1043 1056 1166 1088 Ascon.

208 1123 242 1154 in
267 1124 334 1155 Cic.
355 1124 449 1156 Verr.
477 1124 509 1162 1,
536 1124 589 1154 10.
617 1122 751 1152 llieron.
777 1121 810 1152 in
835 1121 898 1151 vita
919 1120 1021 1151 Hilar.
1041 1132 1066 1151 c.
1087 1119 1164 1163 16),

210 1186 389 1229 Dionysius
422 1191 527 1217 autem
552 1183 848 1215 llalicarnassensis
876 1183 991 1223 tradit,
1014 1182 1075 1214 alia
1099 1183 1166 1226 opi-

206 1249 304 1281 nione
325 1248 421 1280 statui
442 1249 554 1280 »ludos
577 1248 705 1291 quidem
721 1252 886 1291 equestres
906 1246 1058 1290 Neptuno
1077 1246 1163 1277 fieri:

207 1322 293 1342 aram
328 1322 404 1341 vero
439 1310 676 1341 subterraneam
713 1309 850 1352 positam
884 1308 990 1340 Genio
1027 1308 1162 1347 cuidam,

206 1372 298 1414 cujus
321 1384 438 1404 nomen
459 1372 601 1415 proferre
624 1371 712 1401 nefas
732 1369 790 1409 sit,
814 1368 969 1411 δαίμονι
990 1365 1158 1415 ἆρῥήτῳ,

205 1434 404 1466 occultorum
427 1432 633 1465 consiliorum
655 1430 729 1462 duci
753 1435 786 1461 et
810 1430 965 1461 custodi.«

277 1493 437 1538 Fortuna]
466 1493 602 1524 Difficile
630 1492 717 1523 dictu
743 1496 793 1522 est
820 1503 976 1534 quaenam
998 1491 1049 1522 hic
1067 1489 1160 1522 intel-

202 1557 258 1599 ligi
288 1557 426 1597 debeat,
455 1556 512 1587 sed
537 1555 751 1587 verisimiliter
774 1555 1012 1597 antiquissima,
1041 1555 1159 1597 quippe

202 1621 253 1651 eni
271 1620 337 1661 jam
353 1619 486 1651 Servius
503 1619 630 1649 Tullius
653 1619 761 1647 fanum
781 1629 882 1658 prope
904 1615 1047 1647 Tiberim
1069 1622 1160 1645 extra

201 1683 312 1713 urbem
343 1681 536 1712 dedicaverit
570 1679 688 1721 (Varro
721 1678 760 1708 de
787 1677 826 1708 L.
859 1677 896 1707 L.
923 1678 954 1708 5.
980 1689 1010 1719 p.
1034 1678 1081 1707 55
1105 1675 1158 1719 lt),

201 1749 234 1774 ct
256 1743 347 1783 cujus
377 1741 410 1771 in
440 1742 595 1770 honorem
622 1737 793 1780 quotannis
819 1738 938 1767 festum
965 1737 1159 1767 celebratum

199 1805 298 1837 fuerit
322 1803 431 1847 (Ox-id.
456 1802 527 1832 fast.
546 1802 580 1841 6,
609 1799 715 1842 775),
741 1799 793 1829 vel
819 1811 866 1840 ca:
897 1811 979 1842 quae
999 1799 1084 1829 dicta
1109 1804 1158 1829 est

199 1867 328 1911 publica
350 1865 494 1896 Fortuna
524 1860 633 1905 (Ovid.
663 1860 735 1891 fast.
756 1859 798 1899 4,
821 1860 904 1890 576.
926 1860 964 1890 Ρ.
983 1859 1097 1890 'Victor
1123 1859 1158 1890 in

200 1931 270 1961 urb.
288 1928 418 1969 regione
437 1925 484 1969 6.)
514 1925 579 1956 six-c
598 1924 707 1967 populi
723 1923 866 1954 Fortuna
886 1924 1037 1965 potentis,
1064 1923 1155 1965 eujus

199 1993 318 2022 festum
335 1989 382 2020 IX
398 1988 471 2020 Ral.
487 1987 564 2018 Jun.
584 1985 616 2016 in
643 1983 839 2017 Ralendario
859 1984 984 2028 (Burm.
999 1984 1040 2016 ad
1059 1983 1155 2016 ovid.

201 2056 273 2087 fast.
298 2066 327 2095 p.
348 2052 436 2093 262)
460 2054 598 2082 notatur.

279 2110 445 2156 Valitudo]
474 2109 631 2153 Quamvis
660 2109 778 2139 bonam
806 2107 1044 2149 intelligendam
1071 2121 1154 2150 esse,

202 2185 285 2218 quae
315 2184 409 2216 saepe
439 2171 584 2214 Hygieae
611 2169 663 2200 vel
689 2168 812 2200 Salutis
849 2169 927 2200 deae
952 2170 1079 2201 nomine
1108 2171 1154 2201 in-

201 2235 345 2273 venitur,
373 2231 564 2274 conjeceris,
591 2241 687 2273 supra
704 2234 808 2260 tamen
828 2228 870 2273 (ξ.
889 2230 951 2273 45)
974 2230 1071 2262 Salus
1094 2231 1153 2263 dea

199 2299 265 2341 jam
281 2296 417 2329 adcitata
435 2301 510 2327 erat.
524 2295 640 2326 Restat
657 2293 753 2334 igitur
769 2298 805 2323 nt
825 2293 864 2324 ad
889 2294 1047 2336 duplicem
1064 2295 1153 2327 verbi

202 2360 293 2390 valeo
315 2368 444 2389 sensum
463 2355 638 2399 respiciens
660 2353 836 2385 Martianus
857 2355 1079 2387 Valitndinem
1098 2357 1151 2388 de-

203 2432 270 2459 am,
300 2418 392 2462 quasi
413 2416 573 2454 validam,
598 2414 725 2446 finxerit
748 2427 806 2458 pro
826 2415 897 2456 illa,
923 2429 1003 2460 quae
1023 2418 1150 2450 nominc

207 2482 377 2513 Valentino
411 2477 495 2522 apud
528 2476 700 2518 scriptores
735 2475 853 2519 (Solia.
885 2478 923 2509 ab
955 2479 1023 2511 init.
1056 2492 1081 2511 e.
1116 2479 1150 2523 1)

202 2542 321 2586 pariter
343 2545 437 2583 atque
461 2538 494 2569 in
516 2536 724 2568 marmoribus
748 2536 855 2580 (Grut.
875 2539 917 2579 2,
944 2541 1003 2583 12)
1024 2541 1148 2581 legitur,

275 2602 406 2648 Pastor]
428 2600 589 2646 Gyraldus
613 2599 704 2633 citat:
720 2600 916 2646 anworque,
935 2603 1060 2636 Pavore
1078 2605 1150 2649 (pro

1220 430 1350 473 Pastor)
1381 436 1412 461 ct
1444 430 1594 462 Manibus
1629 432 1799 464 refutatis«
1843 432 1965 463 Probe:
1994 431 2056 462 nisi
2083 430 2165 461 sorte

1221 493 1349 523 Pallon-e
1383 491 1546 535 scripserit
1572 492 1764 532 Martianus,
1795 493 1881 536 quod
1914 492 2045 537 propius
2074 493 2166 524 abest

1221 567 1240 586 a
1259 556 1359 587 veteri
1386 568 1442 587 seu
1466 556 1640 587 inveterata
1663 556 1826 599 scriptura.
1863 557 1907 588 Et
1928 557 2107 596 Pauorem,
2134 560 2167 587 et

1220 619 1388 659 Pavorem,
1414 620 1492 650 deos
1514 619 1630 659 fuisse,
1653 630 1746 650 nemo
1769 625 1819 650 est
1843 620 1896 662 qui
1916 620 2045 651 neseiat.
2061 620 2164 651 Gna-r.

1221 704 1268 708 —--
1296 684 1371 726 Quo
1401 695 1441 714 ex
1473 683 1582 715 codice
1611 683 1772 726 Gyraldus
1802 682 1970 714 lectionem
1998 683 2085 713 illam
2111 684 2165 713 ha-

1220 744 1341 785 buerit,
1370 745 1526 776 incertum
1549 750 1614 776 est:
1631 744 1778 787 equidem
1799 744 1832 775 in
1855 743 1944 775 nullo
1962 756 2029 775 cam
2051 743 2165 787 reperi.

1220 808 1287 840 Sed
1313 813 1345 839 et
1371 808 1506 840 Grotius
1536 809 1604 851 ipse
1632 808 1794 849 vulgarem
1814 807 1983 839 lectionem
2010 807 2164 839 invetera—

1219 875 1283 900 tam
1308 881 1379 901 esse
1398 871 1532 910 fatetur,
1567 875 1761 913 quapropter
1789 869 1867 900 nihil
1889 880 1985 899 ausus
2011 879 2081 899 sum
2099 880 2166 899 mu-

1219 937 1305 972 tare,
1336 931 1523 975 praesertim
1540 943 1638 974 quum
1653 937 1764 974 pastor
1780 931 1833 962 ille
1848 931 1985 962 ss‘omins
2002 942 2073 961 esse
2093 941 2165 973 pos-

1219 993 1278 1033 sit,
1301 1005 1366 1024 non
1388 993 1516 1037 quidem
1537 993 1702 1034 legislator
1723 992 1806 1037 (Cic.
1820 993 1862 1026 N.
1880 993 1923 1025 I).
1940 994 1981 1031 5,
2004 991 2083 1034 25),
2108 991 2167 1023 scd

1218 1052 1296 1089 ἀπὸ
1319 1053 1391 1099 τῆς
1410 1053 1550 1099 νομῆς,
1582 1060 1616 1085 ut
1637 1054 1770 1086 Servius
1795 1054 1835 1085 ad
1856 1055 1953 1085 hosce
1966 1053 2095 1094 Virgilii
2120 1052 2168 1097 (m

1218 1116 1338 1157 Geor-g.
1361 1117 1395 1155 5,
1420 1115 1453 1158 1)
1475 1127 1604 1155 versus,
1628 1116 1667 1146 ad
1688 1128 1768 1159 quos
1791 1116 1973 1159 respexisse
1989 1115 2166 1149 Martianus

1216 1180 1357 1218 videtur,
1383 1191 1560 1220 cognomen
1584 1178 1666 1210 iflud
1687 1179 1930 1222 interpretatur:

1268 1242 1337 1273 oTe
1363 1253 1510 1288 quoqne,
1534 1253 1652 1285 maqna
1675 1240 1791 1282 Pales,
1815 1247 1847 1274 el
1873 1246 1926 1280 ie,
1949 1239 2165 1279 memorande,

1616 1316 1767 1336 canemus
1773 1327 1786 1344 ,

1261 1369 1379 1401 Pastor
1404 1370 1443 1400 ab
1464 1369 1676 1412 Amplnryso.a

1212 1428 1366 1461 Attamen
1387 1442 1452 1461 non
1476 1430 1661 1473 repugnabo
1688 1429 1717 1461 si
1741 1427 1812 1472 quis
1830 1427 1920 1459 Pana
1947 1427 2095 1459 maluerit
2117 1427 2164 1459 in—

1211 1491 1376 1533 telligere,
1418 1492 1535 1536 quippe
1574 1502 1669 1534 quem
1707 1490 1870 1521 Homerus
1901 1490 1995 1520 ctiam
2028 1485 2165 1531 νόμιον

1210 1550 1306 1587 θεὸν
1336 1553 1503 1595 appellarit
1533 1552 1618 1595 (add.
1642 1552 1784 1584 Pausan.
1805 1552 1847 1590 8,
1881 1552 1947 1590 58,
1979 1549 2028 1593 8).
2071 1550 2162 1592 Quin

1211 1614 1306 1642 etiam
1327 1613 1430 1642 fatcor
1450 1613 1530 1642 illud
1553 1624 1614 1656 que
1636 1612 1707 1642 voci
1719 1612 1830 1642 Fauor
1846 1611 2030 1653 adjunctum
2047 1611 2163 1655 Gyral-

1211 1674 1322 1702 dianae
1346 1674 1477 1703 lectioni
1500 1673 1618 1705 favere.
1646 1673 1773 1716 Cuique
1797 1685 1847 1704 me
1871 1675 2033 1706 audaciori
2054 1675 2164 1707 licebit

1209 1732 1383 1763 intextum
1405 1733 1546 1776 recipere
1578 1732 1722 1764 »Pavore
1747 1739 1779 1764 et
1803 1734 1953 1767 Manibus
1977 1736 2155 1771 refutatis.-

1208 1795 1281 1837 Ego
1309 1808 1383 1827 vero
1406 1796 1563 1837 judicium
1584 1808 1689 1828 meum
1715 1798 1889 1841 suspendo.

1284 1858 1438 1889 Manibus
1461 1857 1626 1903 refutatis]
1653 1859 1692 1890 Id
1716 1864 1781 1889 est:
1797 1859 1857 1890 diis
1881 1859 1992 1891 inferis
2008 1860 2159 1904 repulsis.

1205 1920 1371 1952 Vam—
1395 1921 1498 1960 Male,
1523 1920 1551 1951 si
1573 1921 1651 1964 quid
1673 1921 1778 1955 video.
1805 1923 1894 1954 Deos
1921 1924 2006 1955 enim
2027 1924 2159 1966 inferos,

1206 1984 1390 2023 Plutonem,
1413 1984 1582 2025 vejovem,
1603 1985 1788 2028 neutiquam
1811 1986 1960 2029 repulsos
1979 1988 2036 2019 scd
2049 1988 2159 2032 potius

1207 2046 1361 2077 adcitatos
1384 2045 1483 2077 fuisse
1505 2058 1545 2077 ex
1559 2046 1630 2090 ipso
1653 2047 1812 2079 Martiano
1829 2048 1931 2091 liquet
1950 2048 1995 2092 (ξ.
2007 2049 2067 2082 47.
2083 2047 2157 2093 59).

1206 2107 1355 2140 Manibus
1391 2112 1513 2147 autem,
1554 2106 1718 2151 Appulejo
1748 2115 1830 2140 teste
1858 2110 1910 2152 (de
1939 2109 1999 2140 deo
2027 2108 2156 2145 socrat.

1206 2183 1239 2214 p.
1258 2170 1327 2200 155
1351 2167 1529 2211 Oudend.)‚
1552 2180 1617 2200 non
1636 2170 1699 2201 nisi
1726 2170 1875 2201 »honoris
1904 2170 2003 2210 gratia
2029 2171 2082 2202 dei
2101 2183 2156 2204 vo-

1204 2230 1351 2264 cabulum
1377 2230 1518 2261 additum
1539 2237 1624 2271 cst«,
1655 2242 1752 2273 quum
1781 2230 1937 2261 incertum
1961 2231 2018 2272 sit,
2055 2244 2156 2277 »quae

1203 2292 1317 2335 cuique
1344 2302 1453 2322 eorum
1485 2291 1609 2322 sortitio
1642 2290 1798 2331 evenerit,
1835 2297 1940 2322 utrum
1961 2292 2027 2324 Lar
2050 2294 2092 2325 sit
2114 2306 2156 2327 an

1201 2354 1322 2385 Lai-va«
1353 2353 1483 2396 quippe,
1508 2352 1622 2395 inquit,
1649 2358 1787 2383 »tantum
1809 2364 1865 2384 eos
1884 2353 1961 2384 deos
1979 2355 2154 2399 appellant,

1202 2414 1258 2458 qui
1291 2425 1331 2445 ex
1364 2414 1478 2444 eodem
1512 2425 1644 2444 numero
1675 2414 1762 2455 juste
1797 2426 1833 2445 ac
1865 2415 2040 2458 prudenter
2069 2417 2154 2449 vitae

1201 2475 1359 2510 curriculo
1381 2476 1569 2517 gubernato,
1592 2488 1651 2519 pro
1669 2476 1797 2508 nmnine
1820 2483 1933 2521 postea
1957 2478 1996 2509 ab
2018 2479 2150 2512 homini-

1200 2541 1260 2572 bus
1277 2539 1405 2583 proditi,
1426 2539 1507 2570 sanis
1523 2545 1555 2571 et
1576 2539 1774 2572 caerimoniis
1793 2541 1888 2584 vulgo
1906 2542 2144 2577 advertuntur.-

1199 2601 1331 2646 Anceps
1356 2601 1453 2643 igitur
1469 2601 1611 2633 Manium
1629 2602 1799 2647 appellatio
1818 2608 1877 2644 est,
1898 2603 1972 2647 quia
1993 2604 2148 2637 incertum
