2310 2860
726 144 926 187 Martiani
966 143 1164 201 Capellae
1203 145 1274 187 lib.
1299 145 1377 189 IV.
1417 148 1450 199 ᾗ.
1486 146 1590 190 425.

583 251 766 296 Dudum
800 252 942 293 locuta
973 251 1215 293 circulatrix
1246 252 1443 293 indecens

573 335 669 378 Fies
700 333 888 390 profecto
918 331 1115 388 decipula
1126 365 1138 385 ,
1183 334 1216 374 si
1248 333 1520 376 adstruxeris.

572 417 770 459 Facessat
799 429 897 469 ergo
928 413 1092 455 versilis
1124 414 1411 470 profunditas,

572 497 900 552 Reliquumque
930 503 1099 550 tempus
1131 495 1307 550 liqueris
1338 496 1570 537 sororibus.

175 580 249 622 His
281 579 433 622 auditis
465 580 696 622 Dialectica
725 576 1025 620 cunctabunda
1056 575 1308 632 paululum,
1349 585 1493 618 tamen
1522 576 1648 618 divae
1676 577 1909 634 praeceptis
1941 579 2132 634 paritura
2161 574 2252 617 424

174 661 410 717 respondit:

490 741 770 784 venerandos
801 740 909 781 mihi
946 739 1057 781 fatus
1095 738 1443 794 reverendosque
1473 748 1616 780 secuta

490 822 693 864 Referam
723 822 838 876 jussa
878 821 1055 877 pedem,
1102 829 1228 873 atquc
1259 819 1369 860 ilicet
1405 835 1554 862 exorsa
1584 819 1779 862 silebunt.

490 904 609 946 Licet
638 919 771 946 unam
810 903 952 945 decuit
990 905 1131 959 jussae
1175 902 1419 958 permittere
1451 901 1649 958 culpam,

491 983 554 1024 Ut
583 983 755 1025 honoris
786 984 921 1039 pretio
959 984 1128 1025 cederet
1161 984 1320 1025 inferre
1352 983 1530 1034 relatus,

493 1063 710 1117 Populum
743 1062 1082 1119 Cecropidarum
1114 1065 1222 1107 bene
1253 1081 1340 1122 quo
1370 1066 1644 1122 palliatarum
1687 1105 1691 1111 ,

488 1142 688 1186 Bromius
719 1145 959 1201 conciperet
994 1146 1230 1187 contumias
1261 1161 1384 1187 nosse
1413 1146 1580 1197 dolere,

248 1266 306 1309 fies
335 1265 497 1312 profecto]
528 1267 720 1310 Distinguo:
752 1268 953 1301 »circulatrix
983 1269 1136 1302 indecens

177 1327 235 1359 fles
259 1328 402 1371 profecto
421 1329 568 1372 decipula
591 1330 618 1360 si
640 1330 846 1363 astruxeris.«
879 1330 1065 1362 Exorabnla
1083 1332 1136 1373 jn-

176 1391 364 1432 dicantium,
388 1397 420 1423 et
440 1392 586 1436 decipula
604 1393 856 1433 adversantium,
883 1399 915 1424 et
939 1394 1069 1425 artificia
1090 1394 1135 1425 di-

176 1454 324 1485 centium.
345 1453 451 1487 Gnor.
470 1472 518 1477 —
549 1454 641 1487 Voce
668 1455 813 1498 decipula
837 1460 964 1498 praeter
990 1462 1135 1486 nostrum

176 1523 310 1549 utuntur
339 1523 371 1549 et
395 1517 578 1562 Appulejus
612 1518 658 1562 (in
685 1519 754 1550 flor.
788 1532 819 1562 p.
850 1520 898 1550 87
922 1520 942 1550 fi
964 1518 1069 1562 oud.)
1103 1525 1136 1551 ct

174 1578 376 1623 Apollinaris
400 1579 556 1612 Sidonius
582 1580 645 1624 (ep.
666 1581 707 1620 8,
732 1581 796 1620 103
825 1592 857 1623 p.
873 1580 946 1612 252
963 1579 1085 1623 Sirm.).

251 1640 398 1687 versilis]
425 1641 474 1673 lta
507 1641 603 1674 etiam
626 1641 715 1674 Saxo
743 1642 979 1674 Grammaticus
1007 1642 1137 1675 »versili

177 1705 313 1750 quadam
336 1705 510 1737 mutatione
532 1705 718 1750 transponi«
744 1705 889 1748 seripsit3
920 1710 967 1736 et:

192 1797 197 1801 ,
227 1785 274 1790 -—
293 1786 340 1790 —-
356 1786 403 1791 —
426 1779 530 1799 »nmzc
552 1768 627 1799 laxo
649 1768 767 1811 poplite
788 1767 903 1799 tendor

226 1828 382 1869 versilis,
406 1830 505 1876 inque
527 1841 626 1861 novos
649 1829 793 1861 converti
811 1839 904 1861 cerea
926 1828 1062 1861 vultum·

177 1887 339 1922 Surium.
356 1891 410 1934 (ad
434 1890 511 1923 Sax.
535 1903 568 1934 p.
584 1890 657 1933 55).

251 1951 428 1997 respondit]
450 1953 725 1985 Ohscurissimum
740 1965 867 1985 carmen
883 1952 1017 1996 ipsoque
1031 1956 1132 1983 metro

176 2014 283 2046 ionico
319 2026 337 2046 a
372 2015 495 2047 minore
525 2020 708 2047 contortum
742 2020 838 2058 atque
868 2013 1055 2058 impeditum
1087 2013 1134 2046 sic

177 2078 340 2120 intelligo:
371 2078 511 2111 »Secuta
533 2079 618 2110 fatus
649 2078 846 2111 reverendos
873 2078 952 2109 mihi
982 2082 1016 2109 et
1038 2089 1133 2109 vene-

177 2141 296 2174 randos
319 2142 454 2174 reseram
469 2142 563 2184 jussa
582 2142 716 2186 pedem,
743 2154 889 2187 quaeque
910 2153 1024 2173 exorsa
1049 2152 1134 2172 eram

178 2203 283 2236 dicere
301 2204 432 2236 mittam.
460 2204 654 2249 Quanquam
672 2216 768 2236 unam
788 2203 913 2236 veniam
934 2204 1009 2235 dare
1027 2202 1135 2234 decuit

175 2266 297 2309 jussae,
320 2273 355 2299 ut
369 2268 478 2299 Pallas
497 2268 630 2300 honoris
646 2269 747 2310 gratia
767 2268 964 2312 permitteret
986 2278 1133 2309 regerere

180 2341 217 2362 ca
241 2342 322 2374 quae
353 2331 503 2362 Bacchus
531 2343 629 2376 supra
661 2330 704 2376 (ἓ.
722 2331 811 2375 551)
838 2331 1069 2363 contumeliose
1099 2330 1134 2362 in

179 2405 230 2426 me
257 2393 410 2436 conjecit,
442 2406 506 2438 quo
535 2395 730 2438 intelligeret
756 2396 912 2440 populum
938 2395 1132 2439 Cecropida-

178 2468 250 2489 rum
267 2457 350 2489 hene
371 2469 468 2489 nosse
488 2457 596 2491 dolere
611 2459 832 2500 contumelias,
857 2459 1021 2503 magisque
1040 2470 1136 2503 quam

179 2521 358 2554 crediderat
386 2521 547 2566 vipeream
574 2534 708 2556 noscere
737 2529 864 2567 posset,
895 2529 927 2555 ct
954 2535 1049 2567 quam
1077 2523 1134 2554 du-

179 2584 254 2616 dum
272 2585 405 2618 inertem
428 2585 584 2627 habuerit,
609 2585 747 2619 Marsica
765 2587 1001 2632 praestigiatrix
1019 2586 1126 2618 fieret«

1188 1275 1246 1301 cet.
1273 1268 1410 1311 Singula
1440 1274 1545 1299 tamen
1574 1267 1670 1300 verba
1696 1273 1859 1312 praestare
1883 1267 2010 1300 minime
2039 1268 2142 1300 velim.

1261 1330 1523 1376 Cecropidmwm]
1553 1331 1804 1376 Cecropidarnm
1820 1332 1900 1363 dixit
1919 1332 2070 1364 feminine
2089 1337 2144 1363 aut

1187 1396 1406 1426 communiter.
1440 1395 1575 1427 Juven.:
1610 1395 1817 1427 »Fortissima
1855 1395 2137 1439 Tyndaridarumm

1185 1456 1270 1488 Vide
1293 1456 1375 1488 infra
1396 1456 1430 1487 in
1456 1455 1541 1487 uotis
1570 1456 1609 1486 ad
1635 1456 1807 1496 Musicam,
1836 1456 1890 1488 uhi
1914 1457 1952 1488 de
1977 1456 2144 1488 Tritonida

1186 1519 1298 1551 (licam.
1331 1520 1483 1552 Ceterum
1514 1530 1647 1560 magnus
1678 1531 1767 1550 error
1789 1519 1823 1550 iu
1851 1520 1912 1551 hoc
1937 1531 2047 1550 versu:
2071 1531 2144 1551 nam

1184 1583 1310 1614 tertiam
1335 1582 1489 1625 syllabam
1511 1582 1543 1613 in
1572 1583 1780 1624 palliatarum
1801 1582 1962 1625 corripuit.
1990 1583 2144 1615 Ceterum

1193 1644 1292 1674 »bene
1320 1644 1486 1687 palliatasu
1523 1648 1608 1674 artes
1633 1642 1712 1673 (lixit
1734 1643 1857 1675 Graeca
1881 1644 1989 1686 phrasi
2013 1640 2142 1689 εὖκνη-

1184 1707 1292 1749 μῐὸες
1315 1700 1466 1749 ἄχαιοὶ.
1481 1703 1647 1736 Gnor.-—
1669 1704 1759 1735 Bene
1782 1704 1821 1735 ad
1845 1716 1937 1736 nosse
1960 1704 2069 1748 potius
2093 1717 2142 1736 re-

1183 1766 1351 1799 ferendum
1370 1766 1439 1797 erit.
1465 1766 1516 1797 De
1537 1764 1647 1809 pallio,
1670 1765 1814 1798 Graecae
1833 1765 1996 1798 doctrinae
2014 1766 2144 1809 insigni,

1184 1831 1257 1863 vide
1284 1830 1482 1875 superiorem
1507 1834 1616 1860 notam
1640 1828 1695 1872 (ad
1718 1828 1748 1874 ξ.
1765 1829 1861 1872 215).

1260 1892 1452 1938 contmm‘as]
1479 1893 1699 1925 Contumelias
1726 1898 1757 1925 ct
1778 1892 1965 1926 derisiones.
1976 1893 2079 1927 Vch.
2095 1915 2143 1920 —

1185 1954 1374 1988 Contmnias
1397 1951 1496 1988 κατὰ
1516 1952 1724 2000 συγκοπὴν
1745 1966 1804 1998 pro
1828 1956 2046 1988 contumelias.
2073 1955 2146 1988 Nisi

1185 2018 1227 2049 sit
1262 2018 1432 2050 certumias
1468 2016 1689 2064 κερτομίας,
1738 2022 1774 2048 ut
1804 2017 1935 2049 latumia
1962 2018 2141 2063 λατθμία.

1183 2081 1358 2123 Vulgatam
1386 2081 1558 2113 lectionem
1585 2086 1693 2112 tuctur
1723 2079 1835 2114 GIOSS.
1858 2081 1991 2123 Isidori,
2019 2082 2053 2114 in
2081 2095 2144 2126 qua

1184 2145 1328 2177 invenio:
1347 2144 1500 2177 »catumia
1517 2144 1551 2189 (l.
1565 2143 1740 2189 eontumia)
1758 2145 1987 2187 contumelia«,
2003 2153 2036 2178 et
2053 2145 2143 2178 alibi:

1191 2208 1388 2248 »contumia‚
1417 2207 1544 2240 derisio.
1552 2222 1562 2237 «ι
1581 2207 1687 2241 Gnor.

1260 2281 1356 2302 nosse
1377 2267 1496 2314 dolere]
1523 2269 1612 2311 Lege
1637 2280 1751 2302 »nosse
1773 2270 1904 2302 dolere«
1939 2268 2064 2302 Sensus
2093 2275 2140 2300 to-

1185 2338 1237 2365 tus
1260 2333 1312 2365 hie
1335 2339 1398 2365 est:
1414 2333 1489 2365 Hoc
1511 2337 1618 2365 tamen
1638 2346 1736 2365 unum
1753 2334 1849 2366 velim
1872 2333 1948 2365 mihi
1965 2333 2141 2366 Minervam

1184 2395 1380 2439 permittere,
1403 2400 1440 2425 ut
1461 2395 1626 2438 concedar,
1652 2407 1703 2426 me
1723 2406 1782 2438 pro
1800 2396 1922 2426 honore
1943 2405 2013 2425 meo
2035 2392 2141 2437 aliqua

1185 2459 1320 2499 referre,
1350 2469 1414 2501 quo
1436 2458 1584 2490 Bacchus
1609 2457 1678 2502 (qui
1697 2458 1846 2490 videlicet
1867 2456 2075 2488 Dialecticam
2099 2456 2140 2489 ir-

1185 2522 1304 2566 riserit)
1334 2522 1436 2554 diseat
1464 2534 1526 2554 nos
1554 2526 1639 2554 artes
1673 2521 1766 2554 ctiam
1798 2519 1884 2561 tangi
1909 2525 1941 2551 ct
1968 2520 2040 2562 angi
2069 2520 2140 2552 istis

1186 2585 1404 2627 contumeliis,
1442 2591 1476 2618 et
1519 2585 1638 2619 sentiat
1675 2583 1776 2625 magis
1808 2582 1999 2627 viperinam,
2046 2597 2140 2629 quain
