2310 2860
1977 142 2076 177 xvu

127 243 381 299 patiebatur.
436 243 551 285 Nam
583 243 616 284 si
652 243 705 284 ab
728 243 888 299 integro
919 257 984 283 res
1009 242 1262 285 instituenda
1291 243 1454 294 fuisset,
1487 245 1642 285 multos
1667 245 1768 286 alios
1800 247 1912 287 viros
1938 247 2080 289 doctos

127 322 229 363 huic
260 323 422 378 negotio
448 323 781 365 administrando
811 325 933 378 longe
965 325 1096 379 magis
1126 324 1298 366 idoneos
1330 326 1420 366 fore
1451 325 1756 380 intelligebam,
1786 328 1944 381 Koppii
1979 342 2080 368 vero

127 403 307 444 rationes
348 404 566 444 neminem
609 404 760 444 melius
801 417 932 457 quam
975 416 1045 441 1110
1082 411 1200 443 notas
1238 403 1398 444 habero
1430 419 1682 459 persuasum
1716 416 1822 457 erat,
1866 421 1971 460 quas
2004 407 2078 447 etsi

125 485 380 539 neutiquam
425 499 573 525 omnes
614 484 865 539 probarem,
908 492 1050 523 tamen
1081 484 1389 538 religiosissime
1429 485 1657 526 servandas
1696 488 1954 538 arbitrabar,
2012 503 2079 539 no,

127 563 244 619 quod
269 564 380 605 illius
404 579 560 605 nomen
585 578 685 619 prae
710 579 756 604 so
778 564 928 614 ferret,
964 564 1100 605 alieno
1124 566 1289 620 ingenio
1314 566 1600 620 conscriptum
1632 566 1863 619 videretur,
1885 568 2078 622 operisve

125 643 382 684 concinnitas
421 658 473 684 ex
511 643 825 698 propositorum
869 641 1109 683 diversitate
1148 644 1371 686 laboraret.
1435 646 1647 700 Quamvis
1688 648 1814 702 igitur
1858 659 2079 691 externam

124 724 381 765 schedarum
412 723 597 763 formam
631 723 786 777 passim
826 722 1099 776 relinxcrim,
1128 725 1228 766 alias
1258 727 1301 767 in
1332 726 1505 768 brevius
1541 730 1847 780 contraxerim,
1894 731 2079 772 aliarum

125 804 317 845 ordinem
363 803 646 855 mutaverim,
700 803 925 844 nonnullas
977 806 1103 846 etiam
1158 821 1332 861 prorsus
1378 806 1658 857 resecuerim,
1719 808 1890 862 vestigia
1936 819 2078 850 tamen

123 885 315 940 ipsarum
345 884 510 925 nonnisi
539 883 597 924 ibi
626 883 814 934 deserui,
859 884 934 924 ubi
968 896 1039 927 aut
1066 897 1207 942 aperte
1238 903 1400 930 errasse
1432 897 1504 929 aut
1533 903 1588 928 nc
1617 888 1694 928 sibi
1727 889 1867 943 ipsum
1901 891 2077 944 quidem

125 965 350 1007 constitisse
373 965 596 1020 Koppium
624 964 1030 1018 animadvertermn3
1074 967 1126 1007 do
1153 983 1250 1009 meo
1281 983 1418 1024 pauca
1450 977 1613 1008 tantum
1655 983 1706 1008 ex
1743 970 1955 1009 veteribus
1986 970 2077 1024 ple-

122 1060 311 1100 rumque
341 1046 615 1101 scriptoribus
646 1046 801 1100 adjeci,
841 1061 953 1100 quae
977 1061 1115 1101 quum
1141 1048 1195 1089 ad
1229 1046 1527 1088 illustrandum
1550 1045 1810 1087 Martianum
1836 1058 2077 1102 opportuna

123 1137 276 1178 essent,
323 1127 446 1167 illum
487 1136 628 1168 tamen
667 1143 752 1168 non
784 1128 1027 1169 adhibuisse
1065 1130 1255 1171 viderem
1268 1162 1283 1180 ,.
1319 1129 1388 1171 vel
1421 1129 1521 1183 quia
1554 1129 1719 1169 Graeca
1750 1130 1837 1169 sine
1869 1131 2079 1185 iuterpre-

122 1209 275 1250 tatione
297 1207 449 1249 Latina
482 1223 605 1264 aegre
635 1209 821 1264 legebat,
859 1210 926 1250 vel
958 1210 1058 1263 quia
1089 1211 1281 1253 nondum
1315 1210 1367 1251 ad
1397 1210 1530 1264 ipsius
1561 1210 1749 1250 notitiam
1780 1220 2075 1265 pervenerant.

125 1287 225 1336 Quo
258 1302 314 1328 ex
343 1303 495 1342 genero
530 1289 598 1329 hic
629 1290 824 1345 inprimIs
854 1291 1137 1331 nominandus
1175 1299 1235 1330 est
1273 1288 1720 1343 Mythographorum,
1767 1304 1873 1343 quos
1908 1292 2077 1345 primus

123 1384 262 1424 nuper
293 1384 346 1409 ex
384 1369 510 1409 codd.
544 1370 756 1410 Vaticanis
794 1372 980 1425 Angelus
1011 1372 1152 1424 Maju's
1192 1369 1339 1419 edidit,
1386 1369 1552 1419 tertius,
1602 1383 1732 1423 quem
1772 1383 1887 1409 nunc
1917 1369 2077 1424 proba-

123 1448 260 1489 biliter
297 1447 549 1501 Magistrum
589 1448 836 1488 Albericum
882 1450 1146 1504 appellamus
1178 1451 1239 1500 *);
1283 1449 1406 1500 cujus
1448 1449 1521 1487 etsi
1559 1462 1704 1488 raram
1744 1449 2000 1488 mentionem
2030 1449 2076 1489 in·

118 1525 429 1574 ‚commentario
468 1525 681 1576 invenies,
723 1541 860 1580 quum
901 1527 1114 1581 plurimus
1161 1528 1252 1579 ejus
1291 1540 1392 1566 usus
1435 1526 1476 1564 in
1511 1525 1680 1566 duobus
1712 1527 1924 1580 prioribus
1957 1527 2074 1568 libris

124 1622 213 1648 esse
241 1605 457 1658 debuerit,
488 1606 542 1646 ob
567 1606 774 1661 idipsum
807 1606 877 1646 hic
901 1620 1002 1646 eum
1033 1605 1129 1647 data
1160 1620 1290 1661 opera
1320 1604 1751 1645 commemorandum
1778 1605 1904 1657 duxi3
1934 1605 2074 1646 fuerat

124 1688 228 1731 adeo
263 1702 402 1743 quum
433 1702 580 1728 omnes
618 1687 731 1727 illius
770 1687 905 1738 locos,
951 1686 1027 1741 qui
1057 1687 1318 1728 Martianum
1358 1695 1617 1741 spectarent,
1664 1685 1715 1726 ad
1746 1686 1904 1727 calcem
1936 1688 2073 1742 operis

123 1770 380 1825 subJ‘ungere
417 1770 740 1820 constitueram,
782 1767 857 1808 sed
887 1768 969 1808 hoc
998 1768 1174 1824 quidem
1205 1766 1427 1808 consilium
1461 1765 1594 1819 abjeci
1624 1765 1679 1805 ob
1712 1767 1893 1807 nimium
1921 1782 2072 1809 corum

123 1865 358 1892 numerum
398 1850 719 1903 ambitumque,
766 1848 1014 1902 praesertim
1061 1863 1200 1902 quum
1236 1846 1356 1887 Bodii
1400 1845 1550 1885 merito
1588 1859 1702 1885 nunc
1743 1846 1870 1887 etiam
1911 1847 2073 1888 facilior

124 1931 274 1972 nostris
315 1930 558 1970 hominibus
600 1929 739 1970 aditus
773 1929 825 1969 ad
866 1943 934 1969 cos
973 1937 1133 1983 pateat3
1185 1927 1400 1968 mentione
1439 1935 1581 1966 tamen
1623 1925 1806 1967 hominis
1845 1942 1894 1968 eo
1932 1928 2077 1969 minus

124 2010 401 2067 supersedere
439 2009 577 2060 volui,
627 2009 729 2063 quia
768 2017 935 2063 praeter
973 2008 1116 2062 ipsum
1147 2007 1410 2049 Martianum
1449 2009 1575 2049 etiam
1606 2017 1796 2049 veterem
1826 2009 1915 2063 ejus
1943 2011 2075 2051 inter-

123 2100 286 2148 pretem
325 2089 570 2143 Remigium
616 2088 1023 2129 Autissiodorensem
1066 2088 1295 2129 identidem
1343 2088 1556 2139 adhibuit,
1611 2089 1734 2140 cujus
1775 2104 1912 2143 quum
1954 2105 2074 2132 com-

125 2169 318 2211 montarii
355 2168 434 2223 ipsi
473 2168 598 2207 etiam
639 2182 753 2208 nunc
791 2169 835 2208 in
870 2168 1132 2208 bibliothecis
1166 2168 1323 2208 lateant
1358 2169 1439 2219 **),
1477 2167 1707 2221 specimina
1740 2169 1912 2222 saltem,
1961 2185 2075 2226 quae

124 2250 208 2290 illic
239 2258 421 2299 exstant,
462 2248 689 2289 lectoribus
725 2248 1009 2290 editoribusve
1049 2249 1177 2289 nostri
1217 2248 1372 2289 futuris
1415 2247 1534 2289 haud
1568 2248 1716 2303 opinor
1746 2250 1908 2305 ingrata
1939 2261 2075 2293 erunt.

224 2375 258 2418 *)
286 2375 383 2409 Conf.
407 2374 496 2408 Frid.
519 2374 642 2406 Jacobs
663 2374 697 2405 in
720 2373 968 2406 Zimmermanni
995 2385 1069 2405 ann.
1095 2370 1219 2414 discipl.
1246 2371 1368 2415 antiqu.
1397 2372 1506 2405 1854.
1536 2383 1568 2406 n.
1598 2372 1682 2406 152.

200 2439 256 2483 **)
282 2441 379 2475 Cous.
407 2441 617 2474 Montfaucon
645 2441 724 2477 bibl.
748 2442 790 2476 Τ.
813 2440 845 2483 Ι,
877 2453 911 2486 p.
932 2441 981 2473 92
1010 2442 1046 2481 113
1073 2440 1171 2474 Fahr.
1197 2439 1275 2474 bibl.
1297 2439 1380 2472 med.
1402 2439 1471 2472 aevi
1499 2440 1537 2471 Τ.
1561 2439 1626 2479 VI,
1654 2452 1683 2483 p.
1704 2440 1796 2479 ⁴187,
1820 2439 1973 2472 lxi-acheri
1999 2438 2070 2472 hist.

127 2502 247 2547 philos,
266 2502 309 2535 T.
332 2502 399 2543 ῙΠ,
436 2514 469 2547 p.
493 2503 579 2536 640.

1632 2573 1682 2604 ΠΙ
